1684 2819
630 148 708 180 LIB.
726 148 750 180 I.
788 148 878 181 CAP.
897 148 950 181 35.
969 148 1022 181 36.
1478 151 1531 190 89

129 255 217 294 deat
243 264 377 292 nemo:
405 258 583 290 verentur
611 251 714 290 enim
741 263 807 298 ne,
835 252 867 290 si
890 263 966 302 quo
990 263 1081 290 casu
1102 251 1269 291 evenerit
1288 256 1330 289 ut
1351 251 1530 301 corporis

126 316 255 362 partes
277 308 465 359 quaedam
487 308 717 358 aperiantur,
739 308 974 358 aspiciantur
994 319 1074 346 non
1095 307 1244 346 decore.
1282 307 1426 346 Nostro
1445 307 1530 358 qui-

128 368 213 405 dem
236 377 344 403 more
368 377 454 403 eum
477 364 700 415 parentibus
722 364 889 415 puberes
910 363 995 411 filii,
1023 376 1110 402 cum
1132 363 1278 402 soceris
1300 362 1429 414 generi
1450 375 1531 402 non

124 423 306 461 lavantur.
343 421 558 459 Retinenda
579 420 694 471 igitur
715 426 773 459 est
788 421 902 459 huius
921 420 1070 471 generis
1087 420 1329 465 verecundia,
1351 431 1529 470 praeser—

124 478 192 516 tim
228 483 364 516 natura
400 477 484 528 ipsa
512 477 694 527 magistra
729 482 765 515 et
800 477 906 515 duce.

125 535 201 572 duo
224 546 360 584 genera
383 533 470 579 sint,
492 545 658 583 quorum
680 533 719 571 in
740 533 859 571 altero
877 538 1056 571 venustas
1074 532 1134 578 sit,
1158 532 1196 570 in
1214 532 1331 570 altero
1350 531 1529 582 dignitas,

123 595 360 628 venustatem
380 589 607 627 muliebrem
624 589 763 627 ducere
780 589 978 635 debemus,
997 588 1222 639 dignitatem
1238 587 1395 626 virilem.
1428 588 1530 638 Ergo

124 652 160 684 et
185 659 203 684 a
233 648 354 684 forma
383 651 626 684 removeatur
655 644 782 683 omnis
810 644 890 682 viro
920 656 1001 682 non
1029 644 1166 694 dignus
1196 652 1355 683 ornatus
1385 649 1422 682 et
1442 644 1533 682 huic

122 702 246 740 simile
281 702 415 740 vitium
452 701 491 739 in
527 706 636 752 gestu
671 706 858 750 motuque
893 704 1079 738 caveatur.
1128 700 1225 738 Nam
1253 706 1290 738 et
1316 700 1532 751 palaestrici

122 763 252 797 motus
276 762 367 796 sunt
387 770 500 807 saepe
522 757 737 795 odiosiores
759 762 796 794 et
810 756 1045 794 histrionum
1062 768 1143 794 non
1159 756 1251 794 nulli
1269 761 1402 806 gestus
1419 756 1529 807 inep-

121 814 183 852 tiis
206 826 287 851 non
308 818 440 852 vacant
464 818 499 850 et
521 812 560 850 in
582 818 746 862 utroque
769 824 908 861 genere
930 824 1026 862 quae
1049 817 1139 850 sunt
1160 817 1261 850 recta
1284 817 1321 849 et
1342 811 1528 862 simplicia

120 869 334 908 laudantur.
377 869 540 906 Formae
568 873 695 907 autem
724 868 888 918 dignitas
919 867 1059 906 coloris
1090 867 1260 905 bonitate
1288 868 1430 906 tuenda
1462 874 1530 914 est,

121 925 227 963 color
255 924 592 964 exercitationibus
621 924 810 975 corporis.
862 923 1089 962 Adhibenda
1117 929 1312 974 praeterea
1339 924 1530 962 munditia

121 987 179 1020 est
208 993 287 1019 non
316 981 449 1019 odiosa
472 992 597 1032 neque
618 980 804 1031 exquisita
825 980 961 1025 nimis,
992 985 1141 1018 tantum
1164 992 1260 1030 quae
1280 979 1398 1028 fugiat
1419 992 1530 1030 agre-

122 1042 221 1075 stem
244 1042 280 1075 et
302 1037 556 1075 inhumanam
579 1036 870 1087 neglegentiam.
906 1036 1050 1074 Eadem
1073 1035 1170 1074 ratio
1194 1041 1251 1074 est
1273 1035 1448 1074 habenda
1465 1049 1530 1074 ve-

122 1093 253 1137 stitus‚
284 1093 323 1131 in
346 1106 442 1143 qim,
467 1093 565 1131 sicut
586 1094 626 1131 in
648 1092 841 1143 plerisque
862 1092 996 1138 rebus,
1020 1092 1264 1130 mediocritas
1288 1092 1435 1141 optima
1457 1097 1528 1130 est.

121 1149 339 1188 Cavendum
362 1154 486 1187 autem
511 1155 568 1187 est
589 1162 637 1187 ne
659 1155 723 1187 aut
743 1148 985 1186 tarditatibus
1006 1153 1162 1186 utamur
1176 1148 1215 1185 in
1232 1148 1411 1197 ingressu
1427 1148 1527 1186 mol-

119 1204 299 1251 lioribus,
322 1211 365 1243 ut
386 1217 620 1255 pomparum
643 1205 796 1243 ferculis
819 1204 965 1242 similes
989 1216 1075 1242 esse
1098 1203 1305 1249 videamur,
1328 1209 1393 1241 aut
1413 1203 1453 1241 in
1475 1205 1529 1242 fe-

118 1261 390 1299 stinationibus
426 1261 684 1311 suscipiamus
724 1260 862 1298 nimias
901 1260 1106 1298 celeritates
1123 1291 1131 1305 ,
1169 1273 1264 1310 quae
1297 1272 1385 1297 cum
1420 1259 1528 1308 fiunt,

118 1316 306 1355 anhelitus
329 1322 550 1361 moventur,
572 1317 697 1355 vultus
720 1321 937 1356 mutantur,
963 1329 1029 1354 ora
1051 1321 1298 1366 torquentur:
1323 1328 1367 1353 ex
1390 1315 1529 1365 quibus

116 1385 256 1423 magna
287 1373 512 1422 significatio
536 1373 578 1411 fit
598 1384 679 1411 non
701 1373 836 1411 adesse
859 1371 1130 1410 constantiam.
1174 1371 1249 1409 Sed
1271 1371 1391 1409 multo
1415 1372 1529 1409 etiam

116 1429 240 1478 magis
263 1429 540 1467 elaborandum
562 1434 633 1475 est,
656 1440 704 1467 ne
727 1429 843 1467 animi
861 1435 992 1466 motus
1012 1441 1032 1465 a
1048 1433 1184 1465 natura
1201 1427 1399 1466 recedant:
1423 1428 1528 1478 quod

118 1497 385 1534 assequemur,
418 1484 449 1522 si
478 1484 697 1523 cavebimus
724 1496 773 1522 ne
801 1485 841 1522 in
863 1483 1172 1535 perturbationes
1195 1488 1307 1533 atque
1330 1483 1527 1522 exanima-

857 1575 973 1605 ho'rten
993 1573 1044 1604 bei
1064 1574 1125 1604 den
1143 1573 1286 1604 Ro'inern
1305 1584 1346 1604 zu
1364 1574 1455 1605 einer
1472 1584 1528 1614 ge-

164 1574 238 1605 129.
265 1575 392 1607 ‚Nostro
418 1574 678 1616 quidemmove:
696 1574 781 1605 Plut.

857 1619 982 1650 sunden
1015 1618 1263 1649 Lebensweise.
1312 1618 1427 1649 Blasse
1459 1617 1528 1650 Ge-

118 1619 186 1651 Cat.
203 1630 243 1650 m.
260 1630 287 1650 c
303 1619 344 1650 20
363 1620 426 1650 τοῦ
444 1617 581 1654 παιδὸς
599 1629 721 1662 παοο)
725 1630 784 1655 105

117 1665 181 1695 συ)
186 1661 392 1695 λούσασθαι
401 1676 451 1707 ur]
458 1662 600 1704 δὲποτξ,
610 1664 669 1694 καὶ
678 1664 785 1695 τοῦτο

115 1705 242 1741 κοιιὸι
261 1707 347 1744 ἔθος
364 1708 456 1740 ἔοικε
472 1705 661 1752 Ρωιιαίωι
679 1707 782 1740 eim

161 1740 783 1808 36.130.ριιῖθιῆἰιιτῖἱηξωδωῦ.

115 1798 244 1830 eiklait
283 1796 489 1849 κοσμιότης
514 1799 563 1829 als
597 1794 781 1849 emortum,

115 1844 342 1886 πρεποισιῦι
379 1855 422 1875 m.
426 1844 438 1873 ὶ
470 1839 650 1885 &namuh
685 1853 742 1875 κη
747 1839 783 1883 ή-

115 1897 217 1920 σειιπη
249 1888 313 1920 Cic.
332 1888 417 1919 fasst
435 1888 495 1919 den
515 1887 640 1927 Begriff
653 1888 780 1919 weitei

157 1934 353 1976 palaestr'ffce
378 1935 507 1973 motus,
542 1933 785 1973 Bewegungen,

113 1979 216 2010 denen
254 1988 327 2009 man
369 1978 425 2009 das
460 1978 690 2017 Erzwungene
724 1978 783 2008 der

113 2023 231 2055 Schule
260 2023 426 2062 anmerkt,
457 2023 538 2054 denn
570 2032 644 2053 vom
665 2022 782 2065 palae-

112 2070 212 2100 strita
231 2068 361 2099 lernten
379 2068 431 2099 die
449 2068 572 2099 Riimer
588 2066 699 2098 Maass
717 2067 783 2098 und

112 2113 257 2153 Haltung
274 2113 304 2144 in
323 2114 384 2144 den
404 2113 645 2152 Bewegungen.
669 2111 780 2153 Quint.

112 2157 135 2196 Ι,
158 2158 206 2198 11,
228 2158 267 2188 1ss
285 2168 306 2189 a
319 2159 440 2199 quibus
463 2157 703 2198 (palaestritis)
720 2168 782 2197 ge-

111 2206 187 2234 stus
203 2205 380 2244 motusque
393 2203 612 2243 formantur,
637 2204 675 2233 ut
690 2204 782 2233 reeta

112 2249 181 2279 sint
199 2248 343 2287 brachia,
368 2258 409 2278 ne
425 2246 577 2278 indoctae
595 2247 782 2277 rusticaere

111 2302 242 2332 nimius,
261 2303 302 2323 ne
317 2294 430 2323 status
446 2291 637 2329 indecorus,
659 2302 700 2322 ne
718 2301 783 2332 qua

111 2340 143 2369 in
164 2336 384 2381 proferendis
406 2336 547 2380 pedibus
564 2337 715 2375 inscitia,
740 2347 782 2367 ne

113 2384 214 2424 eaput
237 2382 387 2423 oculique
408 2383 449 2413 ab
472 2381 538 2412 ale'a
560 2383 712 2424 eorporis
732 2383 781 2413 ἰη-

113 2426 268 2458 eli'nation
274 2438 290 2458 e
307 2425 503 2458 dissideant.

159 2470 248 2503 color
288 2472 586 2503 exercitationibus
620 2472 781 2513 eorporis.

114 2514 289 2556 Ttigliches
307 2516 416 2547 Baden
440 2516 504 2547 und
517 2516 638 2546 vorlier
655 2515 779 2555 starke,

115 2560 458 2601 schweisserregende
477 2561 705 2601 Bewegungen
725 2570 781 2600 ge-

858 1663 1053 1695 sichtsl'arbe
1077 1663 1147 1703 galt
1168 1662 1222 1693 fiir
1240 1663 1297 1694 das
1316 1662 1461 1694 Zeichen
1480 1664 1527 1694 ei-

858 1718 915 1739 nes
939 1707 1152 1738 weieliliehen
1169 1707 1299 1738 Lebens
1323 1708 1389 1739 und
1412 1708 1527 1739 weibi-

857 1754 953 1785 schen
973 1752 1131 1784 Wesens.

904 1797 978 1828 131.
1005 1796 1205 1829 tarditates:
1224 1795 1254 1837 ξ.
1269 1796 1324 1827 41.

898 1852 1102 1885 pomparum
1119 1841 1288 1883 ferculis:
1321 1840 1400 1872 Hor.
1426 1852 1525 1873 serm.

856 1886 877 1926 I,
897 1886 927 1927 3,
947 1887 966 1918 9
999 1886 1057 1919 Nil
1078 1886 1215 1928 aequale
1237 1887 1450 1927 leomz'm'suz't
1464 1887 1526 1918 illi:

855 1943 956 1975 saepe
987 1932 1075 1963 velut
1107 1932 1164 1973 qui
1196 1932 1354 1963 currebat
1378 1932 1527 1973 fugiens

855 1977 1000 2013 hosteim
1020 1987 1186 2019 persaepe
1206 1976 1295 2008 velut
1313 1977 1371 2017 qui
1388 1975 1526 2008 Iunonis

855 2032 956 2053 sacra
970 2022 1099 2063 ferret.
1131 2021 1205 2061 vgl.
1231 2021 1282 2052 die
1308 2021 1527 2061 Schilderung

855 2068 912 2098 des
937 2066 1032 2097 Catil.
1058 2066 1110 2097 bei
1137 2065 1216 2097 Sall.
1244 2076 1270 2096 c.
1298 2065 1336 2096 15
1356 2065 1445 2096 colos
1465 2076 1527 2096 ea:-

854 2112 1009 2153 sauguis,
1018 2110 1221 2152 soedloeule}
1238 2109 1439 2150 eltusmodo,
1455 2120 1525 2141 mo-

855 2156 896 2187 do
916 2155 1034 2187 tardus
1058 2158 1222 2186 incessus.
1254 2154 1303 2185 Da
1327 2155 1378 2185 die
1404 2153 1526 2185 Ro'mer

855 2201 957 2231 Ernst
981 2200 1046 2230 und
1064 2199 1193 2231 Wiirde
1211 2199 1292 2230 auch
1310 2199 1342 2229 in
1359 2199 1446 2230 allen
1465 2199 1526 2230 Be-

853 2255 1036 2285 wegungen
1062 2255 1123 2275 zur
1148 2243 1256 2275 Sehau
1280 2248 1414 2285 trugen,
1439 2243 1525 2275 kann

854 2300 926 2321 man
945 2290 1013 2320 sich
1033 2289 1121 2320 nicht
1136 2289 1306 2328 wundern,
1333 2289 1408 2319 dass
1427 2289 1475 2319 sie
1493 2288 1525 2319 in

855 2335 948 2365 einer
1002 2334 1190 2373 (lerartigen
1237 2332 1525 2364 Aeusserlichkeit

854 2380 936 2410 noch
954 2380 1045 2410 mehr
1062 2379 1112 2410 als
1126 2379 1189 2409 wir
1201 2378 1259 2409 das
1274 2376 1417 2408 Zeiehen
1432 2377 1523 2408 eines

853 2423 1114 2463 unbest'andigen
1134 2422 1332 2454 Charakters
1350 2423 1461 2452 sahen.

901 2470 1185 2500 eoeanz'matlones:
1234 2467 1332 2498 Tusc.
1357 2465 1411 2506 lv,
1431 2465 1461 2506 S,
1483 2466 1523 2497 19

854 2515 1139 2546 eaemnssmationem
1175 2512 1366 2552 (definiunt)
1395 2513 1522 2542 metum

853 2560 1108 2601 subsequentem
1130 2560 1162 2589 et
1178 2559 1277 2599 quase*
1292 2557 1447 2588 comitem
1460 2565 1522 2598 pa-

967 476 1065 515 Cum
1100 481 1228 515 autem
1256 475 1527 526 pulcritudinis
1555 477 1608 516 36

1562 539 1623 571 130

1560 1153 1618 1185 131
