1684 2819
591 179 668 211 Lm.
687 178 725 211 11.
763 179 856 212 CAP.
876 180 905 212 9.
929 180 978 212 10.
1411 185 1486 224 125

82 283 182 333 phos
212 285 362 321 constet
390 293 410 319 a
432 293 570 332 meque
590 281 677 332 ipso
701 294 815 332 saepe
837 282 1073 333 disputatum
1096 284 1162 330 sit,
1191 285 1255 336 qui
1276 297 1393 324 unam
1415 286 1486 325 ha-

80 339 187 377 beret
214 349 350 376 omnes
377 337 519 376 habere
544 337 722 383 virtutes,
760 350 865 377 nuno
892 338 941 377 ita
971 339 1188 390 seiungam,
1225 341 1332 392 quasi
1361 343 1488 393 possit

81 393 305 444 quisquam,
335 393 400 444 qui
430 406 508 432 non
536 393 638 432 idem
666 395 838 444 prudens
867 394 931 441 sit,
958 395 1082 435 iustus
1111 408 1214 442 esse,
1245 397 1313 436 alia
1336 403 1393 436 est
1414 397 1486 445 illa,

80 461 166 488 cum
194 449 330 488 veritas
359 449 440 500 ipsa
468 449 622 488 limatur
649 450 687 488 in
715 450 990 501 disputatione,
1031 452 1238 499 subtilitas,
1275 454 1360 501 alia,
1398 466 1487 493 oum

78 505 125 543 ad
143 506 369 556 opinionem
387 518 635 544 communem
655 506 782 544 omnis
799 508 1115 546 accommodatur
1131 509 1265 548 oratio.
1295 510 1418 557 Quam
1437 510 1487 549 ob

78 574 178 607 rem,
204 567 247 600 ut
268 562 420 613 vulgus,
450 562 499 600 ita
521 574 594 600 nos
616 562 691 601 hoo
712 562 796 601 loco
818 563 1025 613 loquimur,
1047 570 1088 603 ut
1109 565 1204 603 alios
1227 567 1366 613 fortes,
1389 566 1486 605 alios

78 618 182 656 viros
210 618 354 665 bonos,
389 618 484 656 alios
516 618 724 669 prudentes
753 631 838 657 esse
865 619 1049 658 die-amus.
1097 620 1353 671 Popularibus
1382 622 1487 661 enim

79 674 204 712 verbis
232 680 291 713 est
314 675 503 725 agendum
536 680 574 713 et
607 674 776 719 usitatis,
813 688 900 714 cum
923 676 1119 727 loquimur
1139 677 1185 715 de
1207 678 1390 728 opinione
1412 690 1486 729 po—

78 730 218 781 pulari,
253 731 367 781 idque
395 731 530 768 eodem
566 731 684 768 modo
707 730 793 769 fecit
814 731 1030 770 Panaetius.
1074 732 1148 770 Sed
1170 733 1214 771 ad
1238 734 1486 785 propositum

79 791 328 825 revertamur.
369 787 459 825 Erat
486 786 600 836 igitur
627 799 672 824 ex
699 786 841 833 tribus,
871 800 966 837 quae
985 788 1030 826 ad
1052 788 1215 838 gloriam
1237 790 1484 840 pertinerent,

78 842 154 880 hoc
173 842 326 880 tertium
349 847 390 880 ut
413 854 498 880 cum
522 842 832 894 admiratione
854 843 1056 882 hominum
1079 844 1229 882 honore
1250 845 1296 883 ab
1318 846 1363 884 iis
1382 846 1486 897 digni

77 897 344 936 iudicaremur.
386 898 635 936 Admirantur
662 898 777 948 igitur
805 899 1061 937 communiter
1089 900 1138 937 illi
1169 901 1321 951 quidem
1345 902 1485 948 omnia,

78 966 173 1004 quae
199 966 336 1004 magna
363 959 399 992 et
425 960 575 1004 praeter
596 954 819 1004 opinionem
843 968 951 993 suam
974 956 1342 1004 animadverterunt,
1372 970 1485 1008 sepa-

78 1010 188 1047 ratim
227 1015 351 1049 autem
389 1011 427 1048 in
465 1010 641 1060 singulis,
680 1010 711 1049 si
747 1011 985 1061 perspiciunt
1015 1024 1085 1050 neo
1115 1013 1268 1063 opinata
1296 1014 1484 1064 quaedam

76 1065 189 1104 bona.
232 1066 361 1117 Itaque
383 1079 449 1104 eos
472 1067 574 1104 viros
598 1067 816 1117 suspiciunt
838 1068 1090 1118 maximisque
1111 1069 1274 1107 efferunt
1295 1069 1484 1114 laudibus,

76 1122 112 1159 in
135 1123 274 1173 quibus
296 1122 514 1160 existimant
535 1136 576 1161 se
597 1123 819 1161 excellentes
842 1124 1025 1173 quasdam
1050 1130 1085 1161 et
1102 1125 1315 1174 singulares
1332 1126 1484 1176 perspi—

77 1190 160 1216 cere
183 1178 352 1225 virtutes,
377 1179 596 1229 despiciunt
618 1184 744 1217 autem
767 1192 833 1217 eos
856 1185 892 1217 et
914 1185 1180 1227 contemnunt,
1202 1181 1241 1218 in
1263 1181 1401 1231 quibus
1422 1182 1483 1219 ni-

76 1235 129 1272 hil
151 1235 311 1279 virtutis,
334 1234 425 1272 nihil
448 1235 576 1281 animi,
599 1235 690 1273 nihil
710 1247 918 1273 nervorum
935 1242 1082 1286 putant..
1120 1237 1207 1274 Non
1225 1237 1325 1275 enim
1346 1250 1482 1275 omnes

76 1303 142 1328 eos
172 1296 440 1335 contemnunt,
469 1291 514 1329 de
538 1291 676 1342 quibus
699 1290 796 1329 male
818 1291 1049 1329 existimant.
1091 1292 1186 1330 Nam
1212 1306 1309 1343 quos
1332 1293 1483 1344 impro—

76 1346 167 1392 bos,
190 1347 395 1392 maleficos,
419 1347 681 1385 fraudulentos
704 1352 840 1397 putant
860 1353 895 1385 ot
916 1348 961 1385 ad
986 1347 1196 1386 faciendam
1220 1349 1399 1387 iniuriam
1421 1349 1481 1388 in—

78 1408 261 1448 structos,
302 1416 368 1441 eos
402 1408 655 1441 contemnunt
686 1403 840 1453 quidem
868 1404 1109 1454 neutiquam,
1143 1405 1208 1442 sed
1238 1405 1283 1442 de
1310 1405 1356 1443 iis
1385 1406 1481 1444 male

77 1458 319 1497 existumant.
361 1460 482 1505 Quam
514 1459 562 1497 ob
590 1472 690 1503 rem,
721 1464 762 1497 ut
789 1465 875 1498 ante
897 1459 990 1506 dixi,
1020 1465 1322 1499 contemnuntur
1343 1461 1386 1507 ii,
1417 1462 1482 1512 qui

79 1527 169 1561 ,nec
190 1515 261 1553 sibi
283 1527 353 1553 neo
374 1515 508 1561 alteri-⁶,
536 1521 577 1553 ut
599 1515 747 1560 (licitur,
776 1516 814 1553 in
837 1516 974 1566 quibus
998 1516 1125 1554 nullus
1148 1516 1268 1563 labor,
1297 1517 1397 1555 nulla
1420 1517 1481 1555 in-

77 1605 246 1645 gemeinen
302 1604 457 1645 Meinung
512 1605 743 1646 behaupteten,

78 1651 170 1680 nahm
186 1649 281 1680 keine
299 1650 420 1680 andere
439 1650 559 1681 Schule
577 1660 627 1680 an.

818 1605 883 1636 Der
901 1605 979 1636 Satz
1004 1606 1129 1647 sprielit
1152 1607 1247 1637 einen
1265 1608 1482 1647 allgemeinen

818 1649 996 1681 Gedanken
1011 1661 1080 1689 aus,
1100 1652 1162 1682 und
1178 1662 1251 1683 cnm
1266 1652 1309 1683 ist
1324 1653 1484 1694 temporal

121 1705 142 1725 a
154 1705 271 1736 meque
282 1696 355 1737 ipso
370 1706 488 1738 saepe:
512 1695 550 1725 de
567 1695 618 1725 lin.
635 1695 673 1733 V,
690 1694 742 1733 23,

78 1739 129 1770 oo.
159 1739 257 1770 Tusc.
278 1739 330 1778 ΙΙΙ,
349 1739 376 1779 8,
400 1740 448 1770 17.
478 1740 628 1779 Aeadem,
648 1739 669 1779 l,
692 1739 742 1777 10,

78 1783 129 1814 38.
161 1784 276 1815 Parad.
290 1783 340 1815 ΙΙΙ.

121 1831 246 1860 veritas
258 1831 342 1872 ipsa,
361 1829 412 1860 die
422 1829 596 1860 Wahvheit
609 1839 648 1860 an
665 1829 743 1871 sich,

76 1874 126 1904 ‹lie
156 1874 323 1905 abstracte
349 1874 543 1912 Wahrheit3
578 1885 607 1905 z.
632 1873 663 1915 ξ.
689 1874 742 1905 20.

76 1919 129 1949 Sie
164 1920 251 1950 steht
284 1930 324 1949 zu
354 1921 463 1962 opinio
495 1921 682 1950 communis
712 1920 742 1949 in

75 1964 261 1995 demselben
283 1963 469 2004 Gegensatz
488 1964 550 1995 wie
569 1964 619 1995 die
637 1964 742 2006 philo-

75 2009 248 2050 sophisehe
267 2008 530 2049 Untersuehung,
549 2009 740 2052 disputatio,

76 2064 116 2083 zu
134 2055 251 2085 oratio.
278 2053 409 2085 Ebenso
428 2054 499 2085 sind
510 2054 598 2086 Brut.
611 2053 664 2093 31,
679 2054 741 2085 118

76 2098 251 2142 disputare
267 2109 296 2129 u.
312 2099 422 2130 dicere
435 2103 742 2139 entgegengesetzt.

119 2144 273 2175 limatur:
321 2144 378 2174 das
411 2143 608 2183 cigentliche
642 2143 744 2175 Wort

75 2198 138 2219 von
163 2188 445 2230 philosophischer
470 2188 741 2228 Untersuchung3

75 2234 114 2264 de
129 2233 182 2263 fin.
198 2233 238 2271 V,
249 2233 278 2270 5,
293 2233 331 2263 12
349 2232 414 2264 dno
425 2244 555 2274 genera
568 2233 741 2274 librorum,

74 2288 177 2309 unum
204 2277 416 2321 populariter
443 2279 626 2321 scriplum,
656 2278 746 2320 quod

75 2321 286 2366 ἕξωτερικὸν
303 2322 525 2366 appellabant,
540 2323 686 2355 alterum
702 2323 741 2354 12·-

75 2370 210 2399 matz'us.
227 2386 271 2390 —
290 2368 444 2399 Dieselbe
459 2368 644 2408 Scheidung
662 2369 741 2400 zwi-

76 2413 173 2443 seben
192 2413 473 2455 pbilosophischer
489 2413 662 2445 Wahrheit
678 2414 743 2445 und

75 2458 135 2488 den
150 2457 272 2497 Regeln
292 2457 345 2489 fiir
361 2458 418 2489 das
433 2458 619 2500 praktische
632 2458 743 2490 Leben

76 2501 168 2533 stellt
185 2501 250 2534 Cic.
268 2502 319 2543 Ill,
338 2502 367 2537 3,
390 2502 428 2533 13
446 2503 518 2541 aul'3
553 2514 578 2534 s.
599 2503 685 2535 Einl.

119 2547 210 2578 viros
228 2549 348 2579 bonos:
372 2547 393 2587 l,
414 2548 443 2587 7,
464 2547 517 2579 20.

120 2601 196 2622 cum
213 2591 378 2634 loquimur
400 2593 456 2624 hat
473 2593 524 2625 die
549 2593 641 2625 beste
664 2594 742 2625 Hds.

817 1705 857 1725 zu
872 1694 992 1726 fassen.

863 1739 915 1770 36.
961 1743 1184 1772 conmuniter
1215 1759 1259 1764 —
1287 1744 1481 1786 separatim.

818 1784 960 1825 Elmnso,
985 1785 1064 1816 aber
1082 1786 1138 1817 mit
1155 1787 1319 1826 gewissen
1341 1787 1485 1818 Niianci-

816 1840 940 1869 rungen
978 1831 1059 1861 wird
1105 1836 1239 1871 gesagt:
1282 1833 1483 1873 generatim,

816 1877 1022 1915 smnmatfm,
1045 1877 1198 1907 universe
1222 1895 1259 1898 —
1274 1877 1484 1918 singz'Ilatim,

812 1921 965 1963 proprie.
1004 1919 1078 1959 vgl.
1097 1920 1119 1960 l,
1144 1920 1194 1961 27,
1223 1921 1275 1952 95.
1309 1921 1485 1953 Vielleicht

815 1965 859 1995 ist
875 1966 907 1995 in
926 1965 1072 2006 singulis
1090 1965 1278 2007 interpolirt
1295 1966 1343 1997 als
1364 1966 1486 1998 Erklii-

816 2019 900 2049 rung
917 2020 956 2040 zu
975 2013 1170 2053 separatim.

862 2057 995 2086 virtutis
1020 2074 1063 2077 -—
1090 2057 1197 2086 anime?
1227 2074 1264 2076 ——
1290 2066 1481 2095 nervorum,

816 2097 1027 2139 Tiichtigkeit
1044 2119 1087 2122 —
1105 2099 1200 2131 Geist
1216 2118 1258 2121 —
1277 2100 1430 2140 Energie.

853 2144 1023 2186 maleficos
1032 2154 1119 2175 muss
1128 2144 1406 2185 stattmaledz·cos‚
1416 2155 1483 2176 was

816 2189 867 2219 die
896 2189 993 2220 Hdss.
1018 2189 1139 2229 haben,
1159 2190 1373 2229 geschrieben
1397 2200 1484 2221 wei·-

816 2234 889 2271 den,
907 2235 991 2265 denn
1009 2234 1069 2265 der
1085 2234 1376 2275 Schmiihsiichtige
1395 2235 1484 2266 zieht

817 2278 882 2309 sich
910 2283 994 2310 stets
1012 2279 1064 2310 die
1082 2279 1294 2320 Veraehtung
1313 2280 1372 2311 der
1389 2279 1483 2311 Men-

816 2334 855 2363 ge
873 2334 923 2365 zu,
942 2324 1001 2355 der
1017 2323 1226 2355 Vei-brechei·
1250 2325 1337 2355 nicht
1358 2325 1481 2355 immer.

861 2371 918 2411 qui
938 2380 997 2400 nec
1020 2370 1085 2400 sibe?
1104 2379 1164 2401 nec
1193 2369 1310 2408 alteri,
1343 2370 1480 2400 na'mlirli

816 2414 933 2446 valent,
969 2414 1172 2445 Namentlich
1204 2415 1233 2445 in
1259 2414 1481 2456 spriiehwo'rt-

814 2459 921 2490 lichen
935 2458 1159 2491 Redensarten
1180 2459 1280 2491 findet
1294 2460 1344 2490 die
1358 2459 1482 2500 Ellipse

816 2504 867 2535 bei
896 2505 956 2534 den
984 2503 1124 2536 Riimern
1155 2505 1231 2535 sehr
1259 2505 1482 2544 ausgedehnte

817 2549 1051 2589 Anwendung:
1082 2550 1221 2581 Fm‘lem
1240 2551 1404 2592 svrtmza.
1442 2550 1483 2580 ad

819 2594 892 2624 l'am.
909 2593 983 2635 Vll,
1003 2594 1038 2624 31
1066 2605 1122 2626 res
1139 2596 1187 2625 ita
1207 2597 1413 2635 contractas,
1435 2597 1482 2634 ul,

1514 797 1556 829 36
