1684 2819
162 153 214 194 30
730 146 787 178 DE
813 146 995 180 orrlcns

161 255 194 294 si
214 260 341 294 tecum
363 263 454 303 agas
476 249 581 301 quid,
601 260 727 299 neque
748 248 780 287 si
802 259 891 287 cum
913 247 1032 287 altero
1051 249 1270 297 contrahas,
1290 262 1423 289 vacare
1440 251 1569 291 officio

161 315 302 363 potest,
323 309 362 347 in
384 318 508 357 eoque
529 311 566 345 et
583 304 746 344 colendo
764 303 836 343 sita
851 303 950 343 vitae
966 310 1024 343 est
1040 305 1223 345 honestas
1241 306 1369 346 omnis
1387 312 1424 346 et
1440 307 1571 358 negle-

163 367 287 418 gendo
323 362 538 414 turpitudo.
583 362 708 412 Atque
742 360 837 399 haec
872 360 1027 410 quidem
1060 362 1234 412 quaestio
1263 365 1483 403 communis
1512 369 1573 403 est

162 422 339 462 omnium
366 418 708 471 philosophorum.
752 416 848 463 Quis
876 424 935 455 est
961 416 1064 455 enim
1094 417 1158 469 qui
1184 418 1298 457 nullis
1321 420 1436 459 ossicii
1457 432 1571 472 prae·

162 477 282 530 ceptis
309 475 505 516 tradendis
531 473 811 526 philosophum
840 485 882 512 se
910 473 1048 512 audeat
1075 472 1231 512 dicere?
1273 475 1349 514 Sed
1377 482 1469 515 sunt
1488 488 1571 515 non

160 535 287 574 nullae
316 532 555 584 disciplinae,
584 543 680 582 quae
703 529 918 582 propositis
940 529 1138 568 bonorum
1161 536 1198 569 et
1218 530 1409 570 malorum
1430 532 1571 571 finibus

163 590 333 630 officium
362 601 477 628 omne
503 593 732 639 pervertant.
774 586 874 625 Nam
903 585 967 637 qui
989 598 1190 626 summum
1211 586 1361 626 honum
1383 588 1441 627 sic
1459 589 1571 627 insti-

162 647 252 695 tuit,
272 652 316 686 ut
335 645 431 685 nihil
450 645 588 684 habeat
608 655 696 683 cum
717 642 856 681 virtute
878 643 1129 682 coniunctum
1151 643 1267 694 idque
1289 644 1371 683 suis
1394 656 1573 684 commo-

162 704 241 751 dis,
269 714 350 742 non
379 703 580 740 honestate
608 700 782 746 metitur,
809 698 889 746 hic,
917 700 950 738 si
979 699 1051 738 sibi
1080 700 1164 750 ipse
1193 700 1410 739 consentiat
1437 706 1474 740 et
1493 712 1574 740 non

162 759 357 799 interdum
378 763 538 797 naturae
558 757 730 796 bonitate
749 755 935 803 vincatur,
957 768 1080 807 neque
1102 756 1308 796 amicitiam
1331 758 1457 796 colere
1478 769 1573 807 pos-

163 817 213 856 sit
232 828 305 855 nec
325 815 508 854 iustitiam
530 826 603 852 nec
621 813 903 858 liberalitatem,
932 813 1042 851 fortis
1065 825 1153 851 vero
1177 813 1351 852 dolorem
1374 825 1574 852 summum

164 873 307 912 malum
329 871 505 910 iudicans
527 875 592 909 aut
613 875 835 920 temperans
856 870 1091 920 voluptatem
1110 881 1309 908 summum
1327 870 1476 909 bonum
1494 876 1574 908 sta—

163 934 279 968 tuens
308 940 393 967 esse
422 933 523 966 certe
550 927 655 965 nullo
685 925 804 964 modo
834 931 974 976 potest.
1018 926 1123 972 Quae
1151 938 1384 977 quamquam
1412 927 1463 965 ita
1486 931 1577 965 sunt

163 985 203 1023 in
219 989 418 1036 promptu,
437 989 480 1022 ut
494 995 557 1021 res
574 981 836 1033 disputatione
849 993 930 1019 non
945 987 1064 1031 egeat,
1086 988 1214 1020 tamen
1229 988 1353 1020 sunta
1374 982 1488 1021 nobis
1503 982 1576 1020 alio

163 1042 249 1080 loco
272 1041 476 1091 disputata.
513 1038 591 1078 Hae
613 1037 840 1088 disciplinae
863 1037 989 1088 igitur,
1011 1038 1042 1076 si
1067 1037 1139 1076 sibi
1161 1044 1444 1077 consentaneae
1463 1038 1579 1076 velint

163 1110 261 1143 esse,
276 1097 323 1135 de
338 1096 464 1135 officio
478 1095 574 1134 nihil
588 1100 729 1147 queant
741 1093 877 1140 dicere,
889 1106 1014 1146 neque
1028 1094 1100 1133 ulla
1114 1094 1227 1133 officii
1240 1100 1444 1146 praecepta
1456 1095 1578 1141 firma,

165 1153 323 1199 stabilia,
346 1152 551 1191 coniuncta
572 1156 729 1190 naturae
749 1150 846 1189 tradi
862 1156 1032 1201 possunt
1046 1151 1121 1189 nisi
1137 1151 1261 1189 autab
1276 1151 1335 1196 iis,
1358 1151 1423 1202 qui
1444 1151 1578 1197 solam,

164 1216 229 1249 aut
245 1209 364 1253 abiis,
388 1209 452 1260 qui
466 1208 632 1247 maxime
645 1208 892 1245 honestatem
915 1212 1077 1258 propter
1098 1220 1139 1246 se
1161 1207 1289 1246 dicant
1309 1208 1576 1259 expetendam.

161 1268 215 1306 Ita
228 1265 386 1318 propria
399 1271 454 1304 est
469 1277 511 1303 ea
524 1263 743 1316 praeceptio
758 1262 994 1309 Stoicorum,
1007 1263 1341 1309 Academicorum,
1352 1264 1435 1303 Peri
1440 1263 1579 1315 pateti-

100 1321 103 1324 *
163 1335 312 1369 corum,
336 1322 519 1373 quoniam
536 1319 744 1366 Aristonis,
766 1319 995 1370 Pyrrhonis,
1013 1319 1144 1358 Ilcrilli
1160 1320 1236 1358 iam
1254 1319 1403 1371 pridem
1421 1319 1579 1371 explosa

161 1447 218 1478 mi.
237 1446 278 1477 ad
291 1444 393 1485 Att.1,
408 1445 457 1486 17,
473 1444 492 1475 6
520 1454 585 1475 non
601 1443 761 1484 forenses
779 1453 834 1475 res

161 1502 228 1523 non
257 1490 469 1532 domesticae,
498 1500 564 1521 non
590 1488 746 1532 publicae
767 1498 834 1519 non

159 1539 312 1580 privatae
333 1536 462 1568 diutius
485 1537 542 1566 {uo
562 1534 765 1565 suavissimo
782 1535 834 1564 at-

162 1593 225 1623 que
237 1582 473 1613 mnmztt'ssz'nto
486 1589 642 1612 sermone
655 1577 834 1610 etconsz'lio

161 1637 278 1659 carere
291 1629 447 1671 possunt.

210 1673 240 1704 5.
265 1671 456 1704 nonnullae
485 1669 695 1713 disciplinae:
719 1669 759 1700 de
778 1668 834 1699 fin.

160 1716 197 1759 11,
218 1717 270 1757 11,
289 1716 330 1748 35
356 1720 405 1749 ita
428 1719 497 1749 tres
513 1715 695 1757 suntfines
713 1723 836 1757 emper-

162 1765 213 1794 tes
236 1763 441 1802 honestatis,
470 1771 559 1793 unus
587 1760 764 1803 Aristippi
786 1758 838 1790 vel

161 1807 308 1852 Epicuri,
325 1808 411 1839 alter
427 1806 630 1848 Hieronymi,
651 1803 837 1837 Carneadis

162 1855 295 1885 tertius.
318 1852 385 1893 vgl.
405 1862 433 1883 z.
454 1850 495 1883 Ill
513 1851 542 1892 ξ.
566 1850 616 1881 12.

196 1898 313 1940 sortis
348 1907 442 1929 vero:
478 1894 724 1927 ausffihrlicher
751 1893 835 1924 wird

162 1943 232 1974 dies
251 1953 278 1974 c.
296 1942 339 1973 43
358 1941 573 1984 besprochen.

207 1988 238 2019 6.
278 1987 370 2027 Quae
397 1996 599 2030 quamquam
627 1986 676 2015 ita
699 1986 779 2015 sunt
801 1985 833 2015 in

160 2036 341 2077 prompta:
373 2035 454 2064 sunt
470 2030 657 2070 bestatigen
678 2029 749 2060 hier
765 2038 835 2059 we-

163 2079 312 2119 nigstens
343 2078 450 2118 cinige
481 2077 541 2107 der
571 2075 687 2106 besten
719 2073 834 2111 Hdss.;

162 2124 225 2155 den
250 2123 448 2164 Conjunctiv
476 2121 529 2152 bei
555 2129 757 2162 quamquam
781 2119 835 2149 hat

163 2168 279 2201 Cicero
299 2169 375 2200 sehr
393 2168 501 2199 seiten
516 2166 597 2198 oder
610 2164 697 2196 wohl
711 2164 764 2195 nie
779 2173 836 2204 ge-

164 2219 264 2246 setzt.

209 2260 275 2292 alio
293 2259 363 2291 Ioco
382 2259 421 2290 de
440 2258 494 2290 fin.
511 2256 539 2289 11
561 2267 589 2288 c.
612 2255 649 2287 12
669 2255 700 2286 ff.
721 2255 760 2286 de
780 2253 834 2286 off.

164 2304 213 2348 111,
232 2305 284 2348 33,
306 2305 380 2336 117.

209 2352 387 2382 coniuncta
398 2352 543 2381 naturae
557 2349 837 2378 :natm-aecon-

163 2398 338 2436 venientia,
356 2396 428 2427 dem
442 2393 569 2426 Wcsen
588 2393 647 2423 der
660 2390 836 2423 mensclili-

165 2442 244 2472 elien
271 2440 379 2472 Natur
399 2438 661 2481 cntsprechend,
697 2433 834 2480 ὁμολο-

165 2487 355 2530 γουμένοις
372 2482 494 2529 ᾳύσει.
514 2494 539 2515 S.
561 2482 645 2515 Einl.

209 2533 250 2563 ab
268 2532 311 2562 iis
328 2533 393 2573 qni,
411 2530 518 2562 solam
535 2529 586 2560 die
605 2526 756 2566 swiker,
775 2529 836 2558 aut

165 2578 223 2618 qui
240 2579 389 2608 maa-ime
404 2574 598 2607 namentlich
614 2572 835 2604 Akademiker

908 1443 971 1474 und
999 1442 1255 1485 Peripatetiker.
1295 1443 1427 1475 Ebenso
1451 1444 1491 1475 de
1516 1444 1578 1484 leg.

910 1487 930 1529 1,
952 1488 1001 1529 13,
1020 1487 1073 1519 37.

953 1534 1012 1573 ita,
1033 1533 1252 1573 domgemtiss,
1284 1533 1324 1565 de
1340 1533 1393 1564 fin.
1407 1533 1459 1574 Ill,
1474 1534 1522 1575 18,
1539 1533 1581 1565 59

908 1580 956 1609 ita
979 1580 1032 1609 est
1048 1578 1215 1620 quoddam
1233 1588 1411 1611 commuue
1428 1579 1582 1622 officiam

909 1635 925 1655 s
932 1634 953 1655 a
952 1625 1029 1667 pe'en
1036 1625 1079 1655 tis
1097 1626 1131 1655 et
1145 1626 1287 1667 insipien
1293 1626 1346 1655 Hs.

953 1670 1143 1710 Am'xtom‘s,
1168 1669 1370 1711 Pyrrhonis,
1388 1669 1523 1702 Herilli:
1542 1669 1581 1700 de

910 1714 963 1745 fin.
982 1712 1018 1753 ΙΙ,
1039 1713 1089 1750 13,
1109 1713 1152 1745 43
1172 1714 1264 1754 Quae
1281 1716 1349 1755 (ea,
1373 1725 1456 1756 qaae
1470 1715 1582 1759 prima

909 1762 1032 1791 natura
1051 1760 1266 1803 approbavit)
1282 1770 1357 1792 cum
1373 1761 1533 1792 Aristoni
1549 1761 1582 1791 et

910 1804 1086 1846 Pyrrhoni
1109 1806 1244 1837 omnino
1262 1806 1332 1836 visa
1354 1807 1434 1837 sunt
1449 1815 1512 1850 pro
1528 1806 1581 1836 ni-

909 1850 992 1888 ln'lo,
1016 1852 1055 1881 ut
1071 1851 1160 1882 inter
1182 1852 1306 1893 optime
1325 1850 1436 1882 valere
1452 1853 1487 1882 et
1498 1860 1582 1892 gra-

908 1896 1046 1926 vissime
1068 1897 1251 1936 aegrotare
1271 1896 1356 1927 m'he'l
1367 1905 1513 1938 prorsus
1530 1894 1582 1926 di·

909 1941 1024 1971 vorent
1046 1941 1224 1980 interesse,
1253 1943 1341 1972 recte.
1364 1941 1431 1971 iam
1447 1938 1582 1983 pridem

909 1987 1029 2016 contra
1061 1994 1118 2015 eos
1147 1984 1293 2016 desitum
1321 1987 1374 2016 est
1400 1983 1581 2028 disputari.

909 2029 999 2061 Dum
1022 2030 1111 2060 enim
1129 2031 1161 2060 in
1181 2040 1249 2061 1111a
1266 2032 1390 2062 virtute
1406 2032 1454 2061 sic
1471 2032 1583 2062 omnia

910 2085 984 2106 esse
1002 2073 1158 2106 volum-1111
1165 2077 1184 2116 t,
1205 2077 1242 2106 ut
1258 2085 1332 2106 eam
1348 2085 1463 2107 rerum
1481 2075 1582 2107 selec-

911 2121 998 2151 tione
1023 2119 1271 2163 eanepoliarent:
1300 2138 1345 2143 —
1374 2122 1532 2152 virtutem
1555 2131 1583 2152 ι-

908 2175 1014 2209 psam,
1023 2175 1122 2207 qaam
1131 2165 1426 2208 amplexabantur,
1435 2165 1582 2197 sustule-

909 2212 1002 2242 runt.
1036 2209 1182 2242 Herillus
1211 2213 1324 2242 autem
1341 2210 1387 2242 ad
1407 2213 1583 2243 scientiam

911 2257 1023 2287 omnia
1037 2265 1199 2287 revocans
1216 2262 1321 2287 unum
1339 2255 1506 2298 quoddam
1526 2257 1582 2288 ho-

909 2311 991 2333 num
1008 2300 1100 2340 vidit,
1119 2300 1180 2332 sed
1193 2311 1253 2332 nec
1270 2302 1436 2345 optimum
1447 2311 1506 2333 nec
1518 2311 1580 2343 qao

910 2348 979 2378 vita
1003 2347 1194 2387 gubernari
1221 2348 1340 2389 possit.
1386 2345 1502 2388 ltaque
1530 2346 1582 2377 hio

908 2394 979 2435 ipse
996 2393 1064 2423 iam
1083 2390 1217 2435 pridem
1239 2394 1291 2422 est
1318 2392 1478 2432 reiectus,
1501 2394 1583 2435 post

909 2439 997 2469 enim
1016 2436 1240 2480 Chrysippum
1260 2447 1324 2468 non
1342 2446 1424 2467 sane
1440 2439 1494 2468 est
1508 2436 1581 2468 ἀίε-

904 2485 1074 2526 putatam.
1108 2481 1235 2524 Pyrrho
1253 2491 1315 2511 von
1336 2481 1423 2521 Elis,
1447 2480 1581 2522 Zeitge-

909 2538 1008 2559 nosse
1019 2526 1228 2558 Alexander-s
1243 2526 1301 2557 dcs
1312 2525 1470 2561 crossen,
1487 2526 1580 2567 leug—

909 2577 984 2604 ncte
1001 2572 1059 2604 mit
1075 2572 1134 2603 der
1150 2570 1361 2611 Mtiglichkeit
1378 2572 1435 2603 des
1450 2570 1580 2603 Erken-
