1684 2819
105 382 147 412 45

104 1228 146 1259 46

181 160 259 200 130
752 155 808 187 DE
834 154 1015 188 OFFICHS

177 261 225 300 ad
247 259 407 299 modum
428 260 526 298 vivat
546 258 753 310 inquiritur
774 262 823 304 et,
845 262 1040 308 tamquam
1063 258 1101 296 in
1124 258 1334 298 clarissima
1356 258 1438 298 luce
1461 272 1588 299 verse-

179 323 251 364 tur,
274 316 324 356 ita
346 316 493 356 nullum
517 315 730 355 obscurum
751 319 882 366 potest
897 325 968 353 nec
985 314 1129 354 dictum
1147 315 1227 354 eius
1244 328 1329 355 esse
1347 328 1418 355 nec
1435 317 1586 356 sactum.

177 374 353 421 Quorum
376 378 503 412 autem
525 372 650 424 prima
671 377 773 411 aetas
796 376 955 422 propter
975 371 1231 410 humilitatem
1254 377 1290 411 et
1312 372 1586 412 obscuritatem

176 430 215 469 in
237 430 441 469 hominum
464 429 704 481 ignoratione
725 433 910 474 versatur,
938 428 981 474 11,
1012 428 1124 467 simul
1147 441 1189 467 ac
1213 428 1367 468 iuvenes
1390 442 1475 469 esse
1498 442 1587 469 coe-

175 492 330 538 perunt,
352 499 489 538 magna
514 492 687 538 spectare
709 492 746 524 et
767 485 812 524 ad
835 497 877 523 ea
899 484 1014 524 rectis
1033 485 1170 524 studiis
1187 485 1327 524 debent
1344 488 1588 533 contendere,

176 543 280 595 quod
309 556 353 582 eo
384 543 556 582 firmiore
584 543 714 582 animo
743 542 899 589 sacient,
930 541 1017 592 quia
1044 555 1123 581 non
1153 542 1271 581 modo
1296 554 1377 581 uon
1398 542 1589 582 invidetur

175 600 224 639 illi
246 601 371 647 aetati,
392 612 525 640 verum
549 600 663 639 etiam
686 601 842 638 favetur.

290 656 436 696 Prima·
456 662 515 696 est
542 657 659 707 igitur
685 655 920 695 adulescenti
950 655 1234 695 commendatio
1265 655 1310 694 ad
1339 656 1520 707 gloriam,
1558 656 1590 694 si

177 725 250 765 qua
286 726 337 752 ex
373 713 561 753 bellicis
589 713 729 752 rebus
762 712 977 763 comparari
1000 717 1146 763 potest,
1185 713 1222 751 in
1251 725 1324 764 qua
1352 712 1460 751 multi
1490 712 1591 764 apud

175 770 344 809 maiores
374 776 534 809 nostros
564 770 787 809 extiterunt:
818 781 971 820 semper
1000 769 1103 808 enim
1129 771 1208 808 sere
1229 769 1324 815 bella
1347 769 1590 821 gerebantur.

177 826 258 866 Tua
279 833 406 866 autem
435 832 538 866 aetas
567 827 699 866 incidit
728 827 765 865 111
796 826 832 864 id
860 826 1018 873 bellum,
1048 826 1157 865 cuius
1179 827 1297 865 altera
1320 839 1409 878 pars
1433 826 1590 865 sceleris

176 883 339 923 nimium
358 884 503 931 habuit,
521 884 635 923 altera
654 883 838 922 felicitatis
857 895 1006 934 parum.
1045 884 1131 930 Quo
1147 890 1273 922 tamen
1289 883 1433 922 inhello
1450 895 1536 922 cum
1555 889 1590 921 te

177 940 387 992 Pompeius
410 941 488 979 alae
513 940 649 990 [alteri]
675 939 935 991 praefecisset,
957 952 1137 990 magnam
1161 940 1312 979 laudem
1337 945 1372 978 et
1395 952 1416 979 a
1434 951 1590 978 summo

177 996 257 1034 viro
280 1003 315 1035 et
336 997 382 1036 ab
404 997 572 1035 exercitu
594 996 883 1047 consequebare
906 996 1127 1047 equitando7
1150 996 1364 1043 iaculando,
1388 996 1494 1034 omni
1517 995 1592 1034 1111-

175 1052 273 1092 litari
298 1053 429 1092 labore
457 1054 670 1092 tolerando.
728 1054 851 1103 Atque
879 1065 920 1091 ea
949 1052 1103 1103 quidem
1132 1058 1194 1091 tua
1222 1053 1303 1092 laus
1331 1053 1475 1104 pariter
1503 1064 1590 1091 cum

175 1123 216 1149 re
234 1109 384 1161 publica
407 1110 557 1149 cecidit.
586 1110 676 1149 Mihi
698 1117 827 1149 autem
849 1109 942 1148 haec
964 1109 1085 1148 oratio
1109 1115 1288 1161 suscepta
1304 1121 1385 1148 non
1404 1109 1449 1148 de
1464 1115 1500 1148 te
1522 1115 1591 1152 est,

175 1167 242 1205 sed
265 1166 311 1205 de
332 1179 471 1217 genere
493 1172 594 1205 toto:
625 1179 740 1218 quam
764 1166 813 1205 ob
835 1178 917 1204 rem
940 1178 1148 1217 pergamus
1171 1167 1216 1205 ad
1240 1179 1293 1213 ea,
1316 1179 1412 1218 quae
1433 1171 1590 1206 restant.

294 1223 344 1262 Ut
366 1223 481 1274 igitur
510 1223 548 1261 in
578 1223 734 1275 reliquis
764 1222 881 1262 rebus
904 1224 1025 1262 multo
1048 1223 1195 1262 maiora
1225 1236 1340 1274 opera
1363 1229 1454 1262 sunt
1475 1223 1591 1262 animi

178 1292 293 1330 quam
317 1280 508 1331 corporiS,
539 1280 594 1319 sic
616 1293 680 1319 eae
697 1293 772 1327 res,
796 1292 889 1331 quas
911 1279 1066 1329 iugenio
1085 1292 1128 1319 ac
1144 1280 1293 1319 ratione
1310 1280 1591 1331 persequimur,

921 1416 978 1447 das
995 1415 1190 1448 Commando
1210 1416 1291 1448 iiber
1309 1416 1382 1448 eine
1401 1416 1511 1449 solche
1525 1416 1589 1449 ala.

922 1462 965 1492 So
998 1472 1068 1493 war
1093 1473 1128 1493 es
1154 1463 1234 1493 auch
1262 1462 1291 1493 in
1319 1462 1378 1493 der
1402 1459 1592 1494 Haiserzeit

222 1415 275 1447 45.
300 1418 402 1448 ‘rectis
431 1416 552 1449 studiis
582 1415 782 1448 contendere
805 1417 847 1448 ist

177 1462 256 1492 nucb
281 1461 341 1493 der
359 1460 518 1502 Analogie
544 1473 606 1493 von
626 1465 718 1494 recto
737 1473 849 1503 cursu,

176 1509 266 1539 reolo
284 1508 404 1539 itinere
421 1512 547 1548 gesagt.
922 1507 1007 1539 Sitte
1025 1506 1591 1548 (81161011.Αυς.38,46.(]11111(1.25),

219 1553 343 1596 prima,
359 1552 416 1584 d.i.
433 1553 484 1584 die
495 1553 846 1594 vorziiglicliste‚denn

177 1598 236 1628 der
265 1597 490 1638 kriegerische
520 1598 621 1630 Ruhm
651 1599 747 1630 stand
776 1599 847 1629 dem

176 1641 298 1674 Riimer
313 1644 395 1675 auch
414 1644 517 1675 ho'her
533 1644 582 1676 als
597 1645 658 1676 der
671 1644 770 1675 durch
786 1643 848 1675 Be-

176 1688 376 1720 redsainkeit
393 1689 562 1730 erlangte3
587 1690 653 1730 vgl.
671 1688 701 1731 ξ
722 1689 774 1721 66.

220 1735 255 1765 in
274 1744 339 1777 qua
364 1734 504 1774 (gloria)
530 1734 631 1767 malti
647 1736 846 1773 emiserunt,

177 1779 245 1810 sich
269 1780 524 1820 ausgezeicbnet
549 1780 670 1819 haben3
696 1781 734 1812 de
760 1791 806 1811 or.
824 1779 846 1819 l,

177 1823 207 1861 3,
230 1823 269 1855 10
286 1835 349 1867 quo
369 1827 480 1856 tamen
498 1827 530 1857 in
545 1836 673 1867 genere
689 1828 738 1857 ila
750 1825 851 1857 multi

178 1872 210 1900 el
219 1870 369 1912 perfecti
381 1870 532 1902 homines
546 1873 746 1903 earliteraut.
767 1871 809 1902 ib.
825 1870 846 1910 I,

178 1914 208 1954 2,
225 1913 243 1945 6
257 1917 342 1947 'cum
359 1915 475 1958 plures
492 1917 524 1947 ίη
545 1917 698 1948 omnibus
715 1917 848 1947 artibus

178 1970 276 2002 quam
289 1961 321 1991 in
337 1959 473 1992 (licendo
483 1960 702 1993 adnn'rabz‘les
713 1963 849 1993 ematis·

177 2007 261 2036 sent.
282 2005 336 2036 Rei
350 2006 502 2038 &cistere
518 2008 551 2037 in
566 2006 679 2047 gloria
693 2006 847 2037 brauchte

177 2050 228 2081 ein
248 2050 402 2091 Adjectiv
420 2051 482 2082 wie
498 2053 680 2094 perjectas,
701 2051 849 2084 admira-

177 2095 250 2127 bilis
268 2095 356 2127 nicht
372 2096 586 2137 hinzugeffigt
604 2108 644 2128 zu
662 2097 807 2129 werden.

223 2143 281 2173 tua
297 2143 413 2173 aetas:
436 2151 462 2173 s.
482 2141 568 2173 Einl.

221 2185 329 2218 altera
350 2197 434 2230 pars
459 2187 595 2220 sceleris
620 2189 781 2220 nimium:
815 2186 846 2230 ξ.

178 2230 217 2262 27
238 2242 341 2264 causa
357 2233 471 2275 Impia.

222 2277 304 2309 alae.
339 2277 398 2309 Die
423 2277 568 2309 Reiterei
587 2279 849 2319 dcrssundesge-

178 2333 296 2354 nossen
315 2323 547 2362 (aumiliares)
567 2334 637 2355 war
655 2324 848 2364 eingctheilt

178 2368 207 2398 111
232 2367 322 2409 alae,
347 2368 589 2407 Abthcilungcn
611 2380 650 2400 zu
670 2368 847 2401 3ooss400

179 2412 286 2444 Mann.
318 2413 348 2444 ln
369 2413 504 2445 Ciceros
519 2413 595 2445 Zeit
612 2416 752 2455 pssegten
771 2425 848 2446 vor-

179 2458 292 2489 nehmc
311 2458 413 2499 junge
431 2459 534 2490 Leute
559 2459 647 2490 nicht
664 2460 694 2490 111
713 2460 764 2491 (lie
784 2460 847 2491 Le-

178 2503 251 2542 gion
271 2504 492 2541 einzutreten,
511 2505 653 2535 sondcrn
668 2505 717 2536 als
732 2508 850 2537 entitu-

179 2548 330 2580 ber-noles
337 2551 553 2593 imperatoris
566 2550 617 2581 die
625 2555 738 2582 ersten
750 2550 848 2581 Dien-

179 2597 229 2624 ste
245 2604 285 2624 zu
299 2595 389 2635 thun,
406 2595 467 2626 und
483 2595 644 2627 erhielten
659 2596 741 2626 daun
753 2596 851 2627 meist

921 1553 985 1584 und
1014 1553 1162 1585 dleselbe
1191 1552 1444 1593 Auszeichnung
1473 1553 1593 1585 erhielt

922 1598 981 1629 (ler
1006 1598 1130 1630 damals
1157 1598 1444 1639 siebzelmjiihrige
1463 1597 1589 1630 Cicero.

921 1643 1012 1674 Dann
1046 1654 1136 1675 muss
1168 1643 1248 1675 aber
1275 1643 1377 1676 alteri
1401 1643 1590 1684 gestrichen

922 1689 1067 1731 werden,
1093 1689 1175 1720 donn
1201 1700 1236 1720 es
1261 1699 1371 1721 waren
1397 1689 1485 1721 nicht
1505 1694 1590 1721 etwa

917 1734 953 1775 jc
984 1735 1084 1765 zwei
1114 1734 1187 1766 alae
1216 1736 1307 1766 einer
1335 1734 1459 1775 Legion
1490 1745 1590 1775 zuge-

922 1780 1027 1819 theut,
1047 1781 1187 1811 sondern
1203 1780 1239 1821 je
1258 1781 1337 1812 nach
1356 1780 1416 1811 den
1438 1779 1591 1813 Ulnst'a‘n-

922 1825 982 1856 den
1002 1826 1092 1857 mehr
1109 1826 1189 1857 oder
1206 1826 1364 1866 weniger.
1398 1825 1466 1857 Ala
1484 1825 1592 1857 alteru

921 1870 1041 1901 kiinnte
1056 1882 1116 1902 nur
1130 1871 1328 1902 bezeichnen
1345 1870 1396 1902 die
1411 1870 1520 1902 H'zill'te
1535 1871 1593 1902 der

921 1914 1040 1946 Arum
1059 1916 1118 1948 der
1135 1918 1224 1957 socii,
1244 1917 1303 1947 der
1320 1916 1492 1948 italischen
1508 1916 1591 1947 Bun-

922 1960 1165 2000 desgenossen‚
1190 1962 1240 1992 die
1265 1961 1295 1991 in
1314 1961 1368 1992 ala
1385 1961 1510 1993 (Ieoetra
1527 1962 1591 1992 und

922 2007 1063 2037 sinistra
1087 2006 1262 2038 zei-fivlen:
1287 2005 1368 2037 aber
1392 2006 1451 2037 der
1471 2005 1591 2039 Unter-

922 2051 1032 2082 schied
1062 2051 1225 2082 zwisrhen
1251 2053 1335 2083 socii
1356 2052 1419 2083 und
1443 2051 1591 2093 legiones

921 2095 1093 2127 Romanae
1119 2097 1208 2128 hatte
1233 2096 1423 2137 aufgcfflirt,
1453 2097 1592 2129 seitdem

921 2141 972 2172 ‹lie
991 2141 1126 2173 ltalikcr
1143 2142 1200 2173 das
1216 2142 1439 2182 Biirgerrerht
1455 2141 1589 2174 bekom-

921 2197 993 2218 men
1013 2188 1123 2219 hatten
1144 2187 1207 2218 565
1228 2188 1304 2226 (59).
1339 2188 1448 2220 altera
1465 2188 1508 2219 ist
1525 2187 1591 2219 Zu-

923 2236 995 2264 satz
1020 2243 1082 2264 von
1109 2233 1263 2273 jemand,
1288 2233 1359 2265 dem
1377 2233 1428 2265 die
1447 2233 1590 2265 Heeres-

923 2277 1125 2318 eiutheilung
1149 2278 1253 2309 l'remd
1277 2288 1363 2318 war,
1394 2279 1458 2310 und
1478 2278 1590 2310 darum

921 2322 974 2354 ala
983 2324 1065 2354 ohne
1073 2323 1180 2355 altera
1192 2323 1460 2355 unversta‘ndlich
1470 2323 1590 2355 schien.

962 2371 1093 2411 pat-iler-
1110 2370 1198 2400 steht
1216 2369 1285 2400 hier
1303 2369 1462 2411 tempora!
1480 2368 1534 2400 fiir
1547 2370 1592 2400 si-

920 2414 1004 2451 mul3
1030 2414 1069 2445 de
1094 2424 1142 2445 or.
1163 2413 1217 2454 lll,
1243 2413 1278 2449 3,
1308 2414 1346 2445 10
1370 2417 1407 2447 ut
1427 2414 1481 2446 ille
1499 2432 1541 2436 —
1560 2418 1592 2446 ν(

923 2461 1052 2491 rimis-se
1077 2462 1208 2502 paritet·
1237 2469 1311 2490 eum
1343 2470 1380 2491 re
1399 2459 1532 2503 publica
1559 2464 1590 2492 e!

923 2515 995 2537 eum
1015 2515 1053 2535 ea
1070 2506 1240 2536 aruncius
1258 2516 1331 2536 esso
1349 2506 1513 2538 videatur.

969 2550 1008 2581 de
1029 2561 1156 2591 genere
1181 2553 1250 2582 ioio
1277 2550 1372 2583 11111111.
1393 2550 1589 2583 adulescen—

925 2595 1012 2635 tium,
1033 2606 1061 2627 z.
1079 2594 1109 2636 ξ.
1128 2595 1180 2627 36.
