1684 2819
656 189 735 222 LIB.
752 188 805 221 111.
843 187 932 219 CAP.
952 188 982 219 5.
1000 186 1030 219 6.
1466 192 1544 230 197

144 296 314 334 futurum
344 293 411 340 sit3
439 292 624 331 miserum
646 297 704 330 est
724 292 825 330 enim
852 290 946 329 nihil
966 289 1231 341 proficientem
1253 290 1357 341 angi,
1383 303 1455 330 nec
1476 292 1545 331 ha-

144 352 234 390 bere
270 362 317 388 ne
354 349 435 400 spei
472 348 626 400 quidem
661 354 871 386 extremum
900 352 936 385 et
962 352 1089 385 tamen
1117 359 1325 386 commune
1352 348 1544 395 solatium,

146 406 371 458 praesertim
395 418 513 456 quum
536 417 605 442 vos
628 404 742 443 iidem
764 405 839 443 fato
863 403 942 442 fieri
964 403 1099 442 dicatis
1121 403 1269 449 omnia,
1293 403 1396 455 quod
1419 409 1546 442 autem

143 474 298 513 semper
325 474 370 500 ex
399 462 504 499 omni
534 461 752 499 aeternitate
777 472 907 498 verum
940 460 1066 506 suerit,
1094 459 1130 497 id
1161 472 1245 498 esse
1271 460 1402 498 fatum.
1446 459 1546 506 Quid

142 519 258 569 igitur
284 518 385 556 iuvat
412 523 476 556 aut
503 517 592 568 quid
622 518 731 555 affert
752 517 796 555 ad
821 516 1050 562 cavendum,
1078 515 1177 554 scire
1199 515 1337 566 aliquid
1361 517 1547 563 futurum,

144 587 263 625 quum
294 575 330 612 id
362 581 462 612 certe
490 574 660 612 futurum
689 571 766 610 sit?
813 572 923 610 Unde
950 584 1069 622 porro
1098 572 1168 609 ista
1197 570 1408 610 divinatio?
1451 571 1547 618 Quis

142 630 287 669 invenit
314 631 449 668 fissum
476 627 646 667 iecoris?
674 629 758 679 quis
781 627 946 666 cornicis
969 633 1122 665 cantum
1144 626 1320 666 notavit?
1350 628 1436 679 quis
1459 640 1547 666 sor—

143 685 232 725 tes‘?
255 686 393 737 quibus
416 698 485 735 ego
508 685 634 731 credo,
656 696 725 722 nec
742 695 904 735 possum
923 683 1012 721 Attii
1029 683 1147 728 Navii,
1171 696 1284 733 quem
1303 695 1547 722 commemo—

144 743 272 787 rabaS,
296 743 429 780 lituum
455 747 712 780 contemnere.
755 740 846 785 Sed,
869 742 933 789 qui
955 739 1027 776 ista
1049 739 1233 777 intellecta
1257 739 1352 785 sint,
1377 753 1396 778 a
1417 739 1546 790 philo-

144 798 279 850 sophis
303 799 422 836 debeo
445 796 610 842 discere,
640 795 865 846 praesertim
888 807 1007 845 quum
1029 795 1204 845 plurimis
1227 795 1272 832 de
1294 795 1409 833 rebus
1433 795 1548 833 divini

144 855 205 893 isti
234 854 478 892 mentiantur.
521 853 567 891 At
588 852 725 890 medici
749 864 901 903 quoque
925 851 995 900 (ita
1017 851 1120 889 enim
1143 851 1316 899 dicebas)
1342 864 1455 901 saepe
1478 851 1546 889 fal-

141 910 283 948 luntur.
322 909 420 956 Quid
445 908 567 947 simile
588 908 789 955 medicina,
813 908 920 946 cuius
943 920 1013 958 ego
1036 907 1224 945 rationem
1247 908 1370 953 video,
1394 913 1430 945 et
1452 907 1548 945 divi—

142 963 280 1005 natio?
309 978 404 1016 quae
426 965 528 1003 unde
550 965 693 1003 oriatur
714 976 794 1003 non
816 963 996 1013 intelligo.
1044 963 1102 1001 Tu
1123 969 1251 1001 autem
1273 964 1387 1001 etiam
1409 963 1548 1001 Decio—

143 1035 231 1061 rum
258 1021 526 1060 devotionibus
555 1021 726 1072 placatos
754 1021 846 1059 deos
875 1032 963 1058 esse
992 1032 1138 1058 censes.
1182 1020 1287 1066 Quae
1314 1019 1384 1057 fuit
1412 1031 1549 1057 eorum

142 1083 247 1117 tanta
275 1078 453 1128 iniquitas
469 1109 477 1124 ,
505 1082 547 1116 ut
568 1078 707 1128 placari
729 1077 875 1128 populo
898 1076 1077 1114 Romano
1100 1088 1179 1114 non
1201 1080 1364 1126 possent
1384 1075 1457 1113 nisi
1480 1075 1549 1113 viri

143 1134 237 1173 tales
257 1132 515 1172 occidissent?
548 1133 759 1172 Consilium
778 1133 865 1171 illud
884 1132 1175 1182 imperatorium
1194 1132 1275 1177 fuit,
1294 1131 1397 1182 quod
1416 1131 1550 1169 Graeci

145 1187 424 1244 σ’ῑρατήγημα
444 1190 647 1240 appellant,
672 1190 738 1227 sed
757 1202 891 1228 eorum
910 1189 1189 1239 imperatorum
1210 1188 1273 1238 qui
1291 1187 1435 1238 patriae
1454 1198 1549 1225 con—

145 1246 332 1291 sulerent,
364 1247 457 1284 vitae
484 1258 563 1284 non
590 1252 808 1296 parcerent3
836 1245 1019 1283 rebantur
1042 1245 1144 1282 enim
1167 1245 1268 1290 fore,
1299 1249 1340 1281 ut
1362 1243 1548 1281 exercitus

143 1302 428 1352 imperatorem,
450 1315 548 1352 equo
572 1301 728 1340 incitato
752 1315 793 1340 se
816 1302 853 1339 in
878 1302 1008 1339 hostes
1032 1300 1316 1346 immittentem,
1338 1312 1549 1350 perseque—

143 1364 267 1404 retur,
304 1358 341 1396 id
377 1358 479 1409 quod
515 1358 649 1396 evenit.
697 1358 790 1396 Nam
820 1358 938 1396 Fauni
973 1369 1103 1394 vocem
1133 1357 1310 1407 equidem
1339 1367 1549 1405 numquam

145 1414 284 1453 audivi.
334 1414 435 1459 Tibi,
467 1414 498 1452 si
527 1414 679 1452 audisse
705 1420 741 1452 te
770 1414 885 1460 dicis,
917 1413 1088 1451 credam:
1117 1413 1187 1451 etsi
1209 1413 1364 1450 Faunus
1388 1411 1548 1449 omnino

144 1525 203 1555 der
222 1524 339 1556 Giitter
362 1524 549 1565 angeffihrt.
597 1524 665 1556 Der
681 1524 810 1565 Ansang

142 1570 202 1600 der
230 1570 376 1609 dagegen
406 1570 609 1609 geriehteten
638 1569 809 1601 Widerle-

142 1625 229 1654 gung
258 1615 301 1646 ist
329 1614 500 1645 verloren:
535 1615 586 1645 die
617 1615 809 1645 erhaltenen

142 1658 263 1690 W'orte
282 1660 425 1699 gehiiren
451 1670 491 1689 zu
515 1659 574 1689 der
590 1658 809 1699 Argumenta-

142 1704 226 1744 tion,
245 1704 321 1735 dass
340 1704 390 1735 die
409 1703 686 1744 VVeissagungen,
705 1704 810 1734 selbst

142 1759 237 1779 wenn
257 1749 304 1779 sie
322 1749 414 1779 mehr
431 1749 479 1779 als
498 1748 549 1778 ein
568 1748 695 1779 blosses
712 1749 807 1779 Hirn-

143 1794 292 1835 gespinst
308 1794 433 1832 wiiren,
454 1793 534 1824 doch
553 1793 613 1823 den
630 1793 807 1824 Menschen

141 1838 247 1869 nichts
278 1838 397 1869 niitzen
427 1838 579 1879 wiirden,
609 1838 704 1876 weil,
739 1847 807 1868 was

141 1883 259 1914 einmal
284 1883 450 1914 bestilnmt
474 1883 522 1913 sei
547 1892 587 1912 zu
611 1882 807 1922 gescbehen,

140 1927 236 1966 doeh,
271 1928 352 1958 auch
386 1937 481 1958 wenn
515 1936 586 1957 man
621 1937 656 1958 es
686 1927 809 1957 vorher

139 1972 258 2012 wisse,
301 1972 389 2003 nicht
421 1971 637 2012 abgewendet
673 1972 807 2002 werden

139 2016 258 2048 ko'nne.
307 2017 406 2048 Diese
425 2017 696 2057 Arguinentation
723 2027 749 2047 s.
768 2017 807 2047 de

140 2061 249 2093 D1vin.
268 2060 305 2101 Il,
325 2062 355 2100 S,
374 2061 428 2092 20.

184 2106 221 2138 id
236 2118 309 2138 esse
321 2107 454 2148 satum.
489 2106 564 2146 Vgl.
583 2117 624 2137 zu
641 2105 663 2144 1,
683 2105 736 2146 20,
755 2106 808 2137 55.

142 2150 321 2193 Chrysipps
341 2151 518 2182 Definition
543 2151 594 2181 bei
612 2151 732 2182 Euseb.
758 2161 806 2191 pr.

142 2206 192 2226 ev.
212 2195 272 2235 VI,
292 2196 320 2237 7,
342 2195 380 2226 13
400 2196 519 2227 lautet:
549 2192 588 2226 τὸ
614 2191 808 2238 ἀπαράβα-

141 2250 207 2272 τον
232 2241 289 2271 καὶ
315 2239 350 2277 ἐξ
379 2241 513 2275 αἰῶνος
542 2240 707 2281 καθῆκον
737 2240 809 2271 τῶν

145 2285 282 2323 αἰτιῶν,
292 2281 361 2315 ὅσα
377 2283 510 2316 οὑτωσὶ
525 2281 808 2327 κατηναγκάσθη

142 2330 335 2372 γενέσθαι,
371 2330 429 2361 καὶ
464 2326 534 2361 ὅσα
567 2325 682 2364 ἄλλως
715 2328 810 2372 ἔχειν

144 2371 351 2406 κεκώλυται.

181 2421 310 2461 fissum
349 2421 491 2452 iecoris:
538 2419 810 2451 wahrscheinlieh

148 2464 218 2495 eine
237 2464 348 2506 Spalte
367 2466 446 2496 oder
464 2465 515 2495 ein
534 2465 732 2504 Einschnitt,
752 2464 811 2495 der

147 2508 198 2539 die
226 2510 481 2541 verschiedenen
504 2509 634 2551 Lappen
665 2510 724 2540 der
747 2509 810 2540 Le-

149 2552 208 2583 her
232 2557 356 2595 trennt,
387 2555 439 2585 bei
463 2554 589 2585 Seneca
612 2553 726 2596 Oedip.
747 2553 810 2584 365

149 2598 230 2628 auch
255 2598 347 2630 limes
371 2604 523 2640 genannt.
573 2599 610 2630 Je
635 2600 714 2630 nach
733 2598 810 2631 Uin-

883 1525 1021 1555 st'anden
1054 1524 1210 1554 bedeutet
1239 1524 1296 1554 das
1316 1523 1448 1565 fissum
1475 1522 1550 1553 bald

884 1568 1007 1607 Gliick,
1032 1568 1105 1599 bald
1130 1568 1295 1608 Ungliick,
1323 1578 1358 1599 es
1383 1567 1475 1607 giebt
1498 1567 1549 1598 ein

873 1614 1003 1655 fissum.
1021 1613 1119 1644 vitale
1141 1614 1206 1643 und
1230 1613 1281 1643 ein
1296 1613 1425 1655 fissum
1437 1613 1552 1653 sami-

881 1658 964 1689 liare
989 1669 1019 1688 u.
1045 1658 1148 1697 dergl.
1169 1658 1268 1688 mehr.
1311 1657 1344 1687 S.
1364 1658 1403 1688 de
1422 1657 1494 1687 Div.
1513 1655 1550 1696 ll,

883 1702 912 1744 6,
933 1703 982 1733 12.
1006 1702 1056 1733 13.
1089 1702 1234 1733 Brisson.
1254 1702 1292 1732 de
1311 1701 1421 1733 Forln.
1439 1701 1462 1739 I,
1481 1700 1534 1731 31.

927 1750 1048 1788 sortes,
1066 1747 1274 1787 dergleichen
1294 1746 1490 1777 namentlicb
1509 1746 1551 1776 im

882 1792 1017 1833 Tempel
1047 1792 1106 1822 der
1135 1791 1284 1822 Fortuna
1318 1802 1359 1821 zu
1388 1790 1550 1821 Pr'aneste

882 1847 941 1867 zur
960 1836 1184 1876 W'eissagnng
1204 1836 1384 1876 gebraucht
1402 1835 1549 1877 wurden,

881 1891 992 1912 waren
1017 1880 1213 1920 T'zif'elchen,
1245 1881 1295 1911 die
1319 1879 1551 1920 gleichm'a'ssig

881 1926 1059 1967 gelnischt,
1086 1930 1171 1957 etwa
1196 1925 1260 1956 wie
1285 1925 1336 1955 ein
1356 1925 1446 1967 Spiel
1464 1924 1549 1956 Har-

881 1976 953 2010 ten,
980 1970 1009 2001 in
1036 1970 1087 2001 ein
1108 1969 1229 2001 Gel'iiss
1254 1970 1373 2010 gethan
1398 1970 1462 2001 und
1486 1980 1549 2000 von

881 2016 1029 2046 welchen
1058 2016 1141 2046 dann
1172 2015 1262 2046 eines
1293 2015 1373 2045 oder
1401 2015 1550 2045 lnehrere

881 2070 1089 2100 ausgezogen
1105 2060 1252 2091 wurden.
1277 2059 1386 2090 Daher
1399 2060 1450 2089 die
1461 2059 1549 2090 Aus-

882 2105 1006 2136 driicke
1029 2108 1138 2136 sortes
1157 2115 1318 2146 aequare,
1342 2106 1470 2135 sortem.
1487 2103 1549 2134 du-

882 2161 956 2182 cere
979 2150 1060 2180 oder
1084 2150 1227 2181 trahere.
1278 2148 1307 2180 V
1309 2148 1353 2188 gl.
1378 2149 1417 2178 de
1436 2148 1508 2178 Div.
1526 2146 1550 2186 l,

884 2195 940 2233 18,
966 2194 1019 2224 34.
1055 2193 1095 2233 11,
1121 2193 1179 2231 33,
1199 2192 1252 2223 70.
1287 2193 1343 2234 41,
1368 2192 1420 2223 86.
1456 2192 1548 2223 Suet.

883 2239 993 2270 Tiber.
1017 2238 1066 2269 14.
1100 2237 1254 2268 lndessen
1273 2247 1385 2267 waren
1405 2237 1456 2267 die
1474 2247 1549 2268 sor-

884 2287 933 2315 tes
962 2284 1049 2314 nicht
1068 2283 1132 2314 alle
1151 2292 1214 2313 von
1239 2282 1356 2312 einer
1378 2282 1455 2321 Art,
1485 2281 1550 2312 und

879 2330 959 2369 jene
978 2327 1174 2359 Ausdriicke
1199 2327 1397 2357 bezeichnen
1420 2327 1550 2357 deswe-

883 2384 944 2414 gen
962 2373 1043 2404 auch
1063 2373 1152 2403 nicht
1181 2372 1238 2402 das
1262 2371 1390 2411 gleiehe
1407 2370 1550 2403 Vertah-

883 2429 941 2450 ren
959 2418 1011 2449 bei
1028 2418 1126 2448 allen.

932 2463 982 2493 15.
1008 2462 1191 2494 Deciorum
1207 2460 1447 2492 devotionibus.
1468 2458 1548 2500 S.ll,

884 2510 914 2547 ἀ,
936 2507 986 2538 10.

929 2552 1069 2584 Faunus
1095 2552 1227 2582 omuino
1252 2549 1334 2592 quid
1361 2552 1406 2581 sit
1428 2551 1549 2590 nescio,

885 2598 914 2628 d.
931 2598 961 2629 h.
979 2597 1029 2628 als
1047 2596 1240 2637 Philosoph,
1265 2595 1373 2626 zumal
1395 2594 1445 2626 als
1462 2593 1550 2625 Aka-

1580 860 1618 891 15
