1684 2819
87 354 146 388 131

182 189 260 230 168
651 186 706 217 DE
732 185 913 219 NATURA
940 186 1119 220 DEORUM

180 302 248 329 eos
270 289 384 328 etiam
405 287 592 327 conserit:
615 298 796 337 magnam
819 287 922 325 enim
943 287 1020 326 vim
1041 289 1234 327 seminum
1257 301 1388 328 secum
1405 289 1586 328 frumenti

181 346 365 386 similium
394 344 531 383 dicitur
557 343 773 394 deportare.
815 342 1007 393 Multaque
1033 343 1102 383 alia
1129 344 1168 382 in
1190 344 1271 383 aliis
1292 345 1388 383 locis
1412 358 1585 384 comme-

179 401 378 441 morabilia
406 400 581 451 proferre
605 411 789 450 possum,
818 399 961 437 multos
983 399 1124 438 fertiles
1146 413 1280 451 agros,
1307 401 1401 440 alios
1423 401 1586 440 aliorum

100 461 155 500 53
180 460 387 497 fructuum.
430 455 506 494 Sed
534 455 592 494 illa
621 461 762 506 quanta
788 454 1002 505 benignitas
1031 461 1206 502 naturae,
1233 458 1336 507 quod
1366 463 1443 496 tam
1466 458 1586 497 multa

86 856 149 889 132

86 1364 148 1397 133

177 514 224 552 ad
246 513 496 559 vescendum,
526 517 602 550 tam
625 511 724 550 varia
756 516 909 562 tamque
937 511 1100 550 iucunda
1131 512 1267 562 gignit,
1297 525 1421 563 neque
1443 526 1484 551 ea
1508 526 1584 552 uno

177 575 354 620 tempore
376 569 478 613 anni,
504 574 544 606 ut
565 581 718 618 semper
740 574 776 606 ct
797 567 964 606 novitate
986 568 1217 606 delectemur
1239 574 1276 606 et.
1292 568 1419 618 copia!
1462 570 1585 616 Quam

178 626 429 676 tempestivos
459 630 585 663 autem
614 624 735 669 dedit,
767 636 883 674 quam
913 624 1096 663 salutares
1123 636 1203 662 non
1232 624 1349 662 modo
1372 625 1587 670 hominum,

179 682 246 721 scd
268 682 382 720 etiam
404 681 597 732 pecudum
618 680 757 731 generi,
781 680 826 719 iis
851 680 1012 730 denique
1035 680 1229 727 omnihus,
1253 693 1348 730 quae
1370 681 1546 719 oriuntur
1568 695 1587 719 e

180 743 298 784 terra,
326 743 461 776 ventos
490 736 658 784 Etesias‚
688 749 854 787 quorum
883 737 973 776 [latu
1000 737 1107 775 nimii
1135 742 1397 787 temperantur
1426 736 1587 775 calores!

178 794 234 833 Ab
270 794 407 833 iisdem
443 794 556 832 etiam
591 793 771 832 maritimi
808 805 944 832 cursus
983 793 1127 831 celeres
1164 799 1200 831 et
1237 793 1327 831 certi
1360 793 1586 843 diriguntur.

177 851 293 890 Multa
320 850 597 902 praetereunda
626 855 736 896 sunt,
767 855 803 888 et
830 857 956 888 tamen
985 850 1102 888 multa
1125 850 1317 888 dicuntur.
1361 849 1588 888 Enumerari

177 907 280 947 enim
318 919 396 946 non
433 911 600 958 possunt
634 906 837 944 lluminuin
875 906 1202 957 opportunitates,
1240 912 1369 944 aestus
1407 905 1588 944 maritimi

177 970 314 1003 mutuo
343 963 567 1002 accedentes
592 968 628 1000 et
647 962 890 1007 1·ecedontes‚
919 968 1073 1000 montes
1097 962 1220 1000 vestiti
1243 969 1355 1012 atque
1377 961 1585 1006 silvestres,

178 1020 321 1058 salinae
350 1019 395 1058 al)
425 1031 490 1057 ora
513 1019 701 1057 maritima
724 1018 1023 1064 remotissimae,
1051 1019 1424 1057 medicamentorum
1446 1018 1588 1056 saluta-

177 1077 277 1114 rium
301 1075 548 1126 plenissimae
570 1080 711 1122 torrae,
736 1074 846 1113 dotes
870 1074 1034 1125 denique
1057 1074 1355 1113 innumerabiles
1378 1074 1423 1112 ad
1446 1074 1588 1112 victum

177 1137 213 1171 et
234 1133 280 1171 ad
304 1132 415 1170 vitam
438 1131 687 1170 necessariae.
730 1131 809 1168 lam
830 1130 904 1169 diei
926 1131 1130 1181 noctisque
1148 1130 1368 1169 vicissitudo
1387 1136 1588 1169 conservat

178 1189 411 1235 animantes,
442 1188 613 1226 tribuens
642 1187 741 1225 aliud
767 1187 900 1237 agendi
925 1193 1095 1238 tempus,
1124 1187 1222 1225 aliud
1247 1186 1482 1237 quiescendi.
1525 1186 1589 1224 Sic

178 1245 348 1295 undique
386 1245 492 1282 omni
528 1244 676 1282 ratione
714 1243 971 1289 concluditur,
1017 1251 1143 1281 mente
1179 1243 1418 1293 consilioque
1459 1241 1586 1280 divino

180 1301 308 1339 omnia
345 1301 383 1338 in
419 1301 495 1338 hoc
531 1300 678 1338 mundo
709 1300 753 1337 ad
784 1300 945 1337 salutem
975 1300 1148 1337 omnium
1178 1298 1587 1348 conservationemquc

177 1356 450 1395 admirabiliter
492 1355 764 1395 administrari.
835 1356 903 1393 Hic
940 1362 1094 1406 quaerat
1131 1355 1344 1406 quispiam,
1388 1354 1601 1392 cuiusnam*

178 1425 315 1451 caussa
347 1418 542 1451 tantarum
570 1424 698 1450 rerum
727 1411 875 1449 molitio
905 1413 997 1450 sacta
1027 1412 1093 1457 sit;
1127 1412 1360 1449 arhorumne
1387 1417 1422 1449 et
1450 1410 1588 1449 herba-

176 1467 293 1507 rum?
330 1481 425 1520 quae
453 1481 684 1519 quamquam
714 1468 796 1506 sine
825 1481 944 1506 sensu
972 1474 1081 1514 sunt,
1111 1474 1239 1506 tamen
1269 1472 1445 1504 anatum
1468 1466 1587 1504 susti-

177 1530 330 1565 nentur.
363 1526 410 1564 At
432 1525 467 1563 id
491 1525 645 1575 quidem
668 1524 879 1563 absurdum
902 1530 970 1562 est.
998 1524 1056 1562 An
1073 1521 1311 1562 bestiarum?
1348 1522 1473 1561 Nihilo
1492 1535 1586 1572 pro-

177 1581 358 1629 babilius,
396 1582 490 1620 deos
526 1587 723 1619 mutorum
762 1587 796 1619 ct
834 1581 924 1619 nihil
959 1581 1247 1630 intelligentium
1278 1592 1414 1618 caussa
1442 1584 1589 1617 tantum

222 1697 290 1737 53.
335 1704 408 1736 131.
458 1707 572 1736 ventos
606 1704 752 1736 Etesias.
802 1704 845 1734 so
922 1704 1099 1735 Mcnschcn
1120 1703 1218 1735 theils
1237 1702 1472 1742 zurNahi-ung
1490 1701 1586 1733 theils

177 1754 296 1781 nannte
314 1760 387 1781 man
412 1749 464 1780 die
484 1748 623 1787 &Vindm
649 1749 700 1779 die
726 1760 764 1780 zu
790 1748 847 1785 be-

178 1795 343 1826 stimmten
361 1794 477 1826 Zeiten
496 1794 660 1825 cinti-etcn
679 1794 741 1824 und
760 1794 844 1824 dann

176 1839 249 1870 eine
268 1839 425 1879 Zeitlang
449 1840 564 1870 immet·
586 1849 646 1869 aus
671 1839 845 1870 derselben

177 1883 313 1924 Gegend
328 1895 368 1915 zu
378 1885 493 1915 weluen
508 1883 708 1921 l'ortl'ahren3
725 1884 844 1914 beson-

177 1929 253 1960 ders
277 1929 328 1959 die
352 1928 659 1967 Nordwestuimtv,
690 1928 741 1958 die
771 1938 845 1959 xom

177 1973 506 2005 Sommersolstitiuin
522 1973 569 2004 bis
585 1984 625 2004 zu
639 1973 699 2003 den
717 1972 844 2003 llunds-

175 2022 272 2059 tagen
291 2029 331 2050 zu
346 2019 524 2049 hcrrschen
541 2020 676 2060 ptlegen.
712 2018 744 2048 S.
762 2017 845 2048 For-

175 2063 269 2104 higer
303 2063 426 2095 Handb.
459 2064 518 2094 der
550 2064 639 2094 alten
675 2061 797 2102 Geogr.
829 2061 839 2092 l

175 2119 205 2150 p.
224 2108 300 2139 619.

224 2168 297 2200 132.
329 2171 444 2200 aestas
473 2169 645 2199 ηρανίἰίηιί.
679 2167 712 2198 S.
745 2177 784 2197 zu
815 2177 841 2197 c.

178 2214 207 2252 7,
232 2214 282 2245 19.

219 2277 352 2305 montes
380 2275 492 2305 vestiti
521 2276 620 2314 atque
652 2272 842 2304 silvestres:

176 2320 234 2351 das
253 2319 371 2350 zweite
397 2329 458 2350 zur
475 2317 760 2357 Verdeutlichung
779 2317 844 2348 und

177 2365 299 2396 niihern
313 2364 534 2402 Bestiimnung
548 2363 606 2394 des
621 2367 743 2394 ersten.
769 2361 842 2402 vgt.

177 2419 204 2441 c.
223 2409 277 2448 64,
300 2409 377 2440 161:
398 2411 604 2450 vestitusque
621 2407 844 2439 mmsis-simos

175 2456 354 2487 montium.

221 2514 317 2547 dotes
333 2514 475 2556 denique
489 2514 698 2546 innmuerab.
709 2525 719 2543 :
738 2512 844 2553 „kurz

177 2559 290 2592 Gaben
315 2560 398 2591 ohne
422 2559 539 2598 Zahl“‚
570 2559 629 2589 mit
657 2558 761 2589 denen
792 2557 843 2588 die

179 2605 264 2636 Erde
282 2608 507 2645 ausgcstattet
528 2604 589 2643 ist,
616 2603 681 2634 und
705 2603 756 2633 dic
782 2602 844 2633 den

921 1760 960 1780 zu
987 1760 1028 1779 so
1041 1761 1057 1779 n
1069 1749 1202 1789 stigen
1222 1747 1584 1779 Lehensbcdiirl'nisscn

922 1794 978 1833 (ml
994 1796 1117 1826 rictum
1135 1797 1167 1825 et
1182 1793 1228 1824 ad
1244 1794 1361 1828 tilam)
1388 1791 1587 1824 uneutbehr-

920 1839 983 1869 lich
1004 1839 1086 1870 sind.
1116 1839 1266 1880 Denique
1289 1839 1379 1868 dicut
1404 1836 1586 1877 rcgclmiis—

920 1884 979 1923 sig,
1005 1895 1057 1915 um
1083 1885 1163 1914 nach
1183 1883 1393 1922 Aul'ziihlung
1414 1892 1477 1912 von
1496 1881 1585 1912 meh—

920 1939 1016 1959 rcrcn
1038 1928 1262 1959 Einzclheiten
1289 1928 1346 1958 mit
1373 1927 1464 1957 cinci·
1480 1926 1586 1966 allge-

920 1973 1045 2004 mcinen
1066 1973 1129 2003 und
1149 1973 1377 2003 uml'asscndcu
1393 1971 1526 2011 Angabc
1545 1982 1586 2001 zu

919 2017 1110 2048 schlicsscu.
1126 2036 1168 2039 —
1186 2021 1290 2057 artes,
1304 2026 1372 2047 was
1387 2017 1437 2047 die
1450 2016 1586 2047 lldschr.

919 2063 971 2093 fiir
987 2063 1082 2093 dotes
1102 2062 1218 2099 haben,
1237 2062 1279 2092 ist
1297 2072 1357 2092 nur
1375 2060 1585 2092 Schreibsch-

918 2107 985 2140 lcr:
1013 2108 1103 2138 hiitte
1123 2107 1189 2138 Cic.
1214 2107 1285 2137 hicr
1307 2107 1366 2137 dci·
1384 2105 1511 2138 litinste
1531 2116 1585 2137 cr-

918 2153 1042 2194 wiihnt,
1067 2163 1102 2183 so
1124 2153 1215 2183 hiittc
1231 2162 1268 2183 er
1281 2152 1374 2182 einen
1391 2151 1513 2182 Fehlcr
1526 2150 1583 2181 bc-

917 2207 1043 2237 gangcu
1064 2197 1126 2228 und
1145 2197 1498 2236 Versehicdenartigcs
1522 2206 1583 2226 un-

917 2242 1054 2282 gchh'rig
1082 2242 1272 2272 vermischt.
1307 2242 1398 2272 Dcnn
1422 2241 1473 2272 die.
1492 2239 1583 2271 titin-

919 2292 968 2318 sto
987 2287 1128 2318 erlindct
1151 2287 1210 2318 der
1228 2286 1380 2326 Mense-h,
1408 2286 1458 2317 die
1477 2284 1584 2316 Natu:-

917 2332 973 2363 hat
997 2332 1059 2363 ihm
1085 2342 1146 2362 nur
1171 2332 1222 2362 die
1242 2331 1417 2370 Fiihigkeit
1434 2340 1475 2360 zu
1494 2330 1583 2360 ihrer

917 2377 1099 2417 Erlindung
1115 2376 1280 2417 gegebem
1300 2376 1347 2406 sie
1366 2374 1497 2406 durften
1511 2375 1581 2405 also

919 2422 1006 2453 nicht
1029 2422 1087 2452 mit
1110 2422 1170 2452 den
1195 2421 1372 2451 heilsamen
1398 2419 1461 2450 und
1486 2419 1582 2450 niitz-

918 2467 1023 2498 lichcn
1039 2465 1407 2505 Naturerscheinungen
1423 2464 1487 2495 und
1498 2464 1583 2496 Pro-

917 2511 1035 2542 ‹luetcn
1060 2509 1418 2550 zusamincngeworl'cn
1437 2509 1583 2541 werden.

918 2556 1009 2587 Auch
1027 2556 1110 2586 uird
1129 2556 1218 2586 ihrer
1236 2555 1377 2586 nachhcr
1394 2565 1420 2585 c.
1437 2554 1490 2593 59,
1508 2554 1582 2595 148,

918 2611 967 2632 am
986 2600 1207 2632 schicklichen
1225 2599 1339 2631 Ptatze
1358 2599 1507 2641 gedacht.
