1684 2819
107 154 161 195 48
573 153 780 188 L1BER1.
809 156 943 198 31‚77.
994 155 1048 188 32.

105 269 222 310 modo
244 268 412 318 auditis,
447 268 570 308 multo
592 267 734 321 magis.
776 268 842 310 M.
874 268 1016 311 Veniet
1038 276 1188 325 tempus
1211 276 1250 310 et
1273 269 1429 323 quidem
1458 281 1523 310 ce-

104 326 245 367 leriter
276 333 314 366 et
345 325 432 366 sive
459 324 696 366 retractabis
725 324 812 365 sive
843 326 1094 380 properabis3
1129 327 1237 367 volat
1266 327 1366 367 enim
1390 333 1518 367 aetas.

105 382 276 423 Tantum
299 389 429 422 autem
451 381 564 421 abest
584 381 632 420 ab
654 394 700 421 eo
716 411 726 430 ,
763 388 806 421 ut
826 383 970 422 malum
993 397 1100 424 mors
1122 383 1197 432 sit,
1235 383 1336 436 quod
1361 383 1430 423 tibi
1453 383 1522 424 du-

102 439 192 480 dum
216 439 438 487 videbatur,
462 444 506 477 ut
525 451 686 487 verear,
712 450 761 477 ne
784 438 933 478 homini
955 438 1054 479 nihil
1075 439 1128 480 sit
1147 453 1226 480 non
1248 439 1391 481 malum
1414 440 1521 481 aliud

108 502 240 544 certe,
274 495 344 536 sed
366 494 463 535 nihil
486 494 629 534 bonum
651 495 754 535 aliud
778 494 907 548 potius
923 524 933 544 ‚
968 495 1001 535 si
1023 495 1179 548 quidem
1200 497 1266 537 vel
1287 496 1339 537 dii
1360 497 1435 551 ipsi
1457 497 1522 537 vel

104 566 190 592 cum
214 551 288 592 diis
311 551 432 591 futuri
455 564 606 592 sumus.
650 550 710 593 A.
737 550 836 602 Quid
856 551 1006 591 refert?
1045 551 1112 592 M.
1136 551 1291 593 Adsunt
1312 554 1432 604 euim,
1458 554 1523 607 qui

103 608 201 648 haec
224 622 303 648 non
325 607 506 662 probent.
547 608 632 662 Ego
656 615 787 649 autem
809 622 1020 661 numquam
1042 608 1097 648 ita
1120 615 1159 649 te
1179 608 1219 648 in
1241 608 1315 649 hoc
1337 623 1522 651 sermone

44 674 84 705 77
104 664 314 715 dimittam,
339 664 419 705 ulla
440 665 596 706 ratione
617 672 660 706 ut
680 679 787 706 mors
804 665 873 705 tibi
890 665 1015 706 videri
1033 665 1179 706 malum
1197 665 1335 719 possit.
1368 667 1428 710 A.
1448 666 1522 717 Qui

103 728 249 776 potest,
274 735 392 774 quum
414 722 492 762 ista
515 722 799 776 cognoverim?
838 722 904 764 M.
939 722 1012 772 Qui
1036 722 1178 776 possit,
1203 723 1352 776 rogas?
1383 722 1523 763 Cater-

103 791 178 819 vae
201 778 365 819 veniunt
387 785 527 819 contra
549 779 788 829 dicentium,
822 793 895 820 nec
927 779 1055 820 solum
1077 779 1387 833 Epicureorum,
1423 793 1521 833 quos

100 835 279 889 equidem
308 849 388 876 non
419 836 591 890 despicio
609 866 619 884 ‚
655 836 725 876 sed
747 836 880 876 nescio
903 849 980 889 quo
1002 837 1118 876 modo
1141 836 1392 877 doctissimus
1415 837 1521 890 quis-

101 905 176 945 que
208 893 426 933 contemnit
441 922 451 941 ,
496 893 688 933 acerrime
730 900 860 933 autem
903 893 1067 933 deliciae
1108 905 1218 933 meae
1249 893 1519 934 Dicaearchus

102 955 241 989 contra
285 949 385 989 hanc
425 949 759 990 immortalitatem
799 949 1000 991 disseruit.
1055 950 1090 990 Is
1130 949 1234 990 enim
1275 956 1357 991 tres
1398 950 1520 991 libros

101 1005 275 1059 scripsit,
301 1005 366 1058 qui
388 1006 567 1046 Lesbiaci
590 1013 798 1055 vocantur,
833 1007 934 1059 quod
954 1006 1158 1062 Mytilenis
1181 1019 1313 1047 sermo
1336 1006 1517 1057 habetur,

100 1061 143 1102 in
171 1062 310 1115 quibus
339 1062 425 1103 vult
456 1064 633 1113 efficere,
677 1063 829 1104 animos
861 1077 950 1104 esse
980 1063 1183 1104 mortales.
1237 1062 1359 1104 Stoici
1389 1071 1519 1104 autem

99 1132 259 1159 usuram
291 1119 402 1159 nobis
432 1119 676 1174 largiuntur,
711 1127 908 1174 tamquam
938 1119 1186 1171 cornicibus3
1211 1119 1287 1176 ,diu
1309 1133 1518 1161 mansuros

101 1174 212 1216 aiunt
233 1175 402 1226 animos,
428 1190 598 1231 semper,
624 1184 786 1231 negant.

29 1231 86 1277 32
217 1231 320 1272 Num
342 1246 422 1273 non
444 1234 503 1274 vis
525 1234 648 1288 igitur
679 1235 836 1283 audire,
873 1248 968 1283 cur,
1004 1234 1122 1274 etiam
1152 1233 1186 1273 si
1218 1233 1273 1273 ita
1303 1233 1376 1283 sit,
1409 1247 1518 1275 mors

101 1295 232 1330 tamen
254 1303 333 1330 non
355 1290 467 1331 sitin
489 1291 631 1332 malis?
669 1291 729 1332 A.
768 1290 815 1331 Ut
843 1291 1023 1341 videtur3
1057 1291 1125 1331 sed
1155 1303 1218 1331 me
1240 1303 1355 1332 nemo
1379 1290 1425 1332 de
1447 1291 1519 1332 im-

141 1416 181 1444 ut.
206 1423 351 1454 verear,
385 1425 427 1446 ne
454 1420 544 1447 ete.:
582 1415 688 1455 „dass
719 1415 770 1447 ich

98 1457 251 1499 siirchte,
280 1470 314 1491 es
338 1460 422 1500 gebe
443 1460 641 1502 jedensalls,
661 1461 771 1493 nichts

93 1504 237 1536 anderes
268 1505 360 1536 nicht
390 1505 587 1538 Schlechtes
622 1506 676 1539 fiir
708 1507 771 1538 den

92 1548 294 1590 menschen,
326 1550 407 1595 aber
431 1552 512 1584 noch
534 1552 641 1584 licber
660 1553 771 1584 nichts

93 1595 237 1628 anderes
250 1594 396 1628 Gutes“.
417 1598 541 1629 Potius
554 1597 594 1629 ist
609 1598 682 1630 also
696 1598 772 1630 hier

94 1641 186 1673 nicht
201 1640 374 1685 Adjectiv‚
408 1643 554 1675 sonderu
572 1643 635 1675 sed
649 1646 771 1685 potius

93 1687 185 1718 steht
202 1687 275 1719 dem
295 1692 389 1720 certe
407 1689 612 1730 gegeniiber.

143 1745 236 1787 Quid
252 1746 392 1787 refert?
414 1746 546 1778 scheint
564 1745 626 1777 aus
641 1746 694 1778 die
713 1746 776 1778 auf

94 1790 291 1822 Sebrauben
319 1791 476 1831 gestellte
503 1791 770 1824 dilemmatische

93 1835 309 1877 Aeusserung
327 1837 384 1868 des
403 1835 568 1877 Magister
588 1848 628 1868 zu
648 1839 768 1878 gehen,

94 1882 167 1914 dem
182 1882 285 1913 sehon
300 1882 527 1921 vorschwebt‚
545 1882 624 1914 dass
637 1882 770 1915 Andere

94 1928 147 1959 dic
188 1926 478 1959 Unsterblichkeit
516 1927 659 1970 liiugnen
703 1929 769 1960 und

95 1973 173 2005 dass
199 1973 287 2005 dann
314 1973 373 2005 der
391 1972 461 2005 Tod
483 1984 544 2005 nur
572 1974 623 2005 als
652 1974 770 2006 nicht

95 2019 323 2059 schlecht,
355 2019 446 2051 nieht
469 2019 519 2051 als
547 2025 621 2060 gut
648 2021 770 2052 erwie-

94 2074 150 2096 sen
169 2064 305 2096 werden
324 2065 425 2096 kann.

140 2121 284 2154 Adsunt
309 2124 399 2153 enim
421 2126 486 2154 etc.
519 2121 608 2163 ,.Ja.
637 2133 671 2153 cs
695 2122 767 2153 siud

94 2166 201 2199 Lente
221 2167 264 2199 da
284 2168 368 2198 —“.

141 2225 195 2255 Π.
232 2226 302 2266 ‚Qui
322 2228 446 2267 potest
467 2242 512 2247 —
541 2224 610 2266 ,Qui
628 2228 770 2267 possib?

95 2269 353 2311 crg'zinzefiet·z'‚
375 2270 438 2301 wie
461 2270 515 2311 12,
535 2270 591 2301 23.

141 2338 229 2369 quos
270 2327 423 2368 equidem
466 2332 532 2358 cte.
551 2350 560 2365 ,
603 2326 766 2358 ironisch.

94 2372 257 2404 Aehnlich
286 2372 325 2405 ΙΙ.
354 2375 395 2412 25,
425 2373 463 2403 T:
501 2382 588 2414 quos
614 2372 768 2414 (Epe'eu-

94 2418 200 2461 reos)
245 2429 312 2450 non
362 2422 544 2450 contemno
594 2418 764 2460 equidem,

96 2467 224 2506 quippe
242 2475 329 2506 quos
347 2474 539 2505 numquam
561 2463 723 2505 leget-im.

139 2512 314 2542 acerrime
331 2513 447 2542 aulem
464 2534 471 2544 ,
503 2508 556 2540 fiir
579 2509 641 2541 sed
659 2512 764 2541 etiam

96 2556 246 2587 aliorum
272 2556 587 2597 philosophorum,
621 2566 664 2586 ea·
690 2558 767 2597 qui-

98 2601 158 2631 bus
178 2604 350 2633 acerrime
370 2601 513 2633 deliciae
532 2605 596 2633 etc.

888 1415 1151 1449 Dicaearchus.
1183 1413 1454 1457 Peripatetiker,
1487 1426 1514 1448 s.

845 1461 898 1501 1⁴¹,
919 1461 983 1499 213
1015 1460 1066 1501 11,
1089 1460 1153 1500 243
1182 1459 1236 1500 22,
1258 1461 1313 1492 51.

888 1507 1025 1547 efficere
1067 1506 1297 1547 „beweisen“
1341 1505 1515 1538 bisweilen

840 1551 901 1583 mit
919 1552 1001 1584 Aee.
1028 1562 1057 1583 c.
1080 1550 1159 1591 1nf.,
1187 1551 1341 1593 hiiufiger
1366 1551 1448 1584 aber
1473 1552 1516 1584 ist

841 1598 926 1629 auch
961 1597 994 1628 in
1028 1597 1153 1629 diesem
1188 1596 1289 1628 Sinne
1324 1600 1386 1637 ut,
1433 1598 1517 1629 ohne

842 1643 922 1674 dass
957 1642 1016 1674 das
1049 1642 1128 1674 Act.
1163 1642 1246 1674 oder
1275 1641 1406 1674 Passiv.
1434 1642 1516 1684 (wie

840 1687 963 1731 Zumpt
979 1687 1037 1720 Gr.
1052 1688 1146 1729 §615
1161 1687 1282 1730 meint)
1302 1687 1399 1720 dabei
1418 1688 1516 1721 einen

842 1733 1065 1766 Unterschied
1092 1734 1236 1766 machte.
1281 1733 1358 1775 vgl.
1387 1734 1419 1775 8,
1452 1734 1513 1766 16:

840 1790 938 1811 mors
957 1783 999 1812 nt
1017 1779 1148 1811 malum
1170 1790 1239 1811 nou
1260 1782 1322 1820 sit,
1343 1780 1485 1820 efficies.

885 1835 1032 1857 ‘usuram
1055 1843 1093 1847 —
1112 1825 1324 1867 largiuntur
1343 1825 1516 1865 „bewilli-

840 1881 981 1910 genuus
1000 1870 1096 1902 einen
1121 1871 1235 1902 reich
1250 1868 1393 1902 lichen
1412 1870 1465 1912 (d.
1480 1872 1514 1903 h.

839 1915 980 1958 langen)
1007 1915 1231 1948 Messbrauch
1263 1916 1320 1948 des
1350 1915 1514 1948 Lebens“

840 1960 956 2003 (keine
988 1961 1260 2004 possessio).
1303 1960 1373 1993 Zur
1406 1961 1513 1994 Saehe

840 2008 948 2048 vergl.
971 2008 1002 2047 9,
1027 2008 1066 2039 15
1086 2018 1118 2038 u.
1140 2008 1195 2047 32,
1219 2006 1273 2038 79.

887 2057 1070 2094 tamquam
1099 2053 1315 2093 cornicibus,
1349 2052 1402 2085 die
1431 2054 1512 2085 nach

839 2098 899 2131 der
917 2098 1023 2130 Fabel
1053 2109 1140 2131 neun
1164 2097 1438 2131 Menschenalter
1463 2109 1515 2131 er-

839 2144 987 2176 reichen.
1011 2143 1150 2176 Hesiod.
1173 2145 1292 2185 fragm.
1308 2144 1371 2177 106
1392 2143 1511 2177 Gtittt.:

838 2187 961 2223 Ἐννέα
996 2201 1047 2221 τοι
1077 2187 1155 2228 ζώει
1184 2186 1312 2233 γενεὰς
1338 2190 1514 2232 λακέρυζα

838 2233 979 2280 κορώνη
1013 2233 1173 2279 Ἀνδρῶν
1210 2231 1392 2277 ἡβώντων.
1434 2235 1511 2277 Vgl.

840 2281 897 2314 111.
919 2282 974 2315 28.
997 2282 1060 2320 69ς
1081 2282 1164 2314 auch
1185 2281 1302 2314 Horat.
1324 2280 1436 2314 Carni.
1453 2281 1510 2313 ΙΙΙ.

841 2327 957 2367 1213
976 2327 1242 2368 u.1V.1:‡‚‘25.

882 2369 949 2408 3⁴2.
979 2383 1075 2405 mors
1093 2391 1137 2396 —
1155 2376 1189 2405 ιἰι
1215 2373 1346 2405 malis?
1373 2371 1444 2405 Ehe
1476 2383 1513 2405 er

838 2419 909 2451 dies
928 2418 1010 2450 aber
1027 2419 1177 2458 erweist,
1198 2418 1377 2458 widerlegt
1395 2429 1432 2450 er
1444 2423 1515 2450 erst

839 2464 921 2496 noch
941 2464 991 2495 bis
1010 2465 1065 2503 33,
1080 2464 1116 2495 Sl
1141 2464 1282 2495 ciuschl.
1304 2464 1413 2504 einige
1424 2462 1512 2504 Geg-

839 2520 898 2542 ner
915 2510 974 2542 der
993 2508 1402 2541 Unsterblichkeitslehre.

884 2559 926 2587 ut
950 2555 1103 2589 videtur,
1133 2565 1159 2587 s.
1192 2555 1244 2595 11,
1265 2555 1307 2586 23
1334 2565 1375 2586 zu
1404 2557 1436 2586 si
1465 2556 1512 2586 υί-

839 2601 955 2633 detur.
