1684 2819
676 145 754 177 Llss.
772 144 810 177 Π.
850 146 942 178 CAP.
961 147 991 178 6.
1011 147 1040 178 7.
1486 148 1564 187 119

160 248 493 303 opibus,quamvis
510 248 698 287 timefacta
712 248 879 295 libertas,
896 253 1098 299 emergunt
1111 254 1240 287 tamen
1254 249 1347 287 haec.
1361 248 1564 300 aliquando

160 313 225 347 aut
251 305 398 345 iudiciis
433 304 556 343 tacitis
585 310 649 343 aut
683 305 840 343 occultis
870 305 918 344 de
949 305 1099 344 honore
1133 304 1336 355 suffragiis.
1385 305 1564 344 Acriores

160 368 289 402 autem
309 374 468 400 morsus
492 366 583 400 sunt
609 361 851 399 intermissae
877 361 1060 400 libertatis
1090 374 1205 412 quam
1226 366 1408 400 retentae.
1451 361 1566 408 Quod

159 418 275 469 igitur
295 417 481 456 latissime
503 423 605 469 patet
632 429 758 468 neque
779 417 824 456 ad
852 417 1152 456 incolumitatem
1182 417 1328 464 solum,
1356 417 1424 455 sed
1452 417 1566 456 etiam

161 475 208 514 ad
231 484 327 525 opes
350 480 385 512 et
407 474 619 524 potentiam
640 473 735 512 valet
755 473 982 524 plurimum,
1006 473 1042 511 id
1064 467 1355 524 amplectamur,
1377 478 1419 511 ut
1441 479 1566 511 metus

161 530 272 577 absit⁷
296 531 431 568 caritas
453 530 672 570 retineatur.
710 530 762 568 Ita
785 530 958 568 facillime
980 536 1074 580 quae
1095 530 1269 568 volemus
1292 536 1327 568 et
1347 529 1504 579 privatis
1527 529 1566 567 in

161 586 278 625 rebus
300 591 336 624 et
357 586 397 624 in
418 599 459 624 re
480 586 632 636 publica
654 598 950 636 consequemur.
987 586 1137 624 Etenim
1155 585 1276 637 quise
1294 586 1412 623 metui
1428 585 1566 629 volent,

162 656 182 682 a
209 642 351 693 quibus
386 648 622 689 metirentur,
656 642 811 679 eosdem
848 648 1020 681 metuant
1054 642 1127 692 ipsi
1156 654 1313 680 necesse
1348 647 1416 680 est.
1465 640 1567 688 Quid

162 699 265 737 enim
289 710 491 737 censemus
515 698 755 748 superiorem
777 698 880 736 illum
903 698 1138 749 Dionysium,
1161 710 1236 748 quo
1260 697 1427 736 cruciatu
1449 697 1568 736 timo-

162 755 215 794 ris
237 755 325 805 angi
347 753 532 793 solitum?
572 754 636 804 qui
667 754 810 792 cultros
837 760 1015 792 metuens
1047 753 1244 792 tonsorios
1275 754 1462 791 candente
1485 764 1568 791 car-

162 811 265 850 bone
286 810 358 848 sibi
381 810 566 848 adurebat
594 808 800 860 capillum?
839 810 928 860 quid
950 810 1207 848 Alexandrum
1230 809 1462 856 Pheraeum,
1491 821 1567 859 quo

164 866 293 905 animo
317 866 456 904 vixisse
478 864 739 904 arbitramur?
771 866 852 915 qui⁷
874 871 915 904 ut
940 865 1127 916 scriptum
1152 865 1332 914 legimus⁷
1362 877 1448 903 cum
1471 877 1569 902 uxo-

162 935 245 961 rem
269 922 426 960 Theben
448 922 659 960 admodum
683 921 867 972 diligeret,
896 928 1023 960 tamen
1051 922 1097 959 ad
1119 934 1200 959 eam
1224 934 1268 958 ex
1291 920 1413 970 epulis
1442 920 1479 957 in
1503 932 1569 958 cu—

119 977 123 979 ’
162 978 332 1017 hiculum
356 978 513 1016 veniens
532 978 736 1016 barbarum
755 983 791 1016 et
807 991 893 1016 eum
913 978 1081 1028 quidem,
1105 983 1145 1015 ut
1163 977 1350 1027 scriptum
1369 981 1437 1022 est,
1461 988 1569 1014 com-

164 1039 354 1085 punctum
382 1034 485 1072 notis
515 1034 688 1072 Thraciis
720 1034 903 1073 destricto
933 1034 1057 1083 gladio
1087 1033 1239 1071 iubebat
1267 1032 1428 1079 anteire,
1457 1044 1570 1082 prac-

165 1090 413 1141 mittebatque
435 1090 481 1128 de
511 1090 766 1141 stipatoribus
791 1090 870 1128 suis
893 1091 956 1141 qui
979 1094 1244 1128 scrutarentur
1265 1089 1411 1127 arculas
1434 1087 1570 1125 mulie—

165 1147 254 1185 bres
283 1152 318 1184 et
346 1158 394 1184 ne
424 1147 526 1197 quod
555 1146 592 1184 in
622 1146 860 1184 vestimentis
890 1146 1003 1183 telum
1034 1145 1288 1183 occultaretur
1314 1144 1569 1194 exquirerent.

168 1203 198 1242 Ο
227 1202 432 1248 miserum,
468 1202 531 1252 qui
560 1202 771 1240 fideliorem
799 1207 836 1239 et
862 1202 1068 1240 barbarum
1096 1206 1132 1238 et
1162 1200 1392 1249 stigmatiam
1422 1204 1574 1249 putaret

168 1271 283 1310 quam
306 1257 526 1308 coniugem!
570 1257 649 1296 Nec
671 1270 758 1295 eum
782 1258 920 1296 fefellit.
962 1257 1018 1295 Ab
1041 1269 1083 1294 ea
1105 1256 1171 1294 est'
1184 1256 1285 1294 enim
1309 1256 1391 1306 ipsa
1413 1260 1573 1305 propter

166 1315 362 1366 pellicatus
399 1314 659 1364 suspicionem
694 1314 929 1352 interfectus.
985 1313 1064 1351 Nec
1097 1325 1184 1350 vero
1221 1312 1293 1350 ulla
1329 1312 1384 1349 vis
1422 1310 1573 1361 imperii

168 1376 271 1409 tanta
293 1376 368 1415 est.
399 1383 494 1420 quae
517 1376 716 1420 premente
745 1376 849 1408 metu
871 1370 996 1420 possit
1025 1381 1112 1407 esse
1134 1368 1324 1406 diuturna.
1368 1367 1492 1405 Testis
1514 1371 1573 1405 est

168 1427 360 1473 Phalaris7
389 1426 497 1465 cuius
520 1431 577 1464 est
598 1432 750 1476 praeter
771 1432 918 1464 ceteros
942 1425 1140 1463 nobilitata
1161 1424 1380 1468 crudelitas,
1409 1423 1473 1474 qui
1495 1434 1576 1460 non

215 1527 364 1567 libertas,
383 1526 634 1557 Freiheitssinn.
660 1526 836 1567 Soliedeu-

171 1577 220 1604 tet
244 1572 361 1614 gloria
390 1570 607 1610 Ruhmsucht3
632 1570 692 1612 Ιξ.
714 1571 767 1601 44.
797 1571 837 1601 ad

171 1617 246 1648 fam.
266 1616 338 1655 VH,
360 1615 398 1647 13
423 1617 566 1655 moriar,
597 1618 646 1657 ni,
676 1627 762 1658 quae
781 1618 838 1646 tua

168 1662 282 1705 gloria
299 1664 366 1703 est,
393 1664 475 1704 puto
495 1664 525 1692 to
543 1661 641 1692 ‘inalle
656 1672 676 1692 a
697 1661 839 1692 Caesare

171 1707 300 1739 consuli
313 1717 413 1749 quam
430 1708 592 1738 ιἠαιινανῐ.

218 1752 270 1783 24.
302 1751 434 1783 ‘iudiciis
453 1753 581 1782 lavitis:
610 1751 715 1782 indem
739 1751 837 1781 hoch-

171 1797 328 1837 gestellte
355 1796 493 1827 Miinner
515 1796 581 1826 sich
611 1806 685 1827 vom
710 1795 840 1826 staats-

173 1842 268 1873 leben
288 1841 530 1881 zuriickzogen,
553 1841 632 1872 oder
649 1841 716 1871 sich
736 1840 841 1871 selbst

174 1887 262 1918 nieht
290 1886 572 1926 verheiintlieten,
605 1895 656 1916 um
690 1885 741 1916 ihr
774 1884 840 1916 Ge-

173 1931 319 1963 schlecht
335 1930 530 1962 aussterben
549 1941 589 1961 zu
608 1930 728 1961 lassen.

215 1975 351 2008 occultis
359 1975 399 2007 de
406 1976 533 2007 honore
540 1976 722 2016 szffwgz&
730 1987 740 2005 .·
749 1974 840 2005 Suet.

174 2020 267 2052 Caes.
281 2020 322 2051 80
341 2020 425 2051 Post
441 2023 589 2051 remotos
604 2019 792 2051 Caesetium
812 2022 845 2050 el:

175 2065 357 2098 Marullum
399 2066 551 2097 tribunos
592 2067 729 2108 reperta
763 2067 846 2095 sunt

171 2112 340 2154 pro-rimis
368 2111 512 2141 comitiis
542 2110 642 2152 plura
670 2110 844 2150 suffragia

174 2155 327 2187 consules
345 2165 400 2185 eos
417 2155 668 2186 declarantimn.

222 2200 274 2230 25.
303 2199 389 2238 (mid
402 2217 445 2221 ἡ
459 2209 642 2238 censemus,
658 2209 739 2240 quo:
763 2198 845 2228 iiber

176 2245 266 2276 diese
275 2244 373 2275 Forin
383 2244 440 2274 des
449 2243 693 2284 Ueberganges,
705 2243 755 2274 die
764 2243 845 2273 biiu-

177 2289 220 2329 fig
237 2289 310 2320 eine
329 2289 528 2328 Steigerung
546 2288 682 2330 enthfilt,
703 2298 728 2318 s.
746 2286 844 2329 Seyf-

178 2334 244 2366 fert
261 2334 363 2365 schol.
384 2334 439 2364 lat.
461 2344 490 2374 p.
510 2332 562 2364 46.

220 2379 405 2421 Dionysius
422 2378 481 2409 der
499 2377 635 2409 Aeltere
653 2378 848 2408 beherrscb-

178 2428 210 2455 te
225 2423 374 2466 Syrakus
393 2434 456 2453 von
476 2422 663 2454 406—367.
693 2421 847 2453 Dieselbe

178 2468 352 2499 Anekdote
365 2468 429 2499 wie
444 2468 517 2498 hier
529 2467 659 2499 erz'ahlt
672 2467 727 2498 Cic
747 2466 846 2498 Tusc.

179 2512 220 2551 V,
239 2512 289 2553 20,
309 2512 362 2544 58,
391 2512 504 2545 Valer.
519 2512 607 2544 Max.
627 2511 684 2553 IX,
708 2511 733 2553 1,
754 2511 772 2541 3
790 2511 850 2542 mit

180 2557 252 2588 dem
270 2556 423 2599 Zusatze,
448 2557 523 2588 dass
541 2567 578 2589 er
596 2558 686 2589 seine
703 2556 850 2588 Tb‘chter

910 1537 950 1557 zu
969 1526 1039 1556 (lem
1054 1525 1202 1563 Dienste⁷
1222 1524 1283 1555 ihm
1305 1525 1365 1554 (len
1380 1524 1458 1555 Bart
1475 1523 1577 1554 abzu-

910 1580 1044 1610 sengen,
1064 1570 1232 1600 benutzte.

956 1614 1154 1646 Aleoeander
1170 1625 1233 1645 von
1252 1613 1388 1649 Pherae,
1410 1614 1502 1644 einer
1519 1614 1578 1643 der

910 1659 1112 1699 Nachfolger
1128 1660 1185 1690 (les
1200 1658 1221 1699 l,
1235 1658 1286 1697 30,
1306 1658 1366 1689 105
1386 1659 1578 1689 erw'zihnten

909 1705 1015 1745 lason,
1033 1705 1151 1735 (lessen
1170 1703 1316 1734 Tochter
1336 1702 1447 1734 Thebe
1466 1713 1502 1734 er
1519 1713 1580 1733 zur

910 1750 999 1781 Frau
1023 1751 1124 1780 hatte.
1167 1748 1226 1779 Die
1250 1747 1425 1779 Thebaner
1447 1747 1580 1778 siim-ten

913 1805 1016 1835 gegen
1041 1794 1092 1824 ihu
1122 1793 1286 1824 melu-sach
1304 1791 1445 1834 Hriege,
1474 1792 1581 1823 wobei

914 1837 1301 1879 bekanntlichPelopidas
1318 1837 1372 1868 fiel
1388 1836 1488 1877 (364).
1509 1836 1583 1867 Sei-

914 1895 952 1915 ne
984 1883 1154 1915 Gemahlin
1184 1883 1313 1914 tiidtete
1346 1882 1398 1913 ihn
1429 1881 1491 1912 357
1525 1881 1583 1912 mit

914 1928 1010 1960 Hiill'e
1028 1928 1117 1959 ihrer
1135 1928 1269 1967 Briider
1287 1927 1385 1958 deren
1404 1927 1497 1957 einer
1514 1926 1583 1957 sicli

914 1974 998 2005 daun
1016 1974 1075 2004 der
1092 1972 1258 2015 Τμῐιηηίε
1277 1972 1508 2011 bem²ichtigte.

961 2020 1197 2061 compunctum
1210 2019 1299 2048 notis
1319 2016 1480 2055 Thraciis,
1496 2016 1583 2046 t'rito-

916 2064 1002 2104 w7irt
1028 2063 1090 2093 wie
1108 2062 1178 2093 dies
1197 2062 1248 2092 (lie
1267 2061 1311 2092 w
1315 2062 1383 2092 eise
1401 2062 1460 2091 der
1477 2060 1584 2091 Thra-

918 2109 978 2139 ker
995 2117 1065 2138 wal
1085 2107 1215 2146 (Herod
1233 2106 1271 2145 V,
1291 2105 1309 2134 6
1328 2106 1386 2136 καὶ
1405 2102 1444 2136 τὸ
1466 2103 1532 2136 ιιὲν
1549 2103 1585 2135 ἒ-

919 2155 1067 2204 ςτίγἯιι
1101 2148 1240 2202 ερννμιὲς
1268 2161 1305 2181 κε
1309 2161 1445 2184 κοιται
1474 2146 1515 2180 τὸ
1544 2146 1586 2180 δὲ

918 2193 1090 2228 ἶὲσῑικῖοι
1107 2192 1194 2237 ἄγει
1197 2195 1256 2234 ες).
1290 2194 1350 2225 Die
1364 2194 1503 2225 Rohheit
1520 2193 1587 2224 und

899 2262 906 2265 κ
918 2240 1201 2273 Schreckliehkeit
1219 2240 1276 2270 (les
1294 2238 1484 2277 Menschen,
1502 2238 1586 2269 wel-

920 2287 1009 2317 chem
1025 2284 1118 2316 derT
1122 2295 1225 2327 yrann
1241 2285 1332 2315 mehr
1345 2288 1444 2323 traut,
1459 2284 1508 2315 als
1524 2283 1588 2313 sei-

920 2330 1109 2363 nerGattin
1122 2355 1129 2369 ‚
1159 2329 1242 2360 wird
1260 2330 1360 2360 durch
1388 2329 1500 2360 diesen
1519 2327 1585 2358 Zu-

919 2381 991 2407 satz
1009 2375 1235 2406 versinnlicht.

966 2419 1033 2452 Nec
1050 2418 1275 2461 emnfesellz't,
1294 2429 1331 2449 er
1348 2418 1499 2449 ttiuschte
1518 2417 1587 2448 sich

921 2465 1019 2496 nicht.
1057 2464 1187 2506 fallere
1216 2464 1260 2494 ist
1288 2462 1500 2504 impersonell
1530 2471 1588 2502 ge-

922 2510 1068 2550 braucht,
1086 2510 1148 2540 wie
1167 2518 1203 2539 so
1221 2508 1342 2547 hfiufig.

968 2553 1020 2585 26.
1055 2553 1224 2595 Phalaris,
1252 2551 1388 2594 Tyrann
1406 2561 1469 2583 von
1489 2551 1590 2592 Agri·

1596 648 1639 680 25

1603 1371 1644 1404 26
