1684 2819
564 195 641 226 ΜΒ.
660 194 699 226 11.
739 193 831 226 CAP.
850 194 902 225 55.
922 194 974 225 56.
995 194 1047 225 57.
1429 193 1505 232 173

107 299 154 339 ab
181 296 300 337 oculis
322 302 358 335 et
377 296 533 336 naribus
557 295 808 334 dominorum
830 308 891 341 ea,
919 307 1013 345 quae
1034 293 1263 345 profluentia
1284 292 1506 331 necessario

108 354 217 395 taetri
256 359 386 392 essent
424 352 563 404 aliquid
598 351 790 399 habitura,
831 351 886 389 sic
920 356 1056 389 natura
1091 363 1155 388 res
1191 349 1335 388 similes
1371 349 1508 400 procul

107 409 322 450 amandavit
349 422 368 448 a
397 409 589 470 sensibus.

645 408 740 464 Quis
769 420 858 445 vero
887 407 1013 457 opifex
1040 411 1190 457 praeter
1210 411 1405 451 natur,am
1435 416 1509 455 qua
1533 406 1586 445 57

106 465 202 505 nihil
229 470 357 516 potest
385 478 470 504 esse
498 448 686 509 callidius,
715 469 859 502 tantam
887 462 1095 501 sollertiam
1116 461 1297 513 pelsequi
1317 461 1509 512 potuisset
1540 467 1600 500 142

108 523 148 560 in
176 520 383 560 sensibus?
412 534 506 573 quae
526 521 696 572 piimum
720 520 852 558 oculos
874 518 1112 557 membranis
1132 517 1372 556 tenuissimis
1392 516 1509 556 vesti-

106 578 160 616 vit
185 582 222 615 et
249 577 409 627 saepsit:
447 590 540 628 quas
568 576 738 627 primum
766 575 980 626 perlucidas
1009 575 1113 621 fecit,
1150 580 1194 613 ut
1220 586 1290 624 per
1316 586 1378 612 eas
1406 573 1510 612 cerni

108 639 261 684 posset,
286 634 416 671 firmas
439 639 583 679 autem,
605 638 647 671 ut
668 632 966 671 continerentur.
1010 631 1084 669 Sed
1105 630 1276 668 lubricos
1300 630 1432 668 oculos
1455 631 1510 667 se-

110 689 159 728 cit
185 695 221 727 et
247 689 427 735 mobiles,
455 694 497 727 ut
525 694 561 726 et
587 688 818 726 declinarent
846 687 877 723 si
905 686 993 736 quid
1023 692 1196 732 noceret,
1223 691 1259 724 et
1286 686 1511 736 adspectum

110 757 187 796 quo
223 745 359 783 vellent
394 744 499 783 facile
536 748 818 789 converterent,
860 742 1038 792 aciesque
1075 742 1158 792 ipsa
1193 754 1266 792 qua
1303 741 1509 788 cernimus,

111 814 206 852 quae
232 800 375 851 pupula
401 805 568 846 vocatur,
602 799 652 837 ita
678 811 794 849 parva
821 802 896 844 est,
932 803 974 835 ut
1002 810 1043 835 ea
1073 810 1169 848 quae
1197 810 1337 835 nocere
1359 797 1513 848 possint

110 857 215 895 facile
243 856 348 893 vitet:
384 855 681 906 palpebraeque,
711 867 806 904 quae
834 858 925 891 sunt
950 858 1142 903 tegmenta
1166 853 1384 899 oculorum,
1412 853 1511 890 mol-

110 912 276 950 lissimae
316 916 440 958 tactu,
481 923 528 949 ne
567 911 759 949 laederent
798 910 941 955 aciem,
987 908 1185 959 aptissime
1226 910 1346 946 factae
1389 913 1425 946 et
1466 908 1512 946 ad

109 967 336 1006 claudendas
372 967 554 1018 pupulas,
592 978 639 1005 ne
675 966 765 1017 quid
794 965 995 1011 incideret,
1033 969 1070 1002 et
1099 964 1143 1002 ad
1173 964 1416 1014 aperiendas:
1453 964 1512 1001 id-

111 1037 182 1075 que
216 1023 383 1074 providit
418 1028 460 1061 ut
495 1023 704 1061 identidem
732 1022 812 1060 fieri
841 1026 975 1071 posset
1002 1033 1088 1059 cum
1117 1020 1282 1058 maxima
1311 1019 1510 1058 celeritate.

108 1079 351 1130 Munitaeque
398 1083 487 1117 sunt
531 1078 734 1129 palpebrae
778 1083 974 1127 tamquam
1010 1076 1104 1115 vallo
1141 1076 1326 1126 pilorum,
1373 1075 1511 1126 quibus

111 1142 148 1175 et
183 1135 323 1185 apertis
362 1134 502 1179 oculis,
549 1135 580 1172 si
618 1134 709 1185 quid
747 1133 947 1179 incideret,
993 1132 1253 1183 repelleretur,
1300 1138 1336 1170 et
1373 1143 1511 1169 somno

111 1190 414 1237 conniventibus,
445 1203 562 1241 quum
597 1190 717 1229 oculis
749 1190 794 1227 ad
827 1188 1062 1227 cernendum
1093 1200 1172 1226 non
1204 1199 1416 1238 egeremus,
1448 1192 1512 1225 ut-

110 1260 183 1298 que
218 1253 414 1297 tamquam
450 1246 610 1284 involuti
646 1245 898 1296 quiescerent.
958 1245 1095 1283 Latent
1129 1249 1323 1294 praeterea
1360 1243 1510 1290 utiliter,

109 1310 146 1341 et
181 1302 338 1341 excelsis
374 1302 544 1353 undique
581 1302 755 1353 partibus
793 1301 1030 1351 saepiuntur.
1093 1299 1269 1338 Primum
1306 1299 1409 1337 enim
1445 1312 1512 1337 su—

108 1358 278 1410 periora,
324 1358 536 1409 superciliis
584 1359 766 1404 obducta,
813 1357 995 1395 sudorem
1042 1368 1062 1393 a
1100 1356 1221 1406 capito
1259 1361 1295 1393 et
1331 1369 1351 1393 a
1388 1356 1513 1393 fronte

110 1415 340 1453 defluentem
385 1414 585 1464 repellunt.
661 1414 789 1452 Genae
833 1413 968 1451 deinde
1005 1412 1051 1450 ab
1089 1411 1270 1450 inferiore
1306 1416 1414 1461 parte
1449 1416 1512 1449 tu-

108 1476 238 1509 tantur
275 1469 465 1508 subiectae
499 1470 709 1521 leniterque
746 1469 971 1507 eminentes.
1044 1468 1245 1518 Nasusque
1282 1467 1331 1505 ita
1367 1467 1513 1505 locatus

111 1532 186 1573 est,
223 1531 264 1564 ut
300 1526 408 1576 quasi
441 1538 576 1564 murus
613 1525 732 1565 oculis
761 1525 981 1564 interiectus
1009 1536 1095 1562 esse
1122 1524 1303 1562 videatur.
1351 1523 1512 1562 Auditus

111 1587 238 1621 autem
267 1594 421 1632 semper
446 1588 569 1632 patet3
605 1582 686 1620 eius
723 1581 825 1619 enim
861 1593 980 1619 sensu
1008 1580 1123 1618 etiam
1152 1580 1388 1618 dormientes
1424 1591 1513 1629 ege-

158 1697 226 1736 57.
271 1703 344 1734 142.
383 1705 531 1744 primum
564 1722 608 1726 —
639 1705 777 1746 saepsit,
893 1702 1037 1746 pupula,
1060 1703 1140 1733 auch
1160 1702 1306 1745 pnpi,lla
1332 1702 1389 1733 das
1406 1701 1514 1744 Piipp-

112 1759 195 1791 quas
208 1752 358 1792 primum
372 1748 497 1791 perlue.
518 1749 586 1790 fec.
622 1748 701 1779 Dem
726 1758 779 1779 er-

113 1798 186 1824 sten
202 1795 348 1836 pm'mum
365 1793 547 1834 entsprieht
559 1793 620 1824 sed
630 1793 777 1824 lubricos

113 1848 161 1869 oc.
182 1840 267 1880 sec„
296 1839 367 1870 dem
390 1838 531 1869 zweiten
556 1838 777 1880 aberfirmas

112 1886 237 1914 autem.
277 1883 360 1914 Dass
387 1882 501 1914 Cicero
532 1882 681 1913 zweimal
708 1884 779 1925 pri*

111 1938 204 1959 mum
227 1928 422 1967 gebraucht,
453 1927 496 1959 ist
520 1927 699 1967 allerdings
725 1927 778 1957 ein

111 1972 312 2005 Uebelstand
324 1998 332 2013 ,
349 1973 410 2004 den
429 1982 466 2003 er
483 1972 533 2003 bei
552 1977 657 2004 etwas
674 1972 778 2002 weni-

113 2027 173 2057 ger
198 2017 422 2058 Fliichtigkeit
450 2017 550 2048 leicht
579 2017 670 2048 h‘atte
699 2027 777 2047 ver-

110 2062 237 2093 meiden
255 2062 395 2094 ktinnen.

156 2109 195 2139 ut
206 2109 468 2139 continerentur.
493 2106 568 2138 Man
585 2106 669 2137 kann
679 2106 778 2137 zweI-

113 2151 229 2183 selbaft
246 2152 326 2194 sein,
344 2162 413 2183 was
427 2152 483 2182 das
499 2151 637 2192 Subject
654 2162 694 2182 zu
708 2151 778 2182 die—

113 2206 183 2227 sem
201 2196 311 2228 Verbo
331 2197 394 2237 sei,
415 2196 500 2228 oculi
515 2197 596 2227 oder
610 2197 778 2227 membra-

112 2251 186 2273 nae.
213 2241 258 2272 Es
272 2242 396 2272 kommt
409 2240 488 2271 aber
501 2240 617 2271 Beides
630 2240 779 2271 aufEins

112 2287 250 2325 heraus;
280 2287 364 2317 denn
391 2286 443 2317 die
468 2285 568 2325 Haut,
594 2285 644 2316 die
664 2284 778 2316 Cicero

112 2331 231 2371 meiat,
255 2331 299 2362 ist
317 2331 398 2362 eben
417 2330 475 2361 der
493 2331 663 2361 'ausserste
682 2329 779 2361 Theil

113 2375 171 2406 des
186 2377 298 2416 Auges
314 2375 428 2416 selbst,
446 2375 497 2406 die
512 2375 692 2414 Hornhaut,
707 2385 780 2407 cor-

112 2431 186 2452 nea.
219 2420 327 2451 Durcli
354 2421 423 2452 ihre
447 2420 548 2452 Hiirte
578 2420 641 2451 und
667 2420 779 2451 Stei-

114 2463 270 2505 sigkeit
287 2465 357 2496 hiilt
373 2465 437 2496 und
454 2465 631 2507 behauptet
648 2465 696 2496 sie
711 2465 780 2496 sich

115 2508 146 2539 in
171 2510 260 2541 ihrer
276 2510 408 2542 Gestalt
433 2511 679 2552 (continetur),
703 2510 778 2541 dass

117 2553 165 2585 sie
182 2554 269 2586 nieht
285 2555 583 2596 auseinandergeht
604 2556 684 2586 oder
702 2565 779 2586 ver-

114 2599 256 2630 schoben
272 2601 367 2632 wird.

851 1748 943 1788 (lien,
963 1747 1018 1779 Gr.
1038 1744 1134 1791 κόση,
1155 1758 1218 1778 von
1237 1748 1309 1778 dem
1326 1747 1427 1787 Bilde,
1445 1757 1515 1778 was

852 1793 919 1823 sich
944 1802 1004 1823 uns
1029 1792 1121 1823 darin
1149 1792 1321 1822 darstellt:
1351 1790 1389 1823 ἕν
1418 1791 1445 1834 ᾠ
1474 1788 1514 1822 τὸ

852 1836 1006 1869 εἴδ(ι.’))οι
1031 1847 1076 1868 αι
1079 1832 1158 1867 fulc}
1149 1847 1251 1880 ιιπει
1278 1836 1341 1867 τοῦ
1358 1835 1515 1877 βλέποι-

850 1893 921 1916 τος.
954 1881 1040 1912 Plut.
1058 1882 1096 1912 dc
1115 1881 1175 1912 lac.
1192 1881 1222 1911 in
1237 1881 1305 1911 orb.
1319 1880 1402 1912 Lun
1418 1892 1446 1912 c.
1462 1881 1514 1912 27.

899 1926 971 1957 143.
999 1928 1032 1957 et
1043 1936 1161 1957 somno
1176 1927 1437 1957 comnvzentzbas.
1462 1925 1516 1956 Ci-

851 1982 927 2002 cero
955 1972 998 2003 ist
1021 1972 1052 2002 in
1071 1972 1129 2002 der
1147 1971 1219 2001 Eile
1243 1971 1301 2002 des
1320 1970 1516 2002 Schreibens

852 2016 1000 2047 offenbar
1026 2026 1085 2047 aus
1115 2016 1174 2046 der
1197 2015 1429 2047 Construction
1460 2025 1518 2056 ge-

850 2061 963 2092 sallen.
1012 2060 1102 2092 Nach
1139 2062 1405 2100 conniventibus,
1445 2070 1518 2100 mag

850 2116 923 2137 inan
949 2116 984 2137 es
1010 2117 1073 2137 nun
1098 2106 1148 2136 als
1173 2105 1277 2136 absol.
1302 2105 1411 2136 Ablat.
1437 2105 1518 2136 oder

851 2151 900 2182 als
921 2151 1018 2182 Dativ
1037 2151 1184 2190 nelnnen,
1203 2154 1328 2180 musste
1347 2150 1399 2180 ein
1419 2149 1517 2181 Satz-

852 2196 940 2235 glied
954 2195 1075 2235 folgen,
1095 2195 1125 2225 in
1139 2194 1296 2225 welcheln
1312 2194 1362 2224 ein
1377 2194 1516 2225 anderes

853 2240 989 2271 Subiect
1004 2240 1053 2270 als
1072 2239 1158 2271 oculi
1178 2239 1285 2277 wiire3
1312 2239 1363 2269 ein
1387 2239 1516 2270 solches

854 2285 937 2324 solgt
953 2284 1034 2316 aber
1051 2284 1156 2323 nieht,
1182 2284 1323 2315 sondern
1342 2288 1425 2315 statt
1440 2285 1517 2315 des-

854 2340 911 2361 sen
935 2332 1036 2371 utque
1051 2347 1095 2351 —
1113 2330 1345 2371 quiescerent,
1379 2328 1517 2360 n‘amlich

855 2374 949 2415 oculi,
968 2375 1048 2405 oder
1071 2375 1150 2405 nach
1175 2374 1413 2405 einer-andern
1438 2374 1520 2405 Les-

853 2424 906 2451 art
923 2422 962 2451 ut
977 2421 1034 2461 qui
1048 2437 1093 2441 —
1110 2421 1326 2461 quiescerent.
1354 2419 1444 2450 Auch
1467 2418 1518 2450 die

854 2464 1116 2504 VViederholung
1125 2474 1185 2495 von
1201 2464 1304 2495 oculis
1317 2474 1378 2495 vor
1390 2464 1436 2496 ad
1447 2473 1519 2496 eer-

852 2509 1013 2550 nendum,
1048 2508 1158 2539 wol'iir
1189 2510 1235 2540 eis
1264 2508 1388 2549 geniigt
1415 2509 1518 2548 hatte,

854 2554 932 2586 darf
943 2555 993 2586 als
1009 2554 1061 2585 ein
1077 2554 1204 2585 Bcweis
1218 2564 1283 2585 von
1297 2553 1523 2594 Fliichtigkeit

854 2600 1039 2640 angesehen
1062 2599 1206 2630 werden.

1544 1080 1605 1111 143

1546 1524 1606 1555 144
