<?xml version="1.0" encoding="UTF-8"?>
<!DOCTYPE html PUBLIC "-//W3C//DTD XHTML 1.0 Transitional//EN"
    "http://www.w3.org/TR/xhtml1/DTD/xhtml1-transitional.dtd">
<html xmlns="http://www.w3.org/1999/xhtml" xml:lang="en" lang="en">
 <head>
  <title>
</title>
<meta http-equiv="Content-Type" content="text/html;charset=utf-8" />
  <meta name='ocr-system' content='tesseract 3.04.00' />
  <meta name='ocr-capabilities' content='ocr_page ocr_carea ocr_par ocr_line ocrx_word'/>
</head>
<body>
  <div class='ocr_page' id='page_1' title='image "./tusculanarumdisp00ciceuoft_0090.png"; bbox 0 0 1684 2819; ppageno 0'>
   <div class='ocr_carea' id='block_1_1' title="bbox 144 161 1152 203">
    <p class='ocr_par' dir='ltr' id='par_1_1' title="bbox 144 161 1152 203">
     <span class='ocr_line' id='line_1_1' title="bbox 144 161 1152 203; baseline 0.001 -10"><span class='ocrx_word' id='word_1_1' title='bbox 144 163 197 203; x_wconf 74' lang='lat'><strong>64</strong></span> <span class='ocrx_word' id='word_1_2' title='bbox 555 161 718 194; x_wconf 74' lang='lat' dir='ltr'><strong>Llssssn</strong></span> <span class='ocrx_word' id='word_1_3' title='bbox 738 163 762 194; x_wconf 90' lang='lat'><strong>1.</strong></span> <span class='ocrx_word' id='word_1_4' title='bbox 791 164 847 203; x_wconf 63' lang='lat'><strong>4³,</strong></span> <span class='ocrx_word' id='word_1_5' title='bbox 871 163 946 195; x_wconf 72' lang='lat' dir='ltr'><strong>ms.</strong></span> <span class='ocrx_word' id='word_1_6' title='bbox 972 163 1046 196; x_wconf 84' lang='lat'><strong>104.</strong></span> <span class='ocrx_word' id='word_1_7' title='bbox 1096 164 1152 195; x_wconf 87' lang='lat'><strong>44.</strong></span> 
     </span>
    </p>
   </div>
   <div class='ocr_carea' id='block_1_2' title="bbox 58 276 1560 1746">
    <p class='ocr_par' dir='ltr' id='par_1_2' title="bbox 58 276 1560 1746">
     <span class='ocr_line' id='line_1_2' title="bbox 141 276 1551 331; baseline -0.002 -13"><span class='ocrx_word' id='word_1_8' title='bbox 141 276 278 318; x_wconf 88' lang='lat' dir='ltr'><strong>sertim</strong></span> <span class='ocrx_word' id='word_1_9' title='bbox 300 276 485 331; x_wconf 83' lang='lat' dir='ltr'><strong>cognitis,</strong></span> <span class='ocrx_word' id='word_1_10' title='bbox 513 288 612 329; x_wconf 85' lang='lat' dir='ltr'><strong>quae</strong></span> <span class='ocrx_word' id='word_1_11' title='bbox 636 276 682 316; x_wconf 93' lang='lat' dir='ltr'><strong>de</strong></span> <span class='ocrx_word' id='word_1_12' title='bbox 704 276 799 316; x_wconf 89' lang='lat' dir='ltr'>nihil</span> <span class='ocrx_word' id='word_1_13' title='bbox 822 276 1028 317; x_wconf 88' lang='lat' dir='ltr'><strong>sentiendo</strong></span> <span class='ocrx_word' id='word_1_14' title='bbox 1052 276 1182 331; x_wconf 87' lang='lat' dir='ltr'><strong>paullo</strong></span> <span class='ocrx_word' id='word_1_15' title='bbox 1205 282 1296 316; x_wconf 86' lang='lat' dir='ltr'><strong>ante</strong></span> <span class='ocrx_word' id='word_1_16' title='bbox 1319 276 1421 316; x_wconf 83' lang='lat' dir='ltr'><strong>dicta</strong></span> <span class='ocrx_word' id='word_1_17' title='bbox 1443 283 1551 316; x_wconf 89' lang='lat' dir='ltr'><strong>sunt.</strong></span> 
     </span>
     <span class='ocr_line' id='line_1_3' title="bbox 140 331 1557 388; baseline -0.002 -13"><span class='ocrx_word' id='word_1_18' title='bbox 140 334 196 375; x_wconf 93' lang='lat' dir='ltr'><strong>De</strong></span> <span class='ocrx_word' id='word_1_19' title='bbox 219 347 296 388; x_wconf 92' lang='lat' dir='ltr'><strong>qua</strong></span> <span class='ocrx_word' id='word_1_20' title='bbox 318 334 504 374; x_wconf 82' lang='lat' dir='ltr'><strong>Socrates</strong></span> <span class='ocrx_word' id='word_1_21' title='bbox 527 331 681 385; x_wconf 89' lang='lat' dir='ltr'><strong>quidem</strong></span> <span class='ocrx_word' id='word_1_22' title='bbox 704 332 795 385; x_wconf 88' lang='lat' dir='ltr'><strong>quid</strong></span> <span class='ocrx_word' id='word_1_23' title='bbox 815 333 1010 383; x_wconf 81' lang='lat' dir='ltr'><strong>senserit,</strong></span> <span class='ocrx_word' id='word_1_24' title='bbox 1041 341 1203 387; x_wconf 85' lang='lat' dir='ltr'><strong>apparet</strong></span> <span class='ocrx_word' id='word_1_25' title='bbox 1224 333 1265 373; x_wconf 92' lang='lat' dir='ltr'><strong>in</strong></span> <span class='ocrx_word' id='word_1_26' title='bbox 1287 346 1334 374; x_wconf 92' lang='lat' dir='ltr'><strong>eo</strong></span> <span class='ocrx_word' id='word_1_27' title='bbox 1358 332 1457 372; x_wconf 89' lang='lat' dir='ltr'><strong>libro</strong></span> <span class='ocrx_word' id='word_1_28' title='bbox 1472 364 1483 382; x_wconf 87' lang='lat'><strong>,</strong></span> <span class='ocrx_word' id='word_1_29' title='bbox 1516 332 1557 372; x_wconf 89' lang='lat' dir='ltr'><strong>in</strong></span> 
     </span>
     <span class='ocr_line' id='line_1_4' title="bbox 59 388 1555 444; baseline -0.002 -13"><span class='ocrx_word' id='word_1_30' title='bbox 59 399 122 431; x_wconf 90' lang='lat'><strong>103</strong></span> <span class='ocrx_word' id='word_1_31' title='bbox 140 405 217 444; x_wconf 91' lang='lat' dir='ltr'><strong>quo</strong></span> <span class='ocrx_word' id='word_1_32' title='bbox 239 390 432 438; x_wconf 89' lang='lat' dir='ltr'><strong>moritur,</strong></span> <span class='ocrx_word' id='word_1_33' title='bbox 464 388 511 428; x_wconf 84' lang='lat' dir='ltr'><strong>(le</strong></span> <span class='ocrx_word' id='word_1_34' title='bbox 534 402 610 441; x_wconf 90' lang='lat' dir='ltr'><strong>quo</strong></span> <span class='ocrx_word' id='word_1_35' title='bbox 639 388 717 428; x_wconf 87' lang='lat' dir='ltr'><strong>iam</strong></span> <span class='ocrx_word' id='word_1_36' title='bbox 741 395 818 428; x_wconf 86' lang='lat' dir='ltr'><strong>tam</strong></span> <span class='ocrx_word' id='word_1_37' title='bbox 841 389 962 429; x_wconf 87' lang='lat' dir='ltr'><strong>multa</strong></span> <span class='ocrx_word' id='word_1_38' title='bbox 992 390 1179 430; x_wconf 87' lang='lat' dir='ltr'><strong>diximus.</strong></span> <span class='ocrx_word' id='word_1_39' title='bbox 1225 389 1351 440; x_wconf 87' lang='lat' dir='ltr'><strong>Quum</strong></span> <span class='ocrx_word' id='word_1_40' title='bbox 1382 389 1486 430; x_wconf 89' lang='lat' dir='ltr'><strong>enim</strong></span> <span class='ocrx_word' id='word_1_41' title='bbox 1510 389 1555 429; x_wconf 86' lang='lat' dir='ltr'><strong>de</strong></span> 
     </span>
     <span class='ocr_line' id='line_1_5' title="bbox 141 444 1556 500; baseline -0.001 -12"><span class='ocrx_word' id='word_1_42' title='bbox 141 446 437 488; x_wconf 72' lang='lat' dir='ltr'><strong>immortalitate</strong></span> <span class='ocrx_word' id='word_1_43' title='bbox 458 444 679 485; x_wconf 88' lang='lat' dir='ltr'><strong>animorum</strong></span> <span class='ocrx_word' id='word_1_44' title='bbox 702 444 984 499; x_wconf 81' lang='lat' dir='ltr'><strong>disputavisset</strong></span> <span class='ocrx_word' id='word_1_45' title='bbox 1015 452 1054 486; x_wconf 89' lang='lat' dir='ltr'><strong>et</strong></span> <span class='ocrx_word' id='word_1_46' title='bbox 1081 446 1156 486; x_wconf 92' lang='lat' dir='ltr'><strong>iam</strong></span> <span class='ocrx_word' id='word_1_47' title='bbox 1179 446 1373 487; x_wconf 87' lang='lat' dir='ltr'><strong>moriendi</strong></span> <span class='ocrx_word' id='word_1_48' title='bbox 1403 453 1556 500; x_wconf 85' lang='lat' dir='ltr'><strong>tempus</strong></span> 
     </span>
     <span class='ocr_line' id='line_1_6' title="bbox 141 501 1557 557; baseline -0.002 -12"><span class='ocrx_word' id='word_1_49' title='bbox 141 509 318 557; x_wconf 83' lang='lat' dir='ltr'><strong>urgeret,</strong></span> <span class='ocrx_word' id='word_1_50' title='bbox 338 508 502 555; x_wconf 86' lang='lat' dir='ltr'><strong>rogatus</strong></span> <span class='ocrx_word' id='word_1_51' title='bbox 519 515 542 541; x_wconf 86' lang='lat' dir='ltr'><strong>a</strong></span> <span class='ocrx_word' id='word_1_52' title='bbox 561 501 740 552; x_wconf 80' lang='lat' dir='ltr'><strong>Critone,</strong></span> <span class='ocrx_word' id='word_1_53' title='bbox 762 501 1085 555; x_wconf 90' lang='lat' dir='ltr'><strong>quemadmodum</strong></span> <span class='ocrx_word' id='word_1_54' title='bbox 1108 502 1267 556; x_wconf 86' lang='lat' dir='ltr'><strong>sepeliri</strong></span> <span class='ocrx_word' id='word_1_55' title='bbox 1291 503 1424 552; x_wconf 84' lang='lat' dir='ltr'><strong>vellet,</strong></span> <span class='ocrx_word' id='word_1_56' title='bbox 1445 503 1557 544; x_wconf 78' lang='lat' dir='ltr'><strong>Mul-</strong></span> 
     </span>
     <span class='ocr_line' id='line_1_7' title="bbox 143 557 1560 614; baseline -0.001 -14"><span class='ocrx_word' id='word_1_57' title='bbox 143 567 226 601; x_wconf 85' lang='lat' dir='ltr'><strong>tam</strong></span> <span class='ocrx_word' id='word_1_58' title='bbox 247 573 358 608; x_wconf 75' lang='lat' dir='ltr'><strong>vcro,</strong></span> <span class='ocrx_word' id='word_1_59' title='bbox 383 558 526 612; x_wconf 86' lang='lat' dir='ltr'><strong>inquit,</strong></span> <span class='ocrx_word' id='word_1_60' title='bbox 552 573 732 613; x_wconf 80' lang='lat' dir='ltr'><strong>operam,</strong></span> <span class='ocrx_word' id='word_1_61' title='bbox 759 561 898 606; x_wconf 82' lang='lat' dir='ltr'><strong>amici,</strong></span> <span class='ocrx_word' id='word_1_62' title='bbox 912 557 1089 612; x_wconf 48' lang='lat' dir='ltr'><strong>,frustra</strong></span> <span class='ocrx_word' id='word_1_63' title='bbox 1112 562 1359 614; x_wconf 78' lang='lat' dir='ltr'><strong>consumpsi.</strong></span> <span class='ocrx_word' id='word_1_64' title='bbox 1397 560 1560 600; x_wconf 77' lang='lat' dir='ltr'><strong>Critoni</strong></span> 
     </span>
     <span class='ocr_line' id='line_1_8' title="bbox 141 615 1560 671; baseline -0.001 -15"><span class='ocrx_word' id='word_1_65' title='bbox 141 618 246 657; x_wconf 80' lang='lat' dir='ltr'><strong>cm&#39;m</strong></span> <span class='ocrx_word' id='word_1_66' title='bbox 274 621 415 656; x_wconf 79' lang='lat' dir='ltr'><strong>nostro</strong></span> <span class='ocrx_word' id='word_1_67' title='bbox 444 630 525 656; x_wconf 77' lang='lat' dir='ltr'><strong>non</strong></span> <span class='ocrx_word' id='word_1_68' title='bbox 549 617 770 671; x_wconf 75' lang='lat' dir='ltr'><strong>persuasi,</strong></span> <span class='ocrx_word' id='word_1_69' title='bbox 813 630 874 655; x_wconf 85' lang='lat' dir='ltr'><strong>me</strong></span> <span class='ocrx_word' id='word_1_70' title='bbox 902 616 997 655; x_wconf 79' lang='lat' dir='ltr'><strong>binc</strong></span> <span class='ocrx_word' id='word_1_71' title='bbox 1026 615 1285 655; x_wconf 71' lang='lat' dir='ltr'><strong>avolaturum</strong></span> <span class='ocrx_word' id='word_1_72' title='bbox 1317 629 1450 670; x_wconf 78' lang='lat' dir='ltr'><strong>neque</strong></span> <span class='ocrx_word' id='word_1_73' title='bbox 1478 617 1560 655; x_wconf 89' lang='lat' dir='ltr'><strong>mei</strong></span> 
     </span>
     <span class='ocr_line' id='line_1_9' title="bbox 141 670 1560 729; baseline -0.003 -15"><span class='ocrx_word' id='word_1_74' title='bbox 141 674 218 729; x_wconf 84' lang='lat' dir='ltr'><strong>qu&#39;</strong></span> <span class='ocrx_word' id='word_1_75' title='bbox 271 686 363 713; x_wconf 86' lang='lat' dir='ltr'><strong>uam</strong></span> <span class='ocrx_word' id='word_1_76' title='bbox 392 673 650 712; x_wconf 80' lang='lat' dir='ltr'><strong>relicturam.</strong></span> <span class='ocrx_word' id='word_1_77' title='bbox 705 671 1015 719; x_wconf 73' lang='lat' dir='ltr'><strong>Veruntamen,</strong></span> <span class='ocrx_word' id='word_1_78' title='bbox 1054 670 1193 721; x_wconf 82' lang='lat' dir='ltr'><strong>Crito,</strong></span> <span class='ocrx_word' id='word_1_79' title='bbox 1235 675 1275 712; x_wconf 90' lang='lat' dir='ltr'><strong>si</strong></span> <span class='ocrx_word' id='word_1_80' title='bbox 1303 685 1363 711; x_wconf 87' lang='lat' dir='ltr'><strong>me</strong></span> <span class='ocrx_word' id='word_1_81' title='bbox 1394 673 1560 726; x_wconf 80' lang='lat' dir='ltr'><strong>assequi</strong></span> 
     </span>
     <span class='ocr_line' id='line_1_10' title="bbox 135 686 1553 784; baseline -0.002 -14"><span class='ocrx_word' id='word_1_82' title='bbox 135 686 331 784; x_wconf 52' lang='lat' dir='ltr'><strong>pomris</strong></span> <span class='ocrx_word' id='word_1_83' title='bbox 353 735 430 769; x_wconf 84' lang='lat' dir='ltr'><strong>aut</strong></span> <span class='ocrx_word' id='word_1_84' title='bbox 456 728 592 769; x_wconf 81' lang='lat' dir='ltr'><strong>sicubi</strong></span> <span class='ocrx_word' id='word_1_85' title='bbox 609 735 759 769; x_wconf 79' lang='lat' dir='ltr'><strong>nactus</strong></span> <span class='ocrx_word' id='word_1_86' title='bbox 789 731 894 776; x_wconf 76' lang='lat' dir='ltr'><strong>cris,</strong></span> <span class='ocrx_word' id='word_1_87' title='bbox 929 735 973 768; x_wconf 84' lang='lat' dir='ltr'><strong>ut</strong></span> <span class='ocrx_word' id='word_1_88' title='bbox 1006 728 1085 769; x_wconf 81' lang='lat' dir='ltr'><strong>tibi</strong></span> <span class='ocrx_word' id='word_1_89' title='bbox 1103 728 1334 777; x_wconf 74' lang='lat' dir='ltr'><strong>videbitur,</strong></span> <span class='ocrx_word' id='word_1_90' title='bbox 1368 728 1553 782; x_wconf 78' lang='lat' dir='ltr'><strong>sepelite.</strong></span> 
     </span>
     <span class='ocr_line' id='line_1_11' title="bbox 143 784 1553 839; baseline -0.001 -13"><span class='ocrx_word' id='word_1_91' title='bbox 143 785 248 835; x_wconf 86' lang='lat' dir='ltr'><strong>Sed,</strong></span> <span class='ocrx_word' id='word_1_92' title='bbox 283 785 385 826; x_wconf 79' lang='lat' dir='ltr'><strong>milii</strong></span> <span class='ocrx_word' id='word_1_93' title='bbox 403 785 546 836; x_wconf 75' lang='lat' dir='ltr'><strong>crede,</strong></span> <span class='ocrx_word' id='word_1_94' title='bbox 581 799 696 826; x_wconf 86' lang='lat' dir='ltr'><strong>nemo</strong></span> <span class='ocrx_word' id='word_1_95' title='bbox 719 799 780 826; x_wconf 84' lang='lat' dir='ltr'><strong>mc</strong></span> <span class='ocrx_word' id='word_1_96' title='bbox 802 792 1005 834; x_wconf 68' lang='lat' dir='ltr'><strong>vestrum,</strong></span> <span class='ocrx_word' id='word_1_97' title='bbox 1040 798 1162 839; x_wconf 87' lang='lat' dir='ltr'><strong>quum</strong></span> <span class='ocrx_word' id='word_1_98' title='bbox 1192 784 1289 824; x_wconf 81' lang='lat' dir='ltr'><strong>hinc</strong></span> <span class='ocrx_word' id='word_1_99' title='bbox 1315 797 1553 833; x_wconf 72' lang='lat' dir='ltr'><strong>excessero,</strong></span> 
     </span>
     <span class='ocr_line' id='line_1_12' title="bbox 142 843 596 896; baseline -0.007 -13"><span class='ocrx_word' id='word_1_100' title='bbox 142 849 431 896; x_wconf 78' lang='lat' dir='ltr'><strong>consequetur.</strong></span> <span class='ocrx_word' id='word_1_101' title='bbox 593 843 596 847; x_wconf 90' lang='grc'>’</span> 
     </span>
     <span class='ocr_line' id='line_1_13' title="bbox 262 896 1558 951; baseline -0.002 -13"><span class='ocrx_word' id='word_1_102' title='bbox 262 898 473 939; x_wconf 83' lang='lat' dir='ltr'><strong>Praeclare</strong></span> <span class='ocrx_word' id='word_1_103' title='bbox 514 898 554 937; x_wconf 85' lang='lat' dir='ltr'><strong>id</strong></span> <span class='ocrx_word' id='word_1_104' title='bbox 593 898 745 951; x_wconf 89' lang='lat' dir='ltr'><strong>quidem</strong></span> <span class='ocrx_word' id='word_1_105' title='bbox 760 928 770 945; x_wconf 86' lang='lat'>‚</span> <span class='ocrx_word' id='word_1_106' title='bbox 823 898 887 950; x_wconf 89' lang='lat' dir='ltr'><strong>qui</strong></span> <span class='ocrx_word' id='word_1_107' title='bbox 928 903 968 936; x_wconf 86' lang='lat' dir='ltr'><strong>et</strong></span> <span class='ocrx_word' id='word_1_108' title='bbox 997 896 1124 937; x_wconf 87' lang='lat' dir='ltr'><strong>amico</strong></span> <span class='ocrx_word' id='word_1_109' title='bbox 1178 897 1404 950; x_wconf 84' lang='lat' dir='ltr'><strong>permiserit</strong></span> <span class='ocrx_word' id='word_1_110' title='bbox 1445 903 1485 937; x_wconf 88' lang='lat' dir='ltr'><strong>et</strong></span> <span class='ocrx_word' id='word_1_111' title='bbox 1515 909 1558 937; x_wconf 86' lang='lat' dir='ltr'><strong>se</strong></span> 
     </span>
     <span class='ocr_line' id='line_1_14' title="bbox 58 952 1559 1008; baseline -0.003 -12"><span class='ocrx_word' id='word_1_112' title='bbox 58 964 121 996; x_wconf 74' lang='lat'><strong>104</strong></span> <span class='ocrx_word' id='word_1_113' title='bbox 139 955 360 997; x_wconf 85' lang='lat' dir='ltr'><strong>ostenderit</strong></span> <span class='ocrx_word' id='word_1_114' title='bbox 390 955 438 995; x_wconf 88' lang='lat' dir='ltr'><strong>de</strong></span> <span class='ocrx_word' id='word_1_115' title='bbox 469 955 544 995; x_wconf 87' lang='lat' dir='ltr'><strong>hoc</strong></span> <span class='ocrx_word' id='word_1_116' title='bbox 575 961 657 994; x_wconf 83' lang='lat' dir='ltr'><strong>toto</strong></span> <span class='ocrx_word' id='word_1_117' title='bbox 689 967 836 1008; x_wconf 88' lang='lat' dir='ltr'><strong>genere</strong></span> <span class='ocrx_word' id='word_1_118' title='bbox 867 953 966 993; x_wconf 84' lang='lat' dir='ltr'><strong>nihil</strong></span> <span class='ocrx_word' id='word_1_119' title='bbox 996 952 1193 994; x_wconf 87' lang='lat' dir='ltr'><strong>laborare.</strong></span> <span class='ocrx_word' id='word_1_120' title='bbox 1246 954 1391 994; x_wconf 87' lang='lat' dir='ltr'><strong>Durior</strong></span> <span class='ocrx_word' id='word_1_121' title='bbox 1412 953 1559 1006; x_wconf 84' lang='lat' dir='ltr'><strong>Dioge-</strong></span> 
     </span>
     <span class='ocr_line' id='line_1_15' title="bbox 141 1009 1559 1064; baseline -0.002 -12"><span class='ocrx_word' id='word_1_122' title='bbox 141 1025 227 1061; x_wconf 89' lang='lat' dir='ltr'><strong>nes,</strong></span> <span class='ocrx_word' id='word_1_123' title='bbox 253 1019 292 1051; x_wconf 85' lang='lat' dir='ltr'><strong>et</strong></span> <span class='ocrx_word' id='word_1_124' title='bbox 314 1011 347 1052; x_wconf 88' lang='lat' dir='ltr'><strong>is</strong></span> <span class='ocrx_word' id='word_1_125' title='bbox 371 1012 524 1064; x_wconf 87' lang='lat' dir='ltr'><strong>quidem</strong></span> <span class='ocrx_word' id='word_1_126' title='bbox 548 1011 652 1051; x_wconf 87' lang='lat' dir='ltr'><strong>idem</strong></span> <span class='ocrx_word' id='word_1_127' title='bbox 675 1011 866 1060; x_wconf 77' lang='lat' dir='ltr'><strong>sentiens,</strong></span> <span class='ocrx_word' id='word_1_128' title='bbox 891 1011 959 1051; x_wconf 90' lang='lat' dir='ltr'><strong>sed</strong></span> <span class='ocrx_word' id='word_1_129' title='bbox 984 1016 1024 1049; x_wconf 91' lang='lat' dir='ltr'><strong>ut</strong></span> <span class='ocrx_word' id='word_1_130' title='bbox 1047 1009 1218 1064; x_wconf 84' lang='lat' dir='ltr'><strong>Cynicus</strong></span> <span class='ocrx_word' id='word_1_131' title='bbox 1240 1010 1434 1064; x_wconf 83' lang='lat' dir='ltr'><strong>asperius,</strong></span> <span class='ocrx_word' id='word_1_132' title='bbox 1468 1023 1559 1063; x_wconf 91' lang='lat' dir='ltr'><strong>pro-</strong></span> 
     </span>
     <span class='ocr_line' id='line_1_16' title="bbox 140 1066 1558 1121; baseline -0.002 -12"><span class='ocrx_word' id='word_1_133' title='bbox 140 1069 206 1109; x_wconf 83' lang='lat' dir='ltr'><strong>iici</strong></span> <span class='ocrx_word' id='word_1_134' title='bbox 229 1082 272 1109; x_wconf 85' lang='lat' dir='ltr'><strong>se</strong></span> <span class='ocrx_word' id='word_1_135' title='bbox 293 1068 410 1109; x_wconf 90' lang='lat' dir='ltr'><strong>iussit</strong></span> <span class='ocrx_word' id='word_1_136' title='bbox 437 1068 698 1108; x_wconf 85' lang='lat' dir='ltr'><strong>inhumatum.</strong></span> <span class='ocrx_word' id='word_1_137' title='bbox 743 1067 843 1108; x_wconf 90' lang='lat' dir='ltr'><strong>Tum</strong></span> <span class='ocrx_word' id='word_1_138' title='bbox 866 1066 1004 1116; x_wconf 84' lang='lat' dir='ltr'><strong>amici,</strong></span> <span class='ocrx_word' id='word_1_139' title='bbox 1033 1066 1343 1107; x_wconf 79' lang='lat' dir='ltr'><strong>Volucribusnc</strong></span> <span class='ocrx_word' id='word_1_140' title='bbox 1365 1068 1558 1121; x_wconf 77' lang='lat' dir='ltr'><strong>etseris?</strong></span> 
     </span>
     <span class='ocr_line' id='line_1_17' title="bbox 141 1124 1554 1179; baseline -0.002 -13"><span class='ocrx_word' id='word_1_141' title='bbox 141 1124 319 1166; x_wconf 79' lang='lat' dir='ltr'><strong>Minime</strong></span> <span class='ocrx_word' id='word_1_142' title='bbox 339 1139 452 1172; x_wconf 77' lang='lat' dir='ltr'><strong>vero,</strong></span> <span class='ocrx_word' id='word_1_143' title='bbox 487 1124 634 1178; x_wconf 81' lang='lat' dir='ltr'><strong>inquit3</strong></span> <span class='ocrx_word' id='word_1_144' title='bbox 668 1125 744 1165; x_wconf 86' lang='lat' dir='ltr'><strong>sed</strong></span> <span class='ocrx_word' id='word_1_145' title='bbox 762 1124 954 1164; x_wconf 83' lang='lat' dir='ltr'><strong>bacillum</strong></span> <span class='ocrx_word' id='word_1_146' title='bbox 972 1131 1148 1178; x_wconf 78' lang='lat' dir='ltr'><strong>propter</strong></span> <span class='ocrx_word' id='word_1_147' title='bbox 1168 1138 1244 1173; x_wconf 84' lang='lat' dir='ltr'><strong>me,</strong></span> <span class='ocrx_word' id='word_1_148' title='bbox 1270 1137 1347 1179; x_wconf 85' lang='lat' dir='ltr'><strong>quo</strong></span> <span class='ocrx_word' id='word_1_149' title='bbox 1371 1124 1554 1178; x_wconf 84' lang='lat' dir='ltr'><strong>abigam,</strong></span> 
     </span>
     <span class='ocr_line' id='line_1_18' title="bbox 137 1180 1558 1238; baseline 0 -17"><span class='ocrx_word' id='word_1_150' title='bbox 137 1183 338 1238; x_wconf 81' lang='lat' dir='ltr'><strong>ponitotc.</strong></span> <span class='ocrx_word' id='word_1_151' title='bbox 378 1182 458 1234; x_wconf 80' lang='lat' dir='ltr'><strong>Qui</strong></span> <span class='ocrx_word' id='word_1_152' title='bbox 477 1181 522 1221; x_wconf 86' lang='lat' dir='ltr'><strong>id</strong></span> <span class='ocrx_word' id='word_1_153' title='bbox 534 1183 728 1236; x_wconf 76' lang='lat' dir='ltr'><strong>poteris?</strong></span> <span class='ocrx_word' id='word_1_154' title='bbox 749 1181 830 1230; x_wconf 68' lang='lat' dir='ltr'><strong>illi,</strong></span> <span class='ocrx_word' id='word_1_155' title='bbox 855 1194 935 1220; x_wconf 76' lang='lat' dir='ltr'><strong>nou</strong></span> <span class='ocrx_word' id='word_1_156' title='bbox 959 1181 1062 1220; x_wconf 71' lang='lat' dir='ltr'><strong>euim</strong></span> <span class='ocrx_word' id='word_1_157' title='bbox 1079 1181 1245 1220; x_wconf 79' lang='lat' dir='ltr'><strong>senties.</strong></span> <span class='ocrx_word' id='word_1_158' title='bbox 1269 1205 1321 1210; x_wconf 88' lang='lat'><strong>——</strong></span> <span class='ocrx_word' id='word_1_159' title='bbox 1348 1180 1457 1233; x_wconf 79' lang='lat' dir='ltr'><strong>Quid</strong></span> <span class='ocrx_word' id='word_1_160' title='bbox 1476 1182 1558 1235; x_wconf 81' lang='lat' dir='ltr'><strong>igi-</strong></span> 
     </span>
     <span class='ocr_line' id='line_1_19' title="bbox 140 1236 1556 1291; baseline -0.001 -12"><span class='ocrx_word' id='word_1_161' title='bbox 140 1246 209 1279; x_wconf 79' lang='lat' dir='ltr'><strong>tur</strong></span> <span class='ocrx_word' id='word_1_162' title='bbox 224 1237 533 1291; x_wconf 78' lang='lat' dir='ltr'><strong>miliiscrarum</strong></span> <span class='ocrx_word' id='word_1_163' title='bbox 556 1239 739 1278; x_wconf 80' lang='lat' dir='ltr'><strong>laniatus</strong></span> <span class='ocrx_word' id='word_1_164' title='bbox 761 1238 894 1278; x_wconf 75' lang='lat' dir='ltr'><strong>oberit</strong></span> <span class='ocrx_word' id='word_1_165' title='bbox 912 1236 1021 1277; x_wconf 71' lang='lat' dir='ltr'><strong>m&#39;lzz&#39;l</strong></span> <span class='ocrx_word' id='word_1_166' title='bbox 1036 1239 1328 1277; x_wconf 74' lang='lat' dir='ltr'><strong>sentientiP—</strong></span> <span class='ocrx_word' id='word_1_167' title='bbox 1350 1237 1556 1278; x_wconf 81' lang='lat' dir='ltr'><strong>Praeclare</strong></span> 
     </span>
     <span class='ocr_line' id='line_1_20' title="bbox 141 1293 1558 1348; baseline -0.001 -13"><span class='ocrx_word' id='word_1_168' title='bbox 141 1296 424 1347; x_wconf 86' lang='lat' dir='ltr'><strong>Anaxagoras,</strong></span> <span class='ocrx_word' id='word_1_169' title='bbox 450 1295 515 1347; x_wconf 86' lang='lat' dir='ltr'><strong>qui</strong></span> <span class='ocrx_word' id='word_1_170' title='bbox 537 1309 653 1348; x_wconf 88' lang='lat' dir='ltr'><strong>quum</strong></span> <span class='ocrx_word' id='word_1_171' title='bbox 668 1293 875 1348; x_wconf 77' lang='lat' dir='ltr'><strong>Lampsaci</strong></span> <span class='ocrx_word' id='word_1_172' title='bbox 897 1301 1137 1343; x_wconf 84' lang='lat' dir='ltr'><strong>moreretur,</strong></span> <span class='ocrx_word' id='word_1_173' title='bbox 1159 1294 1438 1347; x_wconf 85' lang='lat' dir='ltr'><strong>quaerentibus</strong></span> <span class='ocrx_word' id='word_1_174' title='bbox 1462 1294 1558 1334; x_wconf 89' lang='lat' dir='ltr'><strong>ami-</strong></span> 
     </span>
     <span class='ocr_line' id='line_1_21' title="bbox 141 1350 1555 1406; baseline -0.001 -14"><span class='ocrx_word' id='word_1_175' title='bbox 141 1352 210 1402; x_wconf 85' lang='lat' dir='ltr'><strong>cis,</strong></span> <span class='ocrx_word' id='word_1_176' title='bbox 231 1351 403 1392; x_wconf 85' lang='lat' dir='ltr'><strong>velletne</strong></span> <span class='ocrx_word' id='word_1_177' title='bbox 418 1350 679 1392; x_wconf 84' lang='lat' dir='ltr'><strong>Clazomenas</strong></span> <span class='ocrx_word' id='word_1_178' title='bbox 701 1351 740 1391; x_wconf 94' lang='lat' dir='ltr'><strong>in</strong></span> <span class='ocrx_word' id='word_1_179' title='bbox 764 1351 945 1406; x_wconf 86' lang='lat' dir='ltr'><strong>patriam,</strong></span> <span class='ocrx_word' id='word_1_180' title='bbox 971 1350 1004 1390; x_wconf 91' lang='lat' dir='ltr'><strong>si</strong></span> <span class='ocrx_word' id='word_1_181' title='bbox 1027 1350 1116 1403; x_wconf 90' lang='lat' dir='ltr'><strong>quid</strong></span> <span class='ocrx_word' id='word_1_182' title='bbox 1140 1351 1359 1401; x_wconf 81' lang='lat' dir='ltr'><strong>accidisset,</strong></span> <span class='ocrx_word' id='word_1_183' title='bbox 1385 1351 1555 1392; x_wconf 88' lang='lat' dir='ltr'><strong>auferri:</strong></span> 
     </span>
     <span class='ocr_line' id='line_1_22' title="bbox 138 1406 1558 1462; baseline 0 -14"><span class='ocrx_word' id='word_1_184' title='bbox 138 1407 264 1448; x_wconf 67' lang='lat' dir='ltr'><strong>Nihil</strong></span> <span class='ocrx_word' id='word_1_185' title='bbox 288 1422 452 1449; x_wconf 77' lang='lat' dir='ltr'><strong>neccsse</strong></span> <span class='ocrx_word' id='word_1_186' title='bbox 474 1415 557 1456; x_wconf 79' lang='lat' dir='ltr'><strong>est,</strong></span> <span class='ocrx_word' id='word_1_187' title='bbox 593 1408 742 1461; x_wconf 71' lang='lat' dir='ltr'><strong>inquit,</strong></span> <span class='ocrx_word' id='word_1_188' title='bbox 777 1407 957 1462; x_wconf 78' lang='lat' dir='ltr'><strong>amlique</strong></span> <span class='ocrx_word' id='word_1_189' title='bbox 986 1409 1090 1447; x_wconf 82' lang='lat' dir='ltr'><strong>enim</strong></span> <span class='ocrx_word' id='word_1_190' title='bbox 1115 1406 1173 1448; x_wconf 77' lang='lat' dir='ltr'><strong>acl</strong></span> <span class='ocrx_word' id='word_1_191' title='bbox 1199 1408 1360 1461; x_wconf 75' lang='lat' dir='ltr'><strong>inseras</strong></span> <span class='ocrx_word' id='word_1_192' title='bbox 1392 1415 1558 1449; x_wconf 76' lang='lat' dir='ltr'><strong>tantun-</strong></span> 
     </span>
     <span class='ocr_line' id='line_1_23' title="bbox 142 1463 1557 1518; baseline 0 -14"><span class='ocrx_word' id='word_1_193' title='bbox 142 1465 231 1505; x_wconf 82' lang='lat' dir='ltr'><strong>dem</strong></span> <span class='ocrx_word' id='word_1_194' title='bbox 251 1466 344 1505; x_wconf 81' lang='lat' dir='ltr'><strong>viae</strong></span> <span class='ocrx_word' id='word_1_195' title='bbox 365 1471 439 1504; x_wconf 81' lang='lat' dir='ltr'><strong>est.</strong></span> <span class='ocrx_word' id='word_1_196' title='bbox 485 1465 664 1518; x_wconf 84' lang='lat' dir='ltr'><strong>Totaque</strong></span> <span class='ocrx_word' id='word_1_197' title='bbox 687 1465 733 1505; x_wconf 86' lang='lat' dir='ltr'><strong>de</strong></span> <span class='ocrx_word' id='word_1_198' title='bbox 756 1463 1179 1505; x_wconf 77' lang='lat' dir='ltr'><strong>ratione’humationis</strong></span> <span class='ocrx_word' id='word_1_199' title='bbox 1202 1479 1320 1505; x_wconf 90' lang='lat' dir='ltr'><strong>unum</strong></span> <span class='ocrx_word' id='word_1_200' title='bbox 1345 1466 1557 1505; x_wconf 82' lang='lat' dir='ltr'><strong>tenendum</strong></span> 
     </span>
     <span class='ocr_line' id='line_1_24' title="bbox 141 1521 1557 1576; baseline 0.001 -16"><span class='ocrx_word' id='word_1_201' title='bbox 141 1527 227 1569; x_wconf 82' lang='lat' dir='ltr'><strong>est,</strong></span> <span class='ocrx_word' id='word_1_202' title='bbox 273 1522 321 1561; x_wconf 82' lang='lat' dir='ltr'><strong>ad</strong></span> <span class='ocrx_word' id='word_1_203' title='bbox 352 1534 495 1575; x_wconf 80' lang='lat' dir='ltr'><strong>corpus</strong></span> <span class='ocrx_word' id='word_1_204' title='bbox 536 1522 642 1561; x_wconf 89' lang='lat' dir='ltr'><strong>illam</strong></span> <span class='ocrx_word' id='word_1_205' title='bbox 682 1522 904 1576; x_wconf 86' lang='lat' dir='ltr'><strong>pertinere,</strong></span> <span class='ocrx_word' id='word_1_206' title='bbox 949 1521 1034 1561; x_wconf 82' lang='lat' dir='ltr'><strong>sive</strong></span> <span class='ocrx_word' id='word_1_207' title='bbox 1068 1521 1257 1561; x_wconf 82' lang='lat' dir='ltr'><strong>occiderit</strong></span> <span class='ocrx_word' id='word_1_208' title='bbox 1289 1522 1440 1561; x_wconf 89' lang='lat' dir='ltr'><strong>animus</strong></span> <span class='ocrx_word' id='word_1_209' title='bbox 1473 1522 1557 1562; x_wconf 86' lang='lat' dir='ltr'><strong>sive</strong></span> 
     </span>
     <span class='ocr_line' id='line_1_25' title="bbox 140 1577 1556 1632; baseline 0.001 -15"><span class='ocrx_word' id='word_1_210' title='bbox 140 1577 289 1632; x_wconf 84' lang='lat' dir='ltr'><strong>vigeat.</strong></span> <span class='ocrx_word' id='word_1_211' title='bbox 326 1577 369 1617; x_wconf 93' lang='lat' dir='ltr'><strong>In</strong></span> <span class='ocrx_word' id='word_1_212' title='bbox 393 1591 559 1631; x_wconf 86' lang='lat' dir='ltr'><strong>corpore</strong></span> <span class='ocrx_word' id='word_1_213' title='bbox 582 1586 728 1628; x_wconf 81' lang='lat' dir='ltr'><strong>autem,</strong></span> <span class='ocrx_word' id='word_1_214' title='bbox 754 1579 1002 1632; x_wconf 83' lang='lat' dir='ltr'><strong>perspicuum</strong></span> <span class='ocrx_word' id='word_1_215' title='bbox 1026 1585 1101 1626; x_wconf 85' lang='lat' dir='ltr'><strong>est,</strong></span> <span class='ocrx_word' id='word_1_216' title='bbox 1121 1577 1186 1617; x_wconf 86' lang='lat' dir='ltr'><strong>vel</strong></span> <span class='ocrx_word' id='word_1_217' title='bbox 1209 1578 1406 1618; x_wconf 74' lang='lat' dir='ltr'><strong>exstincto</strong></span> <span class='ocrx_word' id='word_1_218' title='bbox 1425 1578 1556 1618; x_wconf 87' lang='lat' dir='ltr'><strong>animo</strong></span> 
     </span>
     <span class='ocr_line' id='line_1_26' title="bbox 144 1634 952 1688; baseline -0.001 -13"><span class='ocrx_word' id='word_1_219' title='bbox 144 1634 208 1676; x_wconf 89' lang='lat' dir='ltr'><strong>vel</strong></span> <span class='ocrx_word' id='word_1_220' title='bbox 230 1635 381 1688; x_wconf 81' lang='lat' dir='ltr'><strong>elapso,</strong></span> <span class='ocrx_word' id='word_1_221' title='bbox 406 1635 556 1675; x_wconf 86' lang='lat' dir='ltr'><strong>nullum</strong></span> <span class='ocrx_word' id='word_1_222' title='bbox 578 1635 756 1676; x_wconf 82' lang='lat' dir='ltr'><strong>residere</strong></span> <span class='ocrx_word' id='word_1_223' title='bbox 778 1649 952 1676; x_wconf 88' lang='lat' dir='ltr'><strong>sensum.</strong></span> 
     </span>
     <span class='ocr_line' id='line_1_27' title="bbox 70 1690 1557 1746; baseline 0.001 -15"><span class='ocrx_word' id='word_1_224' title='bbox 70 1692 127 1736; x_wconf 73' lang='lat'><strong>44</strong></span> <span class='ocrx_word' id='word_1_225' title='bbox 258 1691 334 1732; x_wconf 89' lang='lat' dir='ltr'><strong>Sed</strong></span> <span class='ocrx_word' id='word_1_226' title='bbox 356 1691 471 1746; x_wconf 83' lang='lat' dir='ltr'><strong>plena</strong></span> <span class='ocrx_word' id='word_1_227' title='bbox 494 1706 675 1732; x_wconf 87' lang='lat' dir='ltr'><strong>errorum</strong></span> <span class='ocrx_word' id='word_1_228' title='bbox 699 1700 790 1733; x_wconf 85' lang='lat' dir='ltr'><strong>sunt</strong></span> <span class='ocrx_word' id='word_1_229' title='bbox 812 1691 957 1732; x_wconf 88' lang='lat' dir='ltr'><strong>omnia.</strong></span> <span class='ocrx_word' id='word_1_230' title='bbox 1003 1690 1143 1732; x_wconf 80' lang='lat' dir='ltr'><strong>Trahit</strong></span> <span class='ocrx_word' id='word_1_231' title='bbox 1166 1691 1376 1732; x_wconf 83' lang='lat' dir='ltr'><strong>Hectorem</strong></span> <span class='ocrx_word' id='word_1_232' title='bbox 1399 1691 1443 1732; x_wconf 91' lang='lat' dir='ltr'><strong>ad</strong></span> <span class='ocrx_word' id='word_1_233' title='bbox 1469 1706 1557 1733; x_wconf 85' lang='lat' dir='ltr'><strong>cur-</strong></span> 
     </span>
    </p>
   </div>
   <div class='ocr_carea' id='block_1_3' title="bbox 137 1820 813 1990">
    <p class='ocr_par' dir='ltr' id='par_1_3' title="bbox 137 1820 813 1990">
     <span class='ocr_line' id='line_1_28' title="bbox 137 1820 808 1864; baseline 0.001 -12"><span class='ocrx_word' id='word_1_234' title='bbox 137 1820 316 1861; x_wconf 72' lang='lat' dir='ltr'><strong>difficilcm</strong></span> <span class='ocrx_word' id='word_1_235' title='bbox 345 1824 381 1852; x_wconf 79' lang='lat' dir='ltr'><strong>el·</strong></span> <span class='ocrx_word' id='word_1_236' title='bbox 404 1822 615 1860; x_wconf 76' lang='lat' dir='ltr'><strong>obscur·a111;</strong></span> <span class='ocrx_word' id='word_1_237' title='bbox 649 1833 680 1864; x_wconf 89' lang='lat' dir='ltr'><strong>p.</strong></span> <span class='ocrx_word' id='word_1_238' title='bbox 710 1822 808 1854; x_wconf 87' lang='lat' dir='ltr'><strong>Rosc.</strong></span> 
     </span>
     <span class='ocr_line' id='line_1_29' title="bbox 138 1865 808 1907; baseline 0.001 -10"><span class='ocrx_word' id='word_1_239' title='bbox 138 1865 210 1897; x_wconf 81' lang='lat' dir='ltr'><strong>Am.</strong></span> <span class='ocrx_word' id='word_1_240' title='bbox 236 1866 289 1906; x_wconf 88' lang='lat'><strong>11,</strong></span> <span class='ocrx_word' id='word_1_241' title='bbox 310 1866 372 1897; x_wconf 80' lang='lat'><strong>30:</strong></span> <span class='ocrx_word' id='word_1_242' title='bbox 409 1869 551 1899; x_wconf 76' lang='lat' dir='ltr'><strong>insutas</strong></span> <span class='ocrx_word' id='word_1_243' title='bbox 587 1870 621 1898; x_wconf 82' lang='grc' dir='ltr'><em>ιή</em></span> <span class='ocrx_word' id='word_1_244' title='bbox 658 1868 808 1907; x_wconf 74' lang='lat' dir='ltr'><strong>culeum,</strong></span> 
     </span>
     <span class='ocr_line' id='line_1_30' title="bbox 137 1911 813 1955; baseline 0.001 -12"><span class='ocrx_word' id='word_1_245' title='bbox 137 1911 350 1954; x_wconf 77' lang='lat' dir='ltr'><strong>supplicium</strong></span> <span class='ocrx_word' id='word_1_246' title='bbox 397 1912 666 1953; x_wconf 58' lang='lat' dir='ltr'><strong>parmam-um</strong></span> <span class='ocrx_word' id='word_1_247' title='bbox 679 1938 688 1953; x_wconf 78' lang='lat'><strong>,</strong></span> <span class='ocrx_word' id='word_1_248' title='bbox 746 1924 813 1955; x_wconf 72' lang='lat' dir='ltr'><strong>pet·</strong></span> 
     </span>
     <span class='ocr_line' id='line_1_31' title="bbox 137 1957 810 1990; baseline 0 -1"><span class='ocrx_word' id='word_1_249' title='bbox 137 1967 312 1989; x_wconf 79' lang='lat' dir='ltr'><strong>summum</strong></span> <span class='ocrx_word' id='word_1_250' title='bbox 326 1957 483 1989; x_wconf 68' lang='lat' dir='ltr'><strong>dedecus</strong></span> <span class='ocrx_word' id='word_1_251' title='bbox 502 1961 611 1990; x_wconf 77' lang='lat' dir='ltr'><strong>vitam</strong></span> <span class='ocrx_word' id='word_1_252' title='bbox 633 1961 810 1990; x_wconf 71' lang='lat' dir='ltr'><strong>ancillet-1».</strong></span> 
     </span>
    </p>
   </div>
   <div class='ocr_carea' id='block_1_4' title="bbox 139 2013 814 2146">
    <p class='ocr_par' dir='ltr' id='par_1_4' title="bbox 139 2013 814 2146">
     <span class='ocr_line' id='line_1_32' title="bbox 185 2013 814 2058; baseline 0.003 -14"><span class='ocrx_word' id='word_1_253' title='bbox 185 2013 226 2045; x_wconf 87' lang='lat' dir='ltr'><strong>de</strong></span> <span class='ocrx_word' id='word_1_254' title='bbox 239 2013 329 2045; x_wconf 74' lang='lat' dir='ltr'><strong>nihil</strong></span> <span class='ocrx_word' id='word_1_255' title='bbox 343 2015 542 2054; x_wconf 75' lang='lat' dir='ltr'><strong>sentiendo,</strong></span> <span class='ocrx_word' id='word_1_256' title='bbox 559 2014 645 2056; x_wconf 75' lang='grc' dir='ltr'><strong>περὶ</strong></span> <span class='ocrx_word' id='word_1_257' title='bbox 664 2015 728 2046; x_wconf 77' lang='grc' dir='ltr'><strong>τοῦ</strong></span> <span class='ocrx_word' id='word_1_258' title='bbox 744 2026 814 2058; x_wconf 77' lang='grc' dir='ltr'><strong>μη-</strong></span> 
     </span>
     <span class='ocr_line' id='line_1_33' title="bbox 141 2054 813 2101; baseline 0.001 -11"><span class='ocrx_word' id='word_1_259' title='bbox 141 2057 203 2091; x_wconf 75' lang='grc' dir='ltr'><strong>δὲν</strong></span> <span class='ocrx_word' id='word_1_260' title='bbox 221 2054 485 2091; x_wconf 62' lang='grc' dir='ltr'><strong>αἰσθάνεσθαι.</strong></span> <span class='ocrx_word' id='word_1_261' title='bbox 506 2059 581 2101; x_wconf 76' lang='lat' dir='ltr'><strong>vgl.</strong></span> <span class='ocrx_word' id='word_1_262' title='bbox 613 2063 667 2097; x_wconf 62' lang='lat'><strong>2545,</strong></span> <span class='ocrx_word' id='word_1_263' title='bbox 690 2061 728 2092; x_wconf 70' lang='lat'><strong>57</strong></span> <span class='ocrx_word' id='word_1_264' title='bbox 751 2072 813 2091; x_wconf 79' lang='lat' dir='ltr'><strong>no-</strong></span> 
     </span>
     <span class='ocr_line' id='line_1_34' title="bbox 139 2104 734 2146; baseline 0.002 -10"><span class='ocrx_word' id='word_1_265' title='bbox 139 2115 216 2136; x_wconf 80' lang='lat' dir='ltr'><strong>men</strong></span> <span class='ocrx_word' id='word_1_266' title='bbox 235 2104 399 2145; x_wconf 82' lang='lat' dir='ltr'><strong>carendi,·</strong></span> <span class='ocrx_word' id='word_1_267' title='bbox 419 2106 502 2137; x_wconf 87' lang='lat' dir='ltr'><strong>auch</strong></span> <span class='ocrx_word' id='word_1_268' title='bbox 520 2105 558 2137; x_wconf 74' lang='lat' dir='ltr'><strong>V.</strong></span> <span class='ocrx_word' id='word_1_269' title='bbox 579 2107 635 2146; x_wconf 70' lang='grc'><strong>41),</strong></span> <span class='ocrx_word' id='word_1_270' title='bbox 659 2107 734 2137; x_wconf 82' lang='grc'><strong>117.</strong></span> 
     </span>
    </p>
   </div>
   <div class='ocr_carea' id='block_1_5' title="bbox 183 2161 810 2205">
    <p class='ocr_par' dir='ltr' id='par_1_5' title="bbox 183 2161 810 2205">
     <span class='ocr_line' id='line_1_35' title="bbox 183 2161 810 2205; baseline 0 -11"><span class='ocrx_word' id='word_1_271' title='bbox 183 2166 217 2194; x_wconf 81' lang='lat' dir='ltr'><strong>in</strong></span> <span class='ocrx_word' id='word_1_272' title='bbox 234 2173 272 2194; x_wconf 83' lang='lat' dir='ltr'><strong>eo</strong></span> <span class='ocrx_word' id='word_1_273' title='bbox 286 2163 394 2194; x_wconf 79' lang='lat' dir='ltr'><strong>libro:</strong></span> <span class='ocrx_word' id='word_1_274' title='bbox 410 2161 654 2203; x_wconf 85' lang='lat' dir='ltr'><strong>Plat.Phaed0‚</strong></span> <span class='ocrx_word' id='word_1_275' title='bbox 669 2163 717 2205; x_wconf 91' lang='lat' dir='ltr'><strong>p.l</strong></span> <span class='ocrx_word' id='word_1_276' title='bbox 732 2163 769 2193; x_wconf 70' lang='lat'><strong>15</strong></span> <span class='ocrx_word' id='word_1_277' title='bbox 782 2174 810 2194; x_wconf 66' lang='grc' dir='ltr'><strong>υ.</strong></span> 
     </span>
    </p>
   </div>
   <div class='ocr_carea' id='block_1_6' title="bbox 137 2219 812 2638">
    <p class='ocr_par' dir='ltr' id='par_1_6' title="bbox 138 2219 811 2296">
     <span class='ocr_line' id='line_1_36' title="bbox 184 2219 811 2261; baseline 0.002 -12"><span class='ocrx_word' id='word_1_278' title='bbox 184 2221 219 2249; x_wconf 80' lang='lat' dir='ltr'><strong>in</strong></span> <span class='ocrx_word' id='word_1_279' title='bbox 237 2229 306 2261; x_wconf 76' lang='lat' dir='ltr'><strong>qao</strong></span> <span class='ocrx_word' id='word_1_280' title='bbox 326 2221 492 2259; x_wconf 73' lang='lat' dir='ltr'><strong>moriwr,</strong></span> <span class='ocrx_word' id='word_1_281' title='bbox 510 2219 540 2251; x_wconf 94' lang='lat' dir='ltr'><strong>d.</strong></span> <span class='ocrx_word' id='word_1_282' title='bbox 555 2219 587 2250; x_wconf 87' lang='lat' dir='ltr'><strong>h.</strong></span> <span class='ocrx_word' id='word_1_283' title='bbox 606 2219 637 2251; x_wconf 91' lang='lat' dir='ltr'><strong>in</strong></span> <span class='ocrx_word' id='word_1_284' title='bbox 651 2219 811 2251; x_wconf 70' lang='lat' dir='ltr'><strong>walchem</strong></span> 
     </span>
     <span class='ocr_line' id='line_1_37' title="bbox 138 2263 661 2296; baseline 0.002 -1"><span class='ocrx_word' id='word_1_285' title='bbox 138 2263 208 2296; x_wconf 90' lang='lat' dir='ltr'><strong>sein</strong></span> <span class='ocrx_word' id='word_1_286' title='bbox 228 2263 300 2295; x_wconf 87' lang='lat' dir='ltr'><strong>Tod</strong></span> <span class='ocrx_word' id='word_1_287' title='bbox 327 2264 545 2296; x_wconf 76' lang='lat' dir='ltr'><strong>beschricbon</strong></span> <span class='ocrx_word' id='word_1_288' title='bbox 564 2265 661 2296; x_wconf 63' lang='lat' dir='ltr'><strong>wil-d.</strong></span> 
     </span>
    </p>

    <p class='ocr_par' dir='ltr' id='par_1_7' title="bbox 139 2320 812 2408">
     <span class='ocr_line' id='line_1_38' title="bbox 186 2320 812 2364; baseline 0 -12"><span class='ocrx_word' id='word_1_289' title='bbox 186 2320 264 2353; x_wconf 88' lang='grc'><strong>103.</strong></span> <span class='ocrx_word' id='word_1_290' title='bbox 284 2324 428 2364; x_wconf 80' lang='lat' dir='ltr'><strong>assequi</strong></span> <span class='ocrx_word' id='word_1_291' title='bbox 443 2322 503 2363; x_wconf 70' lang='grc' dir='ltr'><strong>(Ξ</strong></span> <span class='ocrx_word' id='word_1_292' title='bbox 514 2324 700 2364; x_wconf 76' lang='lat' dir='ltr'><strong>consequi)</strong></span> <span class='ocrx_word' id='word_1_293' title='bbox 713 2335 722 2352; x_wconf 91' lang='lat'><strong>.·</strong></span> <span class='ocrx_word' id='word_1_294' title='bbox 743 2323 812 2353; x_wconf 83' lang='lat' dir='ltr'><strong>ein-</strong></span> 
     </span>
     <span class='ocr_line' id='line_1_39' title="bbox 139 2365 762 2408; baseline 0 -10"><span class='ocrx_word' id='word_1_295' title='bbox 139 2365 250 2408; x_wconf 88' lang='lat' dir='ltr'><strong>holen,</strong></span> <span class='ocrx_word' id='word_1_296' title='bbox 271 2369 450 2398; x_wconf 74' lang='lat' dir='ltr'><strong>nancisci:</strong></span> <span class='ocrx_word' id='word_1_297' title='bbox 470 2367 611 2407; x_wconf 79' lang='lat' dir='ltr'><strong>zuffillig</strong></span> <span class='ocrx_word' id='word_1_298' title='bbox 630 2367 762 2398; x_wconf 70' lang='lat' dir='ltr'><strong>trell&#39;en.</strong></span> 
     </span>
    </p>

    <p class='ocr_par' dir='ltr' id='par_1_8' title="bbox 137 2423 811 2638">
     <span class='ocr_line' id='line_1_40' title="bbox 183 2423 810 2456; baseline 0.002 -2"><span class='ocrx_word' id='word_1_299' title='bbox 183 2423 376 2456; x_wconf 68' lang='lat' dir='ltr'><strong>videbitur.</strong></span> <span class='ocrx_word' id='word_1_300' title='bbox 413 2423 474 2455; x_wconf 85' lang='lat' dir='ltr'><strong>Die</strong></span> <span class='ocrx_word' id='word_1_301' title='bbox 496 2424 635 2455; x_wconf 82' lang='lat' dir='ltr'><strong>Hdschr.</strong></span> <span class='ocrx_word' id='word_1_302' title='bbox 657 2425 810 2456; x_wconf 69' lang='lat' dir='ltr'><strong>svhwan-</strong></span> 
     </span>
     <span class='ocr_line' id='line_1_41' title="bbox 138 2468 810 2501; baseline 0.003 -2"><span class='ocrx_word' id='word_1_303' title='bbox 138 2468 200 2500; x_wconf 82' lang='lat' dir='ltr'><strong>ken</strong></span> <span class='ocrx_word' id='word_1_304' title='bbox 220 2469 293 2501; x_wconf 88' lang='lat' dir='ltr'><strong>hier</strong></span> <span class='ocrx_word' id='word_1_305' title='bbox 317 2470 487 2501; x_wconf 86' lang='lat' dir='ltr'><strong>zwischen</strong></span> <span class='ocrx_word' id='word_1_306' title='bbox 514 2470 658 2501; x_wconf 72' lang='lat' dir='ltr'><strong>videtur</strong></span> <span class='ocrx_word' id='word_1_307' title='bbox 676 2470 740 2501; x_wconf 87' lang='lat' dir='ltr'><strong>und</strong></span> <span class='ocrx_word' id='word_1_308' title='bbox 761 2473 810 2501; x_wconf 74' lang='grc' dir='ltr'><strong>υί-</strong></span> 
     </span>
     <span class='ocr_line' id='line_1_42' title="bbox 138 2515 808 2558; baseline 0.003 -13"><span class='ocrx_word' id='word_1_309' title='bbox 138 2515 301 2555; x_wconf 77' lang='lat' dir='ltr'><strong>debitur,-</strong></span> <span class='ocrx_word' id='word_1_310' title='bbox 328 2525 442 2556; x_wconf 84' lang='lat' dir='ltr'><strong>wegen</strong></span> <span class='ocrx_word' id='word_1_311' title='bbox 471 2515 529 2547; x_wconf 77' lang='lat' dir='ltr'><strong>des</strong></span> <span class='ocrx_word' id='word_1_312' title='bbox 553 2515 707 2558; x_wconf 80' lang='lat' dir='ltr'><strong>Imperat.</strong></span> <span class='ocrx_word' id='word_1_313' title='bbox 730 2515 808 2547; x_wconf 83' lang='lat' dir='ltr'><strong>Fut.</strong></span> 
     </span>
     <span class='ocr_line' id='line_1_43' title="bbox 138 2560 811 2602; baseline 0.004 -12"><span class='ocrx_word' id='word_1_314' title='bbox 138 2560 315 2602; x_wconf 75' lang='lat' dir='ltr'><strong>(sepelito)</strong></span> <span class='ocrx_word' id='word_1_315' title='bbox 335 2561 416 2593; x_wconf 84' lang='lat' dir='ltr'><strong>aber</strong></span> <span class='ocrx_word' id='word_1_316' title='bbox 434 2561 478 2593; x_wconf 84' lang='lat' dir='ltr'><strong>ist</strong></span> <span class='ocrx_word' id='word_1_317' title='bbox 497 2561 672 2593; x_wconf 76' lang='lat' dir='ltr'><strong>videbitur</strong></span> <span class='ocrx_word' id='word_1_318' title='bbox 690 2572 811 2593; x_wconf 77' lang='lat' dir='ltr'><strong>vorzu-</strong></span> 
     </span>
     <span class='ocr_line' id='line_1_44' title="bbox 137 2606 269 2638; baseline 0.023 -3"><span class='ocrx_word' id='word_1_319' title='bbox 137 2606 269 2638; x_wconf 83' lang='lat' dir='ltr'><strong>ziehen.</strong></span> 
     </span>
    </p>
   </div>
   <div class='ocr_carea' id='block_1_7' title="bbox 881 1820 1558 2648">
    <p class='ocr_par' dir='ltr' id='par_1_9' title="bbox 882 1820 1558 1944">
     <span class='ocr_line' id='line_1_45' title="bbox 932 1820 1558 1863; baseline 0.002 -10"><span class='ocrx_word' id='word_1_320' title='bbox 932 1821 1006 1853; x_wconf 74' lang='lat'><strong>104.</strong></span> <span class='ocrx_word' id='word_1_321' title='bbox 1036 1822 1210 1863; x_wconf 71' lang='lat' dir='ltr'><strong>Diogenes</strong></span> <span class='ocrx_word' id='word_1_322' title='bbox 1240 1832 1303 1852; x_wconf 72' lang='lat' dir='ltr'><strong>von</strong></span> <span class='ocrx_word' id='word_1_323' title='bbox 1332 1820 1468 1863; x_wconf 81' lang='lat' dir='ltr'><strong>Sinope,</strong></span> <span class='ocrx_word' id='word_1_324' title='bbox 1499 1822 1558 1854; x_wconf 85' lang='lat' dir='ltr'><strong>der</strong></span> 
     </span>
     <span class='ocr_line' id='line_1_46' title="bbox 882 1866 1557 1909; baseline 0.001 -11"><span class='ocrx_word' id='word_1_325' title='bbox 882 1867 1049 1898; x_wconf 83' lang='lat' dir='ltr'><strong>bekannte</strong></span> <span class='ocrx_word' id='word_1_326' title='bbox 1063 1866 1222 1909; x_wconf 62' lang='lat' dir='ltr'><strong>Cyniker,</strong></span> <span class='ocrx_word' id='word_1_327' title='bbox 1244 1877 1303 1897; x_wconf 87' lang='lat' dir='ltr'><strong>zur</strong></span> <span class='ocrx_word' id='word_1_328' title='bbox 1316 1866 1392 1898; x_wconf 82' lang='lat' dir='ltr'><strong>Zeit</strong></span> <span class='ocrx_word' id='word_1_329' title='bbox 1406 1868 1557 1899; x_wconf 78' lang='lat' dir='ltr'><strong>Alexan—</strong></span> 
     </span>
     <span class='ocr_line' id='line_1_47' title="bbox 882 1911 1084 1944; baseline -0.005 -1"><span class='ocrx_word' id='word_1_330' title='bbox 882 1912 957 1944; x_wconf 76' lang='lat' dir='ltr'><strong>ders</strong></span> <span class='ocrx_word' id='word_1_331' title='bbox 977 1913 1008 1943; x_wconf 89' lang='lat' dir='ltr'><strong>d.</strong></span> <span class='ocrx_word' id='word_1_332' title='bbox 1026 1911 1084 1943; x_wconf 84' lang='lat' dir='ltr'><strong>Gr.</strong></span> 
     </span>
    </p>

    <p class='ocr_par' dir='ltr' id='par_1_10' title="bbox 884 1969 1556 2047">
     <span class='ocr_line' id='line_1_48' title="bbox 929 1969 1556 2011; baseline 0.002 -11"><span class='ocrx_word' id='word_1_333' title='bbox 929 1971 1101 2011; x_wconf 76' lang='lat' dir='ltr'><strong>asperius,</strong></span> <span class='ocrx_word' id='word_1_334' title='bbox 1131 1979 1177 1999; x_wconf 76' lang='lat' dir='ltr'><strong>sc.</strong></span> <span class='ocrx_word' id='word_1_335' title='bbox 1198 1969 1234 2000; x_wconf 81' lang='lat' dir='ltr'><strong>id</strong></span> <span class='ocrx_word' id='word_1_336' title='bbox 1252 1972 1466 2011; x_wconf 62' lang='lat' dir='ltr'><strong>cat-primam,</strong></span> <span class='ocrx_word' id='word_1_337' title='bbox 1488 1980 1556 2001; x_wconf 85' lang='lat' dir='ltr'><strong>was</strong></span> 
     </span>
     <span class='ocr_line' id='line_1_49' title="bbox 884 2015 1485 2047; baseline 0 0"><span class='ocrx_word' id='word_1_338' title='bbox 884 2026 944 2047; x_wconf 85' lang='lat' dir='ltr'><strong>aus</strong></span> <span class='ocrx_word' id='word_1_339' title='bbox 964 2017 1069 2046; x_wconf 71' lang='lat' dir='ltr'><strong>iussit</strong></span> <span class='ocrx_word' id='word_1_340' title='bbox 1097 2015 1409 2047; x_wconf 70' lang='lat' dir='ltr'><strong>lterauszunehmen</strong></span> <span class='ocrx_word' id='word_1_341' title='bbox 1429 2015 1485 2047; x_wconf 86' lang='lat' dir='ltr'><strong>ist.</strong></span> 
     </span>
    </p>

    <p class='ocr_par' dir='ltr' id='par_1_11' title="bbox 883 2071 1557 2286">
     <span class='ocr_line' id='line_1_50' title="bbox 919 2071 1556 2113; baseline 0.003 -10"><span class='ocrx_word' id='word_1_342' title='bbox 919 2071 1240 2113; x_wconf 48' lang='lat' dir='ltr'><strong>Anaxagorasyder</strong></span> <span class='ocrx_word' id='word_1_343' title='bbox 1251 2071 1423 2104; x_wconf 86' lang='lat' dir='ltr'><strong>ionischen</strong></span> <span class='ocrx_word' id='word_1_344' title='bbox 1435 2071 1556 2105; x_wconf 86' lang='lat' dir='ltr'><strong>Schule</strong></span> 
     </span>
     <span class='ocr_line' id='line_1_51' title="bbox 885 2116 1557 2160; baseline 0.001 -11"><span class='ocrx_word' id='word_1_345' title='bbox 885 2116 1557 2160; x_wconf 54' lang='lat' dir='ltr'><strong>angehzirigalsoNatm-philos-oph,lebte</strong></span> 
     </span>
     <span class='ocr_line' id='line_1_52' title="bbox 884 2162 1557 2196; baseline 0.003 -2"><span class='ocrx_word' id='word_1_346' title='bbox 884 2164 914 2194; x_wconf 88' lang='lat' dir='ltr'><strong>in</strong></span> <span class='ocrx_word' id='word_1_347' title='bbox 928 2164 1037 2194; x_wconf 77' lang='lat' dir='ltr'><strong>Athen</strong></span> <span class='ocrx_word' id='word_1_348' title='bbox 1058 2163 1108 2194; x_wconf 80' lang='lat' dir='ltr'><strong>als</strong></span> <span class='ocrx_word' id='word_1_349' title='bbox 1122 2162 1250 2194; x_wconf 83' lang='lat' dir='ltr'><strong>Lehrer</strong></span> <span class='ocrx_word' id='word_1_350' title='bbox 1267 2163 1332 2194; x_wconf 91' lang='lat' dir='ltr'><strong>und</strong></span> <span class='ocrx_word' id='word_1_351' title='bbox 1348 2162 1481 2195; x_wconf 84' lang='lat' dir='ltr'><strong>Freund</strong></span> <span class='ocrx_word' id='word_1_352' title='bbox 1500 2163 1557 2196; x_wconf 88' lang='lat' dir='ltr'><strong>des</strong></span> 
     </span>
     <span class='ocr_line' id='line_1_53' title="bbox 884 2208 1556 2250; baseline 0 -9"><span class='ocrx_word' id='word_1_353' title='bbox 884 2209 1048 2247; x_wconf 72' lang='lat' dir='ltr'><strong>l&#39;erikles,</strong></span> <span class='ocrx_word' id='word_1_354' title='bbox 1061 2208 1175 2240; x_wconf 80' lang='lat' dir='ltr'><strong>wurde</strong></span> <span class='ocrx_word' id='word_1_355' title='bbox 1195 2209 1276 2240; x_wconf 81' lang='lat' dir='ltr'><strong>aber</strong></span> <span class='ocrx_word' id='word_1_356' title='bbox 1293 2219 1407 2250; x_wconf 83' lang='lat' dir='ltr'><strong>wegen</strong></span> <span class='ocrx_word' id='word_1_357' title='bbox 1421 2209 1556 2242; x_wconf 80' lang='lat' dir='ltr'><strong>Atheis-</strong></span> 
     </span>
     <span class='ocr_line' id='line_1_54' title="bbox 883 2254 1327 2286; baseline 0 0"><span class='ocrx_word' id='word_1_358' title='bbox 883 2265 955 2286; x_wconf 90' lang='lat' dir='ltr'><strong>mus</strong></span> <span class='ocrx_word' id='word_1_359' title='bbox 974 2265 1036 2286; x_wconf 80' lang='lat' dir='ltr'><strong>von</strong></span> <span class='ocrx_word' id='word_1_360' title='bbox 1057 2255 1133 2286; x_wconf 80' lang='lat' dir='ltr'><strong>‹lort</strong></span> <span class='ocrx_word' id='word_1_361' title='bbox 1149 2254 1327 2286; x_wconf 79' lang='lat' dir='ltr'><strong>verbannt.</strong></span> 
     </span>
    </p>

    <p class='ocr_par' dir='ltr' id='par_1_12' title="bbox 883 2310 1555 2447">
     <span class='ocr_line' id='line_1_55' title="bbox 927 2310 1554 2354; baseline 0.002 -12"><span class='ocrx_word' id='word_1_362' title='bbox 927 2311 1062 2354; x_wconf 75' lang='lat' dir='ltr'><strong>siquid</strong></span> <span class='ocrx_word' id='word_1_363' title='bbox 1080 2311 1277 2351; x_wconf 68' lang='lat' dir='ltr'><strong>accidisset,</strong></span> <span class='ocrx_word' id='word_1_364' title='bbox 1300 2310 1554 2353; x_wconf 83' lang='lat' dir='ltr'><strong>Euphemismus</strong></span> 
     </span>
     <span class='ocr_line' id='line_1_56' title="bbox 883 2351 1555 2407; baseline 0.003 -20"><span class='ocrx_word' id='word_1_365' title='bbox 883 2357 955 2388; x_wconf 81' lang='lat' dir='ltr'><strong>l&#39;iir:</strong></span> <span class='ocrx_word' id='word_1_366' title='bbox 982 2359 1200 2407; x_wconf 41' lang='lat' dir='ltr'><strong>&#39;sivum-tuus</strong></span> <span class='ocrx_word' id='word_1_367' title='bbox 1227 2360 1338 2395; x_wconf 54' lang='lat' dir='ltr'><strong>cas-set,-</strong></span> <span class='ocrx_word' id='word_1_368' title='bbox 1364 2357 1491 2397; x_wconf 71' lang='lat' dir='ltr'><strong>griech.</strong></span> <span class='ocrx_word' id='word_1_369' title='bbox 1514 2351 1555 2397; x_wconf 75' lang='grc' dir='ltr'><strong>ἥν</strong></span> 
     </span>
     <span class='ocr_line' id='line_1_57' title="bbox 883 2406 1052 2447; baseline 0 -14"><span class='ocrx_word' id='word_1_370' title='bbox 883 2414 912 2433; x_wconf 81' lang='grc' dir='ltr'><strong>τι</strong></span> <span class='ocrx_word' id='word_1_371' title='bbox 936 2406 1052 2447; x_wconf 71' lang='grc' dir='ltr'><em>παθῃ.</em></span> 
     </span>
    </p>

    <p class='ocr_par' dir='ltr' id='par_1_13' title="bbox 881 2458 1553 2546">
     <span class='ocr_line' id='line_1_58' title="bbox 918 2458 1553 2501; baseline 0.002 -11"><span class='ocrx_word' id='word_1_372' title='bbox 918 2458 1098 2501; x_wconf 74' lang='lat' dir='ltr'><strong>Totaque.</strong></span> <span class='ocrx_word' id='word_1_373' title='bbox 1120 2458 1235 2500; x_wconf 74' lang='lat' dir='ltr'><strong>Vergl.</strong></span> <span class='ocrx_word' id='word_1_374' title='bbox 1255 2458 1311 2499; x_wconf 72' lang='lat'><strong>34,</strong></span> <span class='ocrx_word' id='word_1_375' title='bbox 1333 2459 1395 2490; x_wconf 76' lang='lat'><strong>82:</strong></span> <span class='ocrx_word' id='word_1_376' title='bbox 1422 2462 1553 2492; x_wconf 79' lang='lat' dir='ltr'><strong>lotum-</strong></span> 
     </span>
     <span class='ocr_line' id='line_1_59' title="bbox 881 2516 958 2546; baseline 0.013 -10"><span class='ocrx_word' id='word_1_377' title='bbox 881 2516 958 2546; x_wconf 79' lang='lat' dir='ltr'><strong>qne.</strong></span> 
     </span>
    </p>

    <p class='ocr_par' dir='ltr' id='par_1_14' title="bbox 881 2558 1552 2648">
     <span class='ocr_line' id='line_1_60' title="bbox 926 2558 1552 2599; baseline -0.005 -3"><span class='ocrx_word' id='word_1_378' title='bbox 926 2558 993 2597; x_wconf 76' lang='grc'><strong>44.</strong></span> <span class='ocrx_word' id='word_1_379' title='bbox 1027 2562 1100 2594; x_wconf 74' lang='grc'><strong>105.</strong></span> <span class='ocrx_word' id='word_1_380' title='bbox 1132 2561 1263 2593; x_wconf 76' lang='lat' dir='ltr'><strong>Trahit</strong></span> <span class='ocrx_word' id='word_1_381' title='bbox 1278 2562 1477 2599; x_wconf 70' lang='lat' dir='ltr'><strong>Hectorem,</strong></span> <span class='ocrx_word' id='word_1_382' title='bbox 1500 2562 1552 2594; x_wconf 84' lang='lat' dir='ltr'><strong>bei</strong></span> 
     </span>
     <span class='ocr_line' id='line_1_61' title="bbox 881 2606 1380 2648; baseline 0.002 -10"><span class='ocrx_word' id='word_1_383' title='bbox 881 2607 1014 2639; x_wconf 77' lang='lat' dir='ltr'><strong>Homer.</strong></span> <span class='ocrx_word' id='word_1_384' title='bbox 1038 2606 1073 2638; x_wconf 93' lang='lat' dir='ltr'><strong>ll.</strong></span> <span class='ocrx_word' id='word_1_385' title='bbox 1097 2606 1208 2639; x_wconf 71' lang='lat' dir='ltr'><strong>xxm.</strong></span> <span class='ocrx_word' id='word_1_386' title='bbox 1230 2606 1295 2638; x_wconf 81' lang='lat'><strong>395</strong></span> <span class='ocrx_word' id='word_1_387' title='bbox 1315 2607 1380 2648; x_wconf 75' lang='lat' dir='ltr'><strong>l‘gg.</strong></span> 
     </span>
    </p>
   </div>
  </div>
 </body>
</html>
