1684 2819
622 195 701 227 LIB.
721 195 744 227 I.
783 195 873 227 CAP.
893 194 945 227 43.
962 195 1017 226 44.
1468 195 1520 235 95

116 297 273 349 Epicuri
295 297 341 335 de
362 297 572 335 sanctitate.
610 297 797 336 Ludimur
813 298 859 336 ab
876 296 1035 335 homine
1052 308 1132 335 non
1148 302 1225 335 tam
1243 296 1377 343 faceto,
1400 309 1517 348 quam
1547 303 1612 335 123

118 355 163 393 ad
186 353 376 392 scribendi
404 353 593 392 licentiam
621 354 752 392 libero.
796 354 900 400 Quae
928 353 1031 391 enim
1059 358 1189 403 potest
1215 365 1300 391 esse
1327 353 1520 401 sanctitas,

118 410 150 448 si
178 409 227 448 dii
254 410 422 447 humana
449 421 528 447 non
561 408 725 448 curant?
759 422 855 460 quae
882 414 1009 447 autem
1038 409 1212 447 animans
1241 414 1394 455 natura,
1424 409 1519 447 nihil

115 463 283 504 curans?
319 465 453 504 Verius
475 470 534 503 est
554 466 668 516 igitur
683 466 865 504 nimirum
882 465 986 510 illud,
1009 465 1112 515 quod
1130 465 1324 503 familiaris
1344 465 1518 504 omnium

113 523 294 560 nostrnm
317 521 553 560 Posidonius
576 522 756 561 disseruit
778 522 816 560 in
837 522 934 559 lihro
957 521 1090 571 quinto
1120 521 1166 559 de
1186 527 1318 560 natura
1342 522 1518 568 deorum,

112 578 238 616 nullos
261 590 345 616 esse
366 578 459 616 deos
480 578 648 628 Epicuro
670 578 803 623 videri,
826 589 997 627 quaeque
1018 577 1050 614 is
1073 577 1119 615 de
1141 577 1211 615 diis
1233 577 1516 616 immortalibus

113 633 265 681 dixerit,
293 634 453 672 invidiae
480 634 722 672 detestandae
743 633 862 684 gratia
884 633 1044 671 dixisse:
1073 645 1196 683 neque
1223 638 1301 671 tam
1323 633 1517 684 desipiens

113 691 267 736 fuisset,
296 695 338 728 ut
358 690 582 728 homunculi
605 690 770 727 similem
799 689 912 727 deum
936 688 1113 738 fingeret,
1140 689 1380 727 lineamentis
1403 690 1517 727 dum-

111 752 214 785 taxat
234 746 432 791 extremis,
460 757 540 783 non
561 745 692 783 habitu
713 745 855 791 solido,
886 745 1070 782 membris
1099 745 1270 783 hominis
1302 746 1517 795 praeditum

113 802 311 848 omnibus,
335 814 408 839 usu
428 801 694 839 membrorum
716 813 765 839 ne
786 800 946 839 minimo
970 800 1146 850 quidem,
1169 800 1303 839 exilem
1325 802 1517 851 quendam

111 865 222 909 atque
242 857 500 908 perlucidum,
526 857 621 895 nihil
643 857 821 907 cuiquam
844 856 1091 901 tribuentem,
1113 856 1207 894 nihil
1229 856 1516 906 gratificantem,

111 914 268 952 omnino
297 913 391 951 nihil
418 918 632 959 curantem,
669 913 765 951 nihil
798 918 988 963 agentem.
1036 913 1142 959 Quae
1175 917 1311 951 natura
1346 912 1516 962 primum

109 969 209 1008 nulla
230 982 315 1008 esse
336 974 481 1019 potest:
503 969 616 1020 idque
637 969 770 1007 videns
791 969 983 1020 Epicurus
1005 980 1045 1006 re
1066 968 1180 1015 tollit,
1205 968 1380 1007 oratione
1400 968 1515 1006 relin-

109 1025 191 1076 quit
212 1026 318 1064 deos.
359 1025 501 1063 Deinde
523 1026 555 1064 si
577 1025 741 1063 maxime
763 1025 845 1064 talis
869 1030 926 1063 est
948 1025 1054 1071 deus,
1077 1030 1118 1062 ut
1138 1025 1240 1063 nulla
1262 1024 1391 1074 gratia,
1413 1024 1514 1063 nulla

108 1082 313 1120 hominum
341 1081 494 1120 caritate
520 1087 711 1128 teneatur,
740 1081 876 1120 valeat:
906 1080 997 1131 quid
1020 1080 1123 1119 enim
1152 1081 1293 1127 dicam,
1320 1080 1514 1131 propitius

108 1136 186 1176 sit‘?
233 1138 330 1176 Esse
359 1138 459 1176 enim
494 1137 684 1188 propitius
712 1143 842 1188 potest
873 1136 1037 1184 nemini,
1074 1137 1275 1187 quoniam⁷
1311 1141 1353 1174 ut
1379 1136 1514 1183 dicitis,

108 1194 236 1232 omnis
258 1194 297 1232 in
319 1194 573 1233 imbecillitate
595 1199 654 1232 est
675 1199 712 1232 et
733 1194 850 1245 gratia
872 1198 908 1231 et
929 1193 1077 1231 caritas.

154 1305 227 1337 123.
254 1305 434 1337 Ludimur:
453 1305 530 1336 weil
549 1316 584 1337 es
603 1306 666 1337 ihm
684 1306 773 1336 nicht
844 1305 964 1336 weiter
981 1315 1021 1335 zu
1036 1303 1178 1335 schaffen
1194 1303 1297 1335 haben
1312 1303 1423 1335 wolle.
1449 1302 1514 1335 Re-

105 1351 209 1383 Ernst
225 1351 326 1382 damit
341 1351 395 1382 ist.
429 1350 505 1390 Vgl.
523 1361 551 1382 c.
569 1350 623 1391 40,
645 1350 718 1382 113.
844 1350 1071 1381 nuntiationis
1093 1351 1232 1381 verbnm
1261 1353 1365 1380 nennt
1387 1358 1423 1379 es
1447 1347 1513 1379 Do-

149 1416 366 1448 Posidouius.
401 1416 435 1447 S.
455 1427 482 1447 c.
502 1416 520 1447 3
550 1415 580 1447 6.
847 1399 943 1426 natus
961 1394 1156 1447 ²9.Te¹¹e.¹¹t'
1191 1394 1295 1445 Andp‘
1315 1392 1417 1446 IV’..2⁷
1440 1392 1490 1443 13⁰

523 1441 530 1456 ²
888 1443 1060 1483 propztms
1085 1442 1150 1470 stt:
1183 1449 1256 1470 eine
1288 1438 1512 1478 gewohnhche

153 1483 226 1514 124.
259 1483 396 1524 Valeat,
425 1484 489 1515 wie
515 1483 571 1515 Gr.
597 1483 771 1527 χαιρέτω,
845 1484 980 1515 Formel
1003 1485 1035 1515 in
1058 1483 1273 1524 Anrufungen
1298 1483 1357 1514 der
1382 1481 1511 1514 Gotter.

100 1530 248 1571 χαίρειν
265 1524 432 1572 ἐάσωμεν
451 1524 577 1568 αὐτόν,
597 1529 771 1560 Ausdruck
845 1529 879 1561 S.
896 1530 1043 1561 Brisson.
1062 1530 1101 1560 de
1119 1528 1229 1560 Forin.
1252 1527 1276 1568 I,
1298 1527 1370 1559 184.
1404 1526 1514 1558 Daher

106 1574 164 1605 des
181 1573 351 1614 gemeinen
370 1573 516 1613 Lebens,
536 1584 587 1605 um
604 1574 771 1605 anzudeu-
843 1575 924 1606 auch
943 1575 1000 1605 das
1019 1573 1163 1605 Verbum
1178 1575 1367 1618 propitiare
1383 1572 1462 1605 deos
1485 1582 1511 1603 s.

105 1623 178 1658 ten,
209 1619 285 1650 dass
314 1629 385 1650 inan
414 1620 473 1650 init
497 1619 633 1650 Jemand
662 1619 769 1650 nichts
843 1629 875 1650 v.
893 1619 943 1650 als
958 1620 1103 1663 placare.

1545 1025 1608 1057 124
