1684 2819
638 160 1022 197 LIBERIV,S,17.
1456 159 1529 197 171

131 276 366 323 aemulatio,
401 274 656 323 obtrectatio,
692 273 983 321 misericordia,
1016 285 1162 325 angor,
1191 272 1334 320 luctus,
1359 284 1530 320 maeror,

130 345 337 381 aerumna,
364 330 489 379 dolor,
511 330 762 379 lamentatio,
797 330 1041 377 sollicitudO,
1079 328 1282 374 molestia,
1317 327 1529 376 afflictatio,

131 388 353 442 desperatio
376 394 415 426 et
436 387 469 425 si
492 400 590 439 quae
613 394 703 427 sunt
725 388 771 426 de
793 399 938 440 genere
961 385 1113 425 eodem.
1139 384 1217 424 Sub
1238 391 1386 434 metam
1404 391 1532 424 autem

131 444 307 484 subiecta
330 451 421 484 sunt
441 444 609 497 pigritia,
636 445 774 496 pudor,
800 450 945 492 terror,
971 443 1113 491 timor,
1148 454 1271 494 pavor
1287 472 1297 489 ,
1333 441 1533 480 exanima-

131 501 202 550 tio,
237 500 499 548 conturbatio,
527 501 718 550 formido,
753 500 955 550 voluptati
969 498 1244 538 malevolentia
1262 497 1413 537 laetans
1431 497 1533 536 malo

130 558 281 606 alieno,
315 557 548 605 delectatio,
581 557 738 596 iactatio
769 563 807 595 et
828 555 993 603 similia,
1029 553 1195 593 libidini
1222 554 1303 602 ira,
1338 554 1534 593 excande-

130 614 303 661 scentia,
341 613 494 663 odium,
528 613 755 661 inimicitia,
788 611 1007 659 discordia,
1040 610 1271 662 indigentia,
1298 610 1535 650 desiderium

130 677 168 709 et
191 677 324 710 cetera
347 669 554 709 eiusmodi.

245 726 350 766 Haec
372 733 502 765 autem
524 725 714 764 definiunt
736 725 808 763 hoc
831 723 959 762 modo.
993 722 1267 761 invidentiam
1291 735 1378 761 esse
1401 722 1534 761 dicunt
1555 721 1583 766 8

129 782 414 835 aegritudinem
437 787 660 834 susceptam
682 786 841 833 propter
862 779 1024 818 alterius
1046 790 1109 817 res
1133 778 1340 826 secundas,
1361 792 1459 830 quae
1477 777 1536 816 ni—
1561 786 1599 816 17

131 839 185 878 hil
206 844 374 885 noceant
393 837 598 877 invidenti.
632 836 730 877 Nam
753 836 784 876 si
808 836 871 888 qui
894 835 1024 875 doleat
1046 834 1129 873 eius
1152 834 1267 874 rebus
1290 835 1486 881 secundis,
1513 848 1535 873 a

128 909 206 946 quo
237 894 320 946 ipse
351 894 552 943 laedatur,
587 907 665 933 non
694 899 804 933 recte
835 892 986 931 dicatur
1014 891 1215 939 invidere,
1249 897 1292 929 ut
1320 891 1351 929 si
1376 890 1535 929 Hectori

129 952 395 1005 Agamemno,
431 950 494 1002 qui
517 957 672 997 autem,
706 950 767 989 cui
799 949 960 988 alterius
992 947 1194 986 commoda
1226 946 1323 986 nihil
1347 953 1530 994 noceant,

129 1014 260 1047 tamen
291 1021 375 1046 eum
409 1006 539 1046 doleat
569 1006 628 1047 his
662 1006 763 1055 frui,
795 1005 829 1045 is
862 1005 1038 1045 invideat
1068 1004 1257 1057 profecto.
1292 1001 1534 1042 Aemulatio

131 1070 262 1103 autem
285 1063 491 1116 dupliciter
512 1063 579 1102 illa
602 1062 755 1115 quidem
778 1061 919 1101 dicitur
934 1093 942 1108 ,
977 1068 1020 1100 ut
1051 1067 1089 1100 et
1119 1061 1158 1099 in
1181 1060 1293 1099 laude
1317 1067 1356 1099 et
1376 1059 1415 1098 in
1438 1058 1535 1098 vitio

132 1133 275 1160 nomcn
298 1119 370 1159 hoc
391 1120 456 1160 sit.
490 1119 589 1159 Nam
612 1127 650 1159 et
670 1118 836 1158 imitatio
858 1117 1015 1158 virtutis
1039 1117 1249 1156 aemulatio
1279 1116 1419 1156 dicitur
1450 1115 1537 1163 (sed

131 1191 177 1216 ea
210 1176 306 1216 nihil
334 1175 406 1216 hoc
439 1176 524 1215 loco
549 1177 716 1225 utimur,
750 1183 810 1215 est
833 1175 936 1214 enim
959 1174 1127 1225 laudis),
1165 1179 1204 1211 et
1235 1178 1296 1212 est
1323 1172 1534 1212 aemulatio

129 1232 358 1285 aegritudo,
396 1232 429 1272 si
452 1246 513 1282 eo,
539 1233 640 1284 quod
663 1232 917 1284 concupierit,
944 1230 1044 1270 alius
1068 1229 1253 1282 potiatur,
1278 1229 1361 1282 ipse
1385 1235 1531 1268 careat.

176 1334 247 1367 Sub
274 1338 422 1366 metam.
457 1333 532 1366 Man
561 1334 701 1365 beachte
736 1334 798 1365 den

130 1379 291 1411 Wecbsel
326 1380 359 1411 in
388 1379 447 1411 der
473 1380 708 1411 construction
735 1390 799 1411 von

915 1335 1024 1364 οιιί-
1036 1332 1129 1363 nihil
1143 1335 1309 1363 moneant:
1331 1332 1445 1371 „ohne
1461 1331 1539 1362 (lass

870 1379 936 1410 ihm
971 1378 1029 1409 (las
1056 1377 1164 1409 Gliick
1191 1379 1247 1408 des
1273 1377 1407 1408 Andern
1433 1381 1538 1407 etwas

129 1427 320 1463 snbz'z'cere‚·
345 1426 493 1456 nachher
518 1426 645 1457 wieder
663 1425 797 1456 Dative.

129 1470 206 1511 Vgl.
230 1471 283 1511 11,
303 1471 344 1502 25
373 1471 494 1503 odiam
520 1471 708 1509 mulierum
734 1471 800 1501 und

130 1520 168 1547 in
194 1517 377 1547 homiuum
401 1519 599 1548 universam
626 1526 750 1557 gemm.

177 1562 425 1593 malevolentia
444 1562 584 1592 laetans
602 1562 696 1592 malo
717 1561 801 1592 alie-

132 1618 187 1646 no,
218 1606 346 1647 griech.
363 1605 649 1649 ἐπιχαιρεκακία.

179 1655 215 1683 et
226 1652 372 1683 similia.
390 1651 500 1683 Wenn
516 1651 575 1682 das
590 1651 691 1682 letzte
704 1649 799 1682 Glied

131 1698 227 1728 einer
251 1697 510 1739 asyndetischen
530 1695 632 1728 Reihe
661 1697 720 1727 der
738 1694 802 1727 Ge-

133 1742 326 1774 samintbeit
352 1742 410 1773 der
434 1742 559 1773 anderu
589 1741 801 1782 gegeniiber-

132 1789 218 1827 tritt,
249 1798 284 1819 so
305 1788 348 1819 ist
372 1788 427 1818 die
446 1787 554 1828 copul.
576 1786 801 1828 Conjunction

132 1834 185 1864 bei
199 1833 321 1864 diesem
333 1831 682 1873 gerechtfertigt.Vgl.
697 1831 755 1863 lll.
767 1832 799 1870 2,

133 1881 152 1910 :5
172 1882 208 1910 et
224 1880 483 1910 inhaerescunt.
511 1876 554 1908 So
573 1877 681 1917 gleich
703 1877 801 1908 nach-

133 1925 209 1955 her:
232 1927 267 1955 et
284 1927 400 1955 cetera
417 1922 607 1962 ez‘usmodz‘;
622 1921 661 1954 V.
682 1923 714 1958 5,
738 1922 799 1954 13:

131 1968 803 2009 constantia,gravitas-reliquaeque

132 2017 297 2046 virt-ates.
329 2013 554 2053 Nothwendig
571 2013 652 2044 aber
679 2013 724 2044 ist
750 2013 801 2044 die

133 2059 232 2100 Conj.
246 2059 349 2100 nicht,
366 2059 439 2091 ΖΒ.
452 2059 507 2098 27,
520 2058 579 2090 59:
596 2058 642 2090 acl
654 2063 800 2095 metum,

132 2105 327 2144 libidinem,
345 2105 522 2147 reliquas,-
543 2104 597 2144 31,
612 2104 675 2135 66:
696 2105 804 2136 hono-

131 2160 201 2188 res,
223 2150 382 2187 divitiae,
403 2150 615 2191 voluptates,
637 2153 769 2181 cetera.

180 2196 382 2237 indigentia
416 2196 491 2226 hier
525 2193 804 2236 „Ungeniigsam-

133 2240 238 2272 Ιεεὶῑις
267 2242 310 2280 (s.
338 2241 372 2279 9,
394 2240 474 2282 21),
501 2250 565 2271 von
593 2239 711 2271 Cicero
738 2251 802 2272 neu

134 2286 294 2326 gebildet,
311 2286 373 2316 wie
390 2286 472 2317 auch
493 2285 802 2316 eoecanclesaentia.

181 2328 222 2365 S.
272 2331 323 2362 17.
359 2331 593 2362 [emittentium
629 2354 652 2371 ‚,
665 2330 803 2362 Scheel-

134 2377 275 2408 sucht“.
309 2376 407 2416 Diog.
429 2375 467 2407 L.
483 2375 560 2407 vll.
582 2376 666 2406 111:
689 2374 804 2417 φθό-

134 2430 183 2452 νο
196 2433 211 2457 ς
228 2420 304 2453 ἐστὶ
320 2418 418 2462 λύπη
433 2417 487 2452 ἐπ’
502 2416 703 2462 ἀλλοτρίοις
717 2417 804 2462 ἀγα-

135 2468 226 2502 θοῖς.
262 2466 380 2498 Cicero
399 2466 684 2507 vervollstiindigt
711 2467 803 2498 diese

137 2509 314 2543 Definition
343 2512 446 2543 durch
466 2512 527 2542 den
547 2511 693 2548 Zusatz:
715 2522 805 2553 qaae

138 2556 226 2586 nihil
243 2561 394 2588 noceant
419 2557 603 2596 invidenti,
626 2557 686 2588 den
707 2566 744 2588 er
762 2557 803 2587 im

140 2599 318 2639 folgenden
336 2601 435 2634 Satze
454 2602 620 2634 motivirt.

870 1424 1044 1455 schadet“
1065 1441 1109 1446 -—
1135 1423 1207 1453 eine
1233 1427 1339 1453 etwas
1362 1423 1459 1453 barte
1478 1422 1539 1452 Art

871 1470 930 1501 der
971 1469 1220 1509 Einschiehung
1263 1468 1355 1498 eines
1390 1467 1540 1498 Relativ-

872 1520 983 1546 satzes
1010 1515 1042 1545 in
1070 1514 1131 1545 den
1159 1513 1299 1544 andern.

917 1581 1125 1614 Aemulatio
1147 1580 1413 1621 „ffiffirsucht‘fl
1440 1578 1537 1620 Diog.

872 1627 910 1658 1..
929 1627 1010 1657 Ι.1.;
1034 1626 1162 1666 ζῆλρς
1180 1622 1275 1666 λύπη
1294 1623 1353 1656 ἐπὶ
1376 1626 1425 1665 τῷ
1444 1620 1538 1666 ἄλλῳ

872 1674 1063 1714 παρεῖναι,
1106 1669 1156 1702 ὠν
1198 1667 1305 1706 αὐτὸς
1349 1668 1538 1714 ἐπιθυμεῖ.

872 1716 1239 1754 Stob.Ecl.eth.1l.1‚
1260 1727 1290 1758 p.
1308 1716 1388 1747 178:
1412 1716 1541 1756 ζῆλος

873 1761 911 1794 δὲ
929 1759 1025 1803 λύπη
1043 1761 1105 1794 ἐπὶ
1125 1762 1174 1802 τῷ
1193 1759 1316 1804 ἕτξρον
1339 1757 1542 1803 ἐπιτυγχά-

871 1818 957 1845 νειν,
977 1806 1027 1839 ὠν
1042 1804 1150 1843 αὐτὸς
1167 1806 1354 1849 ἐπιθυμεῖ,
1375 1803 1483 1838 αὐτὸν
1502 1805 1541 1838 δὲ

870 1850 940 1897 μή·
961 1854 1130 1895 λέγεσθαι
1148 1851 1186 1883 δὲ
1200 1853 1259 1883 καὶ
1276 1851 1406 1891 ἑτέρως
1425 1852 1537 1890 ζῆλον,

870 1899 1109 1942 μακαρισμοῦ
1134 1896 1287 1935 ἔνδειαν,
1326 1893 1404 1938 ἤτοι.
1431 1894 1540 1929 ἄλλοι]

870 1946 1028 1988 μίμησιν
1055 1940 1155 1975 ὡσὰν
1179 1945 1394 1986 κρείττονος.
1433 1942 1540 1975 Unten

872 1990 928 2028 26,
941 1991 1001 2021 56:
1023 2000 1129 2030 quam
1146 1991 1198 2020 sil
1212 1990 1442 2029 aemulantis,
1455 1991 1543 2030 angi

872 2036 986 2067 alieno
1002 2037 1101 2074 bono,
1116 2035 1211 2076 qaod
1226 2037 1299 2076 ipse
1312 2045 1379 2075 non
1396 2035 1538 2066 habeat.

918 2093 980 2123 illa
999 2091 1154 2133 quidem,
1183 2102 1210 2122 s.
1232 2101 1273 2122 zu
1293 2090 1317 2122 l.
1338 2091 1369 2130 3,
1391 2092 1422 2122 6.

918 2149 1158 2189 concupierit,
1195 2147 1302 2189 suppl.
1339 2147 1398 2178 das
1433 2146 1538 2178 lndef.

871 2195 952 2236 quis
967 2193 1044 2234 (wie
1060 2203 1114 2228 τις
1130 2193 1159 2222 in
1178 2193 1238 2224 den
1259 2193 1341 2224 eben
1360 2191 1543 2232 angefiihr'-

870 2244 925 2270 ten
948 2238 1075 2278 griech.
1098 2237 1252 2275 Stellen).
1288 2237 1330 2269 So
1350 2237 1398 2268 oft
1424 2238 1456 2268 in
1480 2237 1543 2268 atl-

871 2284 1042 2325 gemeinen
1064 2283 1185 2314 Siitzen
1211 2283 1277 2314 und
1302 2283 1539 2322 Definitioneu,

873 2341 903 2360 z.
925 2329 961 2359 Β.
992 2329 1044 2369 11,
1066 2329 1127 2360 26:
1161 2328 1346 2368 iudicatio,
1376 2339 1412 2359 se
1437 2330 1538 2366 scire,

874 2374 970 2417 qaod
995 2376 1153 2411 nesez'at;
1188 2374 1243 2412 20,
1271 2375 1335 2405 46:
1365 2384 1470 2414 quum
1498 2390 1542 2394 —

874 2419 1014 2459 videat,-
1045 2419 1084 2450 (le
1112 2424 1198 2451 orat.
1227 2419 1250 2450 Ι.
1278 2419 1309 2458 S,
1331 2419 1393 2450 30:
1422 2417 1542 2458 Neque

875 2467 1061 2507 quicquam
1095 2465 1350 2506 praestabilius
1385 2462 1540 2501 videbar,

875 2520 983 2550 qaam
995 2521 1100 2552 posse
1119 2510 1265 2541 dleendo
1285 2510 1463 2540 Ιιοηιίιιιιηι
1483 2518 1542 2538 νυ-

875 2555 1031 2587 lautates
1076 2555 1272 2596 famellam-e,
1324 2564 1393 2594 qao
1436 2553 1543 2589 velz't;

874 2600 967 2632 ande
992 2604 1109 2632 autem
1138 2600 1233 2639 velz‘t,
1264 2599 1447 2630 deducere.
