1684 2819
160 158 214 197 94
646 156 1092 197 LIBERH.15‚35.36.

430 272 477 305 nt
497 264 647 304 rmillas
669 277 690 303 e
710 264 939 304 visceribus
960 267 1135 319 sanguis
1156 265 1306 311 eareat,-

161 336 453 374 nonnumquam
472 320 605 369 etiam,
630 326 688 368 ut,
713 333 829 372 quum
852 319 902 360 ibi
921 333 1064 370 essem,
1090 321 1312 367 audiebam,
1338 322 1384 361 ad
1408 335 1571 373 necem3

161 393 327 434 quorum
362 392 437 417 non
470 377 585 415 modo
619 389 733 416 nemo
764 376 1004 416 exclamavit
1031 392 1237 430 umquam,
1283 379 1350 417 sed
1384 392 1433 418 ne
1463 378 1575 431 inge-

160 435 260 475 muit
277 434 446 486 quidem.
483 432 582 483 Quid
601 433 723 486 ergo?
745 431 818 471 hoc
841 433 950 485 pueri
970 441 1151 487 possunt,
1171 434 1246 474 viri
1266 448 1343 474 non
1361 434 1575 488 poterunt?

161 498 200 532 et
221 504 304 530 mos
326 489 446 538 valet,
471 488 574 529 ratio
598 503 675 528 non
697 488 869 529 valebit?

90 548 145 592 15
277 546 448 586 Interest
476 545 621 598 aliquid
654 545 760 586 inter
793 545 968 585 laborem
1001 551 1041 584 et
1061 545 1261 597 doloren13
1296 555 1388 587 sunt
1409 547 1574 587 finitima

96 612 138 644 35
161 603 321 642 omnino
338 633 348 652 ,
383 602 451 642 sed
475 609 604 642 tamen
629 602 758 642 differt
779 601 939 654 aliquid.
984 601 1114 642 Labor
1135 610 1196 643 est
1217 604 1362 643 functio
1384 604 1572 656 quaedam

160 659 225 699 vel
247 658 367 699 animi
388 658 452 699 vel
470 660 648 712 corporis
667 659 866 713 gravioris
885 657 1015 713 operis
1034 666 1072 699 et
1089 659 1286 709 muneris,
1313 660 1425 699 dolor
1441 667 1574 700 autem

160 722 290 756 motus
312 729 430 769 asper
456 716 497 755 in
520 728 687 770 corpore
702 747 711 763 ,
747 712 898 755 alienus
921 729 943 755 a
965 715 1161 756 sensibus.
1207 716 1313 756 Haec
1337 717 1412 756 duo
1433 715 1575 756 Graeci

161 771 237 822 illi,
253 786 419 825 quorum
438 772 635 826 eopiosior
648 779 707 811 est
726 772 858 825 lingua
876 786 988 824 quam
1008 779 1158 820 nostra,
1177 786 1254 812 uno
1268 773 1426 812 nomine
1444 772 1576 826 appel-

161 828 259 869 lant.
295 828 430 881 Itaque
447 829 666 869 industrios
685 828 863 869 homines
882 829 937 868 illi
954 828 1153 868 studiosos
1169 829 1232 869 vel
1253 830 1380 882 potius
1396 836 1575 869 amantes

163 885 312 926 doloris
335 885 556 939 appellant,
591 900 663 926 nos
687 885 929 925 commodius
959 885 1195 926 laboriosos.
1239 886 1354 925 Aliud
1387 893 1448 926 est
1470 885 1573 925 enim

159 941 358 991 laborare,
376 942 477 981 aliud
497 942 644 982 dolere.
671 940 700 980 O
715 942 925 982 verborum
943 942 1054 994 inops
1070 941 1281 991 interdum,
1297 942 1437 994 quibus
1453 941 1577 981 abun-

161 998 254 1037 dare
273 1004 310 1037 te
327 1011 484 1051 semper
501 1005 629 1052 putaS,
651 997 838 1038 Graecia!
874 998 1005 1045 Aliud,
1027 997 1202 1050 inquam,
1224 1006 1286 1038 est
1303 998 1451 1047 dolere,
1473 998 1576 1038 aliud

159 1053 357 1094 laborare.
402 1054 530 1106 Quum
551 1054 709 1107 VAEQGssS
740 1053 978 1095 secabantur
1000 1054 1212 1104 C.Mario,
1247 1055 1422 1104 dolebat3
1457 1068 1576 1107 quum

159 1118 270 1151 aestu
287 1124 430 1165 magno
449 1110 616 1151 ducebat
632 1124 789 1164 agmen,
809 1111 1023 1151 laborabat.
1058 1111 1127 1151 Est
1150 1111 1252 1151 inter
1275 1111 1370 1151 haee
1387 1111 1575 1164 quaedam

160 1174 291 1207 tamen
314 1167 543 1208 similitudo.
589 1167 842 1208 Consuetudo
865 1168 968 1208 enim
992 1167 1169 1207 laborum
1193 1168 1487 1221 perpessionem
1509 1167 1577 1206 do-

94 1231 137 1264 36
159 1223 288 1264 lorum
311 1224 452 1264 efficiet
473 1224 705 1264 faciliorem.
752 1224 885 1277 Itaque
907 1224 986 1274 illi,
1022 1224 1088 1277 qui
1111 1223 1302 1264 Graeciae
1325 1226 1489 1264 sormam
1512 1235 1576 1263 re-

160 1294 247 1320 rum
270 1281 512 1333 publicarum
535 1281 749 1329 dederunt,
783 1294 948 1334 corpora
970 1281 1156 1320 iuvenum
1180 1280 1328 1320 firmari
1349 1280 1485 1320 labore
1506 1293 1576 1319 vo-

159 1337 334 1377 luerunt.
377 1336 486 1388 Quod
510 1337 730 1391 Spartiatae
753 1337 869 1377 etiam
894 1337 933 1376 in
958 1337 1122 1377 seminas
1146 1337 1451 1385 transtulerunt,
1477 1349 1577 1388 quae

161 1393 307 1434 ceteris
336 1392 376 1433 in
401 1394 559 1434 urbibus
582 1393 814 1433 mollissimo
838 1394 945 1433 cultu
971 1396 1181 1448 parietem}
1206 1394 1361 1433 umbris
1384 1394 1577 1433 occulun-

161 1456 244 1489 tur.
278 1449 338 1490 Illi
359 1457 492 1491 autem
514 1450 730 1491 voluerunt
750 1451 860 1490 ne'lee'l
877 1450 1018 1490 horum
1041 1451 1173 1490 se'nn'le
1198 1463 1286 1490 esse

155 1552 189 1582 in
206 1549 306 1582 Verr.
325 1556 390 1582 act.
411 1551 436 1583 I.
459 1551 515 1591 54,
539 1551 622 1583 140:
659 1552 752 1584 male
775 1563 832 1584 ac-

159 1598 251 1639 cipit
267 1597 380 1628 verbis
397 1596 609 1629 Habonium.

201 1645 304 1675 utss—
324 1646 454 1682 exeat,
474 1643 525 1673 als
542 1641 629 1674 Vers
649 1642 754 1683 (eines
773 1652 832 1674 un-

154 1686 348 1719 bekannten
381 1685 581 1729 Tragikers)
619 1693 735 1720 zuerst
768 1698 831 1719 von

155 1732 351 1764 Lachmann
366 1733 520 1765 erkannt.
547 1732 677 1774 wegeu
693 1736 832 1765 viscera

156 1777 225 1818 vgl.
246 1778 279 1817 8,
299 1778 355 1809 20.

191 1825 470 1864 pueripossnnt,
483 1825 551 1854 υἱνί
560 1833 626 1854 ηοη
636 1826 831 1864 poterunt?

156 1872 237 1907 etc„
259 1878 286 1899 s.
309 1867 335 1898 l.
356 1868 412 1907 48,
431 1869 495 1900 116
513 1878 555 1899 zu
574 1879 641 1899 non
661 1868 787 1909 clefm't.

201 1909 262 1949 15.
292 1913 348 1944 35.
385 1915 527 1945 omnino
561 1914 622 1945 mit
658 1913 739 1953 folg.
770 1912 832 1944 sed

157 1961 297 1990 tamen:
329 1958 586 1998 ‚‚allerdings“.
623 1958 666 1988 So
695 1959 736 1989 ad
758 1958 827 1989 Att.

156 2002 255 2035 tht.
276 2002 340 2043 48,
364 2004 401 2034 1:
448 2007 592 2035 veretur
618 2021 660 2025 —
689 1999 831 2045 ἀλόγως

157 2050 321 2088 omniuo,
347 2048 409 2080 sed
434 2052 576 2080 ver-etm-
595 2052 734 2085 tamen,
765 2048 830 2079 und

158 2092 258 2125 lister.

203 2138 329 2181 differt
354 2154 399 2164 =
426 2141 597 2179 interest,
627 2139 691 2171 wie
714 2139 753 2171 de
773 2138 828 2171 off.

156 2182 195 2215 ll.
219 2184 251 2223 8,
274 2184 336 2215 30:
366 2188 408 2216 at
425 2194 493 2216 non
512 2185 666 2216 multum
686 2184 833 2227 differat

156 2231 254 2261 inter
270 2240 428 2261 summos
456 2233 490 2261 ec
506 2230 703 2261 medioeres
722 2232 828 2261 viros.

192 2274 342 2316 functio
359 2292 399 2298 -
415 2277 581 2306 animi—
598 2277 726 2317 operis.
753 2275 829 2316 vgt.

158 2318 185 2351 Ι.
208 2319 261 2357 12,
283 2320 345 2351 25:
374 2320 562 2361 adjutor-es
582 2323 750 2352 vietor-iac
765 2330 832 2361 po-

153 2365 236 2406 puli
249 2364 374 2404 Rom.;
405 2364 460 2397 Ν.
482 2367 515 2405 6,
539 2366 597 2396 14;
623 2368 830 2407 praesentis

157 2410 248 2441 mali
277 2413 451 2452 sapientis
479 2413 643 2453 (πλησίω,-
690 2411 744 2450 13,
764 2412 827 2442 31:

158 2457 271 2487 animi
306 2456 501 2488 multarum
534 2466 653 2487 rerum
684 2466 831 2497 percur—

157 2503 305 2533 sionem.

206 2547 344 2578 alienus
370 2557 391 2579 a
416 2548 577 2578 sensibus
602 2562 646 2573 =
671 2547 830 2578 sensibus

159 2601 376 2634 repugnans.

949 1561 1017 1582 uno
1032 1553 1174 1582 nomine
1186 1551 1374 1591 appellant
1389 1556 1455 1582 etc.
1483 1550 1579 1582 Cice·

903 1607 957 1628 ros
969 1595 1284 1628 Nationaleitelkeit
1298 1596 1342 1627 ist
1358 1597 1400 1627 im
1416 1595 1576 1628 Unrecht.

901 1642 994 1674 Auch
1011 1642 1070 1672 der
1081 1640 1223 1673 Grieche
1246 1642 1303 1672 hat
1319 1642 1403 1673 zwei
1416 1641 1578 1674 Wiirter:

903 1683 1016 1723 πόνος
1033 1702 1077 1712 ==
1094 1687 1196 1718 labor
1208 1712 1216 1725 ‚
1269 1682 1373 1730 ἄλγος
1388 1702 1434 1712 =
1453 1687 1575 1726 dolor,-

902 1734 968 1764 und
995 1733 1059 1763 wie
1087 1742 1124 1763 cr
1152 1728 1264 1768 πόνος
1289 1733 1374 1764 auch
1403 1733 1445 1763 im
1474 1732 1579 1763 Sinne

902 1789 966 1809 von
986 1772 1091 1820 ἄλγος
1108 1777 1305 1818 gebraucht,
1331 1788 1367 1809 so
1387 1779 1448 1809 der
1465 1777 1580 1809 Latei-

903 1834 964 1854 ner
977 1823 1060 1854 auch
1077 1823 1250 1853 bisweiien
1265 1823 1378 1863 labor,
1393 1823 1578 1855 besonders

901 1869 982 1900 aber
1000 1869 1168 1899 laborm-e
1183 1883 1227 1893 Ξ
1246 1868 1377 1899 dolere.

945 1913 1128 1944 studiosos
1155 1930 1198 1935 —
1226 1913 1387 1944 doloris:
1423 1908 1579 1955 φιλοπό-

900 1968 995 1994 νους.
1039 1957 1106 1989 Der
1123 1956 1228 1989 Tadel
1255 1959 1320 1997 ist,
1351 1958 1417 1989 wie
1443 1963 1574 1998 gesagt,

900 2003 1148 2043 unbegriindet.

950 2050 985 2081 C.
1007 2048 1138 2080 Mario.
1166 2046 1245 2088 x‘gt.
1265 2048 1318 2087 22,
1340 2048 1397 2079 53.

948 2094 1003 2125 36.
1026 2094 1091 2133 illi,
1110 2096 1238 2135 qai—-‚
1258 2093 1453 2134 vorz'uglieh
1467 2092 1578 2125 Minos

900 2139 967 2170 und
986 2139 1134 2181 Lycurg.

942 2187 1127 2225 parietum
1170 2185 1304 2215 umbris
1345 2183 1574 2223 occuluntur,

901 2228 1134 2261 Remiuiscenz
1161 2238 1221 2260 aus
1249 2229 1358 2260 einem
1382 2228 1578 2260 unbekann-

902 2279 955 2306 ten
975 2273 1151 2315 Tragiker.
1181 2273 1330 2306 Ribbeck
1349 2271 1558 2305 verniuthet:

1071 2343 1079 2350 .
1134 2344 1141 2350 .
1194 2321 1328 2351 umbris
1362 2316 1578 2350 occuluntur

1329 2363 1527 2406 pdrietum,

900 2410 965 2441 und
985 2410 1150 2441 nachher:

900 2455 1003 2487 Nz'lzz'l
1019 2452 1146 2486 luit-um
1167 2454 1319 2487 simz'lest
1335 2453 1433 2496 άμηιί
1443 2452 1577 2497 Lacae-

1273 2511 1338 2531 nas
1358 2498 1526 2541 virgines.

903 2545 1195 2578 Wahrscbeintich
1260 2555 1321 2578 aus
1383 2544 1576 2576 demselben

905 2590 1030 2623 stiicke
1048 2591 1111 2622 wie
1131 2592 1193 2623 der
1211 2590 1296 2623 Vers
1316 2592 1347 2622 in
1367 2589 1384 2632 ξ
1404 2591 1459 2621 34.
