1684 2819
203 158 281 198 196
612 155 770 189 mena
788 156 843 189 ιν.
866 157 921 198 27,
943 157 996 190 59.

1046 156 1101 197 23,
1121 158 1174 189 60.

154 310 164 314 -
198 272 244 313 de
267 271 403 326 quibus
426 272 495 311 hoc
517 271 631 311 etiam
654 278 711 311 est
742 271 880 311 merita
912 272 1073 321 melius,
1109 272 1208 325 quod
1240 284 1445 326 corporum
1476 270 1584 312 adiu-

198 336 328 369 menta
349 327 580 368 tdhibentur
601 327 877 375 extrinsecus,
909 327 1124 368 animorum
1157 328 1262 369 salus
1293 327 1474 368 inclusa
1464 342 1503 367 in
1526 327 1584 369 his

199 385 293 439 ipsis
317 392 389 424 est.
426 383 500 423 Sed
523 397 597 436 quo
619 383 742 423 maior
763 391 822 424 est
842 384 881 423 in
903 384 959 424 eis
981 385 1219 438 praestantia
1242 392 1279 425 et
1310 385 1500 434 divinior,
1537 398 1583 424 eo

198 441 344 481 maiore
372 439 548 494 indigent.
579 439 792 493 diligentia.
834 439 964 493 Itaque
987 441 1084 480 bene
1112 441 1279 482 adhibita
1309 442 1410 482 ratio
1442 441 1582 490 cernit,

133 506 175 538 59
197 497 286 550 quid
316 496 499 550 optimum
528 497 602 548 sit3
646 497 823 551 neglecta
865 497 994 537 multis
1031 497 1247 549 implicatur
1279 498 1492 539 erroribus.
1525 498 1583 538 Ad

197 562 234 594 te
253 553 374 607 igitur
395 553 488 594 mihi
509 553 584 593 iam
607 554 871 594 convertenda
894 553 1019 593 omnis
1049 554 1174 593 oratio
1197 561 1268 594 est.
1294 555 1459 595 Simulas
1483 556 1583 596 euim

198 623 387 663 quaerere
409 617 445 650 te
468 610 514 649 de
536 610 734 664 sapiente3
773 611 928 664 quaeris
955 617 1081 651 autem
1106 610 1270 650 fortasse
1293 611 1338 650 de
1360 618 1412 650 te.

308 667 451 707 Earum
472 667 592 719 igitur
615 667 946 721 perturbationum
966 698 975 716 ,
1001 681 1093 720 quas
1117 667 1309 720 exposui,
1341 668 1474 707 variae
1495 674 1586 708 sunt

196 724 435 765 curationes.
468 723 567 764 Nam
589 738 715 777 neque
737 725 863 765 omnis
885 724 1087 778 aegritudo
1117 738 1192 764 una
1224 723 1376 764 ratione
1405 723 1581 765 sedatur:

198 781 272 821 alia
302 788 361 821 est
389 782 490 821 enim
512 781 682 834 lugenti,
718 781 793 821 alia
826 782 1025 822 miseranti
1057 788 1122 821 aut
1151 780 1342 821 invidenti
1371 780 1586 821 adhibenda

197 838 402 878 medicina.
435 838 505 878 Est
526 837 641 878 etiam
662 839 700 877 in
723 838 901 878 omnibus
924 845 1104 890 quattuor
1133 837 1487 892 perturbationibus
1520 837 1586 877 illa

198 895 394 935 distinctio
413 911 422 934 z
457 901 583 935 utrum
607 895 653 934 ad
675 895 897 935 universam
920 895 1250 948 perturbationem
1269 927 1277 944 ,
1313 908 1410 947 quae
1439 901 1499 934 est
1520 894 1587 934 ad-

198 952 395 1004 spernatio
417 952 582 991 rationis
604 958 669 991 aut
690 951 880 1005 appetitus
912 951 1180 991 vehementior
1197 982 1205 997 ‚
1239 966 1287 990 an
1319 951 1365 991 ad
1395 951 1583 1005 singulas,

198 1015 240 1048 ut
261 1009 308 1048 ad
336 1015 505 1057 metum,
538 1008 762 1057 libidinem,
794 1008 985 1060 reliquas,
1017 1008 1154 1048 melius
1187 1008 1411 1048 adhibeatur
1441 1008 1583 1058 oratio,

199 1072 237 1105 et
257 1073 385 1105 utrum
407 1065 554 1105 illudne
577 1079 653 1104 non
675 1064 854 1104 videatur
872 1077 987 1117 aegre
1005 1065 1297 1114 1e1u11du1nex
1314 1079 1388 1118 quo
1407 1072 1587 1118 suscepta

199 1123 250 1163 sit
270 1120 487 1175 aegritudo,
514 1136 561 1161 an
580 1122 750 1161 omnium
768 1135 897 1161 1erum
917 1121 1085 1161 tollenda
1103 1122 1259 1161 omnino
1275 1121 1502 1175 aegritudo3
1530 1128 1584 1169 ut,

201 1178 234 1219 si
257 1179 373 1232 quis
363 1193 480 1233 aegre
502 1179 616 1228 ferat,
642 1191 684 1218 se
706 1191 912 1231 pauperem
936 1191 1048 1228 esse,
1083 1179 1171 1219 idne
1194 1179 1363 1232 disputes
1378 1209 1388 1228 ‚
1424 1191 1588 1232 pauper-

200 1242 319 1275 tatem
341 1236 482 1276 malum
506 1249 583 1274 non
605 1247 709 1284 esse,
734 1249 782 1274 an
806 1235 997 1275 hominem
1019 1249 1135 1289 ae<rre
1156 1236 1259 1276 ferre
1277 1235 1370 1275 nihil
1388 1242 1584 1288 oportere.

200 1292 392 1332 Nimirum
415 1292 486 1332 hoe
509 1291 659 1340 melius,
687 1305 756 1340 ne,
793 1291 825 1331 si
848 1292 944 1331 torte
968 1293 1261 1346 devpaupertate
1283 1307 1359 1332 non
1382 1305 1588 1346 persuase-

200 1349 279 1396 ris,
313 1349 364 1389 sit
396 1348 629 1402 aegritudini
660 1348 969 1399 concedendumz,
1002 1350 1245 1403 aegritudine
1276 1356 1404 1389 autem
1437 1349 1589 1389 sublata

202 1406 367 1460 propriis
388 1406 618 1454 rationibus,
644 1405 780 1458 quibus
804 1405 885 1445 heri
910 1406 965 1445 usi
988 1420 1135 1456 sumus,
1157 1406 1320 1459 quodam
1339 1406 1452 1445 modo
1471 1406 1587 1445 etiam

202 1463 441 1517 paupertatis
463 1462 603 1502 malum
626 1462 787 1502 tollitur.

132 1519 190 1564 28
314 1519 387 1559 Sed
410 1519 535 1559 omnis
558 1519 745 1559 eiusmodi
768 1517 1001 1572 perturbatio
1024 1520 1139 1559 animi
1171 1519 1386 1572 placatione
1408 1519 1588 1559 abluatur

139 1584 180 1616 60
201 1576 268 1616 illa
291 1576 460 1629 quidem,
485 1590 599 1628 quum
624 1576 763 1615 doceas
780 1606 790 1624 ,
825 1589 894 1614 nee
917 1575 1054 1614 bonum
1078 1576 1170 1616 illud
1194 1589 1279 1616 esse
1296 1607 1304 1616 .
1338 1590 1387 1616 ex
1412 1590 1487 1629 quo
1509 1575 1588 1615 lae-

205 1633 287 1674 titia
311 1640 376 1673 aut
398 1633 514 1672 libido
538 1633 701 1679 oriatur,
723 1631 966 1680 anomalum,
988 1644 1033 1670 ex
1052 1647 1125 1685 quo
1144 1640 1207 1672 aut
1229 1639 1354 1673 metus
1376 1639 1442 1673 aut
1463 1633 1590 1686 aegri-

203 1690 308 1730 tudo.
338 1690 605 1730 Veruntamen
627 1691 721 1730 haec
743 1696 803 1729 est
824 1696 929 1729 verta
952 1695 990 1729 et
1012 1691 1161 1744 propria
1184 1690 1351 1739 sanatio,
1377 1690 1408 1730 si
1431 1689 1585 1738 doceas,

204 1747 307 1801 ipsas
330 1746 645 1801 perturbationes
668 1760 736 1801 per
758 1759 799 1785 se
822 1759 908 1786 esse
931 1745 1088 1786 vitiosas
1112 1761 1181 1787 nec
1210 1746 1352 1787 habere
1385 1747 1588 1800 quiequam

249 1883 302 1915 59.
330 1894 440 1925 neque
455 1886 566 1914 omnis
585 1883 773 1924 aegritudo
797 1887 860 1913 etc.

201 1928 320 1971 Neque
338 1929 383 1960 ist
400 1928 472 1959 bier
491 1929 608 1970 partic.
625 1928 768 1970 pendens
789 1927 864 1966 (wie

204 1974 259 2006 111.
279 1974 312 2014 3,
333 1975 350 2003 ι’)
371 1978 403 2005 el
425 1985 485 2005 vor
504 1975 657 2014 morbi).
693 1973 738 2005 Es
765 1974 863 2005 sollte

204 2020 333 2061 fulgen:
370 2024 414 2051 et
445 2024 476 2050 in
506 2021 666 2054 erunibus
693 2023 864 2061 quattuor

201 2066 524 2108 perturbotionibus
570 2065 631 2096 illa
678 2065 862 2096 disum-'110

205 2115 269 2143 est.
321 2110 364 2142 So
393 2111 431 2142 de
458 2111 513 2142 fin.
543 2110 584 2142 ll.
611 2111 665 2150 22,
687 2111 723 2141 71
745 2121 776 2142 u.
800 2111 860 2142 Τ2;

934 1881 1124 1913 ΜΙΙιίὺνηιΙα
1160 1885 1299 1914 curatio
1334 1883 1403 1924 est)
1433 1886 1586 1916 curatio.

933 1938 1001 1957 was
1036 1927 1117 1958 anub
1147 1929 1228 1959 zwei
1264 1928 1357 1959 codd.
1394 1928 1587 1968 ‹la1·bieten;

934 1973 1033 2004 allein
1053 1973 1103 2003 die
1119 1977 1252 2005 eta-alio
1271 1974 1438 2013 geschiebt
1453 1975 1490 2014 ja
1506 1974 1588 2005 eben

933 2019 1033 2049 durch
1063 2018 1113 2049 dit·
1143 2022 1269 2058 orult'o,
1301 2020 1365 2050 und
1395 2022 1587 2051 oralionem

934 2065 1100 2095 adhibere
1134 2063 1246 2096 kommt
1284 2066 1364 2096 ant-b
1400 2070 1490 2097 sonst
1515 2076 1588 2106 vor,

933 2121 961 2141 z.
977 2110 1011 2140 Β.
1030 2110 1083 2147 29,
1099 2110 1138 2140 ti?
1159 2111 1269 2142 eadem
1291 2114 1339 2142 sit
1355 2112 1511 2142 omnibus
1529 2111 1590 2142 ad-

203 2157 294 2189 Ναηι
321 2168 338 2186 η
352 2168 393 2187 ec
415 2159 466 2188 υιί·
486 2158 592 2188 bonus
611 2168 650 2187 nc
669 2159 786 2187 iustus
805 2157 864 2187 Ιια-

206 2204 280 2234 beri
297 2202 403 2242 (leber,
423 2205 493 2243 qm',
515 2214 555 2233 ne
572 2202 703 2233 malum
724 2203 861 2236 habeat,

205 2249 358 2279 abstinet
374 2260 409 2279 se
427 2249 469 2279 ab
489 2250 636 2285 ‘'alm-iffi
654 2248 765 2289 spiiter
785 2247 865 2288 solgt

205 2294 290 2324 ‹lann
305 2305 312 2324 t
338 2295 362 2334 Q
375 2304 394 2324 η
407 2304 426 2323 (ι
439 2305 454 2323 e
481 2294 553 2324 dici
577 2305 592 2324 e
605 2304 623 2324 α
637 2294 686 2324 de
696 2304 726 2325 771
756 2294 796 2325 de
814 2304 864 2323 (ϊ-

208 2341 292 2371 ίθνίε
309 2340 498 2370 virtutihus
514 2343 672 2380 possum.

250 2387 445 2416 miseranti,
464 2384 599 2415 Festus:
617 2385 650 2415 M
662 2387 697 2415 is
709 2395 780 2416 era
794 2389 836 2416 tel
849 2395 866 2416 ι·

206 2433 246 2470 is,
269 2433 330 2473 qm?
352 2433 579 2472 conquerilm·
596 2431 711 2461 aliena
738 2434 866 2462 invom-

208 2477 330 2514 mod(1;
363 2487 392 2507 m
407 2478 444 2507 is
456 2479 550 2506 eret
563 2487 581 2506 11
595 2486 613 2507 ν
640 2479 681 2513 is,
711 2480 772 2517 qni
800 2487 828 2507 711
837 2478 864 2506 ἰ-

207 2532 320 2553 serum
348 2522 514 2553 sublevat.

252 2568 465 2599 arimin-atm-
483 2569 609 2599 orario.
633 2567 769 2610 Bentley
789 2578 865 2598 eon-

204 2614 319 2653 jicirte
338 2614 386 2655 (in
406 2613 586 2645 Riieksicbt
612 2613 702 2654 aus§
721 2614 757 2644 74
780 2615 865 2644 haec

934 2156 1081 2187 hibenda
1102 2159 1217 2186 oratio

980 2205 1096 2233 ult-um
1127 2201 1267 2241 illudue,
1297 2198 1325 2234 s.
1347 2202 1467 2245 Zumpt
1489 2202 1506 2244 §
1526 2203 1587 2234 352

934 2258 984 2287 gg.
1009 2247 1048 2279 E.
1084 2246 1215 2277 Ebenso
1244 2248 1320 2279 eben
1340 2249 1372 2287 4,
1393 2249 1434 2279 9:
1465 2247 1588 2282 Utrum

934 2296 1047 2336 igilur
1078 2295 1190 2324 maris
1224 2297 1389 2326 stcte‘nme
1423 2304 1483 2325 nos
1518 2294 1590 2325 vela

924 2342 1052 2382 sna-ere
1077 2349 1119 2369 (ιη
1144 2340 1340 2379 paullulum
1367 2342 1568 2381 renn'gare?

980 2386 1068 2423 heri,
1099 2384 1130 2415 d.
1153 2385 1184 2414 b.
1214 2385 1255 2415 im
1282 2386 1309 2415 3.
1334 2385 1454 2416 Buche.

979 2427 1115 2464 28451).
1131 2430 1302 2469 abluatur}
1317 2430 1410 2471 Cnnj.
1425 2440 1587 2462 concess..

934 2476 1004 2507 dem
1034 2475 1177 2506 nat-liber
1195 2476 1429 2507 ser-untaneen
1448 2481 1511 2507 etc.
1536 2474 1600 2515 ge-‘

934 2521 1181 2561 geniiberstebt.
1205 2522 1366 2555 Amnon-e.
1379 2522 1526 2561 weniger
1542 2522 1591 2553 als

936 2567 1071 2605 Iolla-7¹1¹,
1108 2566 1299 2597 bezeichnet
1333 2577 1392 2598 nur
1417 2568 1469 2599 die
1497 2567 1592 2598 ober-

936 2612 1106 2644 tliiehlicbe
1126 2612 1338 2653 Beseitigung
1361 2614 1451 2645 einer
1470 2613 1588 2645 Sache.
