1684 2819
568 172 731 204 LIBER
758 172 797 206 v.
826 174 880 215 23,
902 176 956 206 cs.
977 176 1031 208 ce.
1424 179 1498 216 241

105 286 169 338 qui
200 284 330 324 multis
361 284 474 324 annis
505 291 590 337 post
619 284 715 334 fnit,
747 284 1034 325 Archimedem.
1072 286 1194 327 Cuius
1223 301 1296 341 ego
1318 297 1504 341 quaestor

105 342 325 396 ignoratum
348 340 393 379 ab
416 340 674 394 Syracusanis
689 371 699 389 ,
734 356 851 394 quum
873 355 961 382 esse
983 343 1142 383 omnino
1166 352 1380 398 negarent,
1415 359 1503 386 sae—

104 405 208 451 ptum
232 396 401 449 undique
424 404 461 436 et
482 398 664 437 vestitum
688 397 871 451 vepribus
895 405 934 437 et
964 399 1130 439 dumetis
1159 400 1341 454 indagavi
1374 402 1502 455 sepul-

105 467 227 493 crum.
262 452 459 492 Tenebam
483 454 584 493 enim
607 455 793 506 quosdam
817 454 1049 504 senariolos,
1077 470 1172 508 quos
1194 456 1235 496 in
1257 457 1341 497 eius
1365 472 1501 498 monu—

103 516 234 549 mento
257 522 344 549 esse
368 509 578 563 inscriptos
601 523 850 564 acceperam,
882 511 943 563 qui
976 511 1250 562 declarabant,
1284 513 1323 552 in
1350 527 1501 554 summo

103 565 283 619 sepulcro
321 565 524 618 sphaeram
559 579 648 606 esse
684 567 847 620 positam
884 580 971 605 cum
1003 567 1193 620 cylindro.
1236 569 1321 621 Ego
1354 577 1498 619 autem,

103 636 217 674 quum
241 623 369 661 omnia
393 622 663 662 collustrarem
682 622 805 662 oculis
822 623 900 675 (est
920 621 1021 661 enim
1040 623 1084 662 ad
1104 631 1236 676 portas
1254 626 1502 679 Agragianas

102 691 243 731 magna
278 678 498 730 frequentia
528 679 837 731 sepulcrorum),
870 678 1038 717 animum
1071 680 1224 719 adverti
1258 681 1502 722 columellam

103 748 180 773 non
203 735 363 774 multum
387 747 406 773 e
430 734 555 773 dumis
578 735 828 782 eminentem,
857 733 898 772 in
921 748 993 786 qua
1016 734 1145 774 inerat
1167 736 1356 788 sphaerae
1378 738 1503 791 figura

102 797 140 830 et
161 790 339 844 cylindri.
372 790 501 843 Atque
524 803 595 842 ego
618 790 746 830 statim
770 790 1030 844 Syracusanis
1054 794 1185 837 (erant
1207 799 1335 832 autem
1359 795 1503 846 princi-

102 859 168 899 pes
192 846 358 896 mecum)
382 845 480 893 dixi,
506 860 567 886 me
588 845 680 886 illud
703 847 827 899 ipsum
851 845 1035 886 arbitrari
1057 859 1169 895 esse,
1205 849 1304 900 quod
1339 864 1502 901 quaere-

100 916 199 942 rem.
234 902 403 942 Immissi
426 916 510 941 cum
534 902 693 942 falcibus
720 902 828 942 multi
858 910 1075 956 purgarunt
1106 910 1144 942 et
1175 912 1416 956 aperuerunt
1445 906 1501 945 lo—

100 972 200 998 cum.
235 958 318 1008 Quo
352 972 465 1010 quum
499 959 712 1011 patefactus
743 966 848 998 esset
879 959 1030 1004 aditus,
1063 960 1108 998 ad
1142 960 1347 1000 adversam
1380 961 1502 1002 basim

99 1015 353 1055 accessimus.
386 1014 608 1068 Apparebat
630 1014 891 1068 epigramma,
917 1015 1051 1056 exesis
1075 1017 1359 1068 posterioribus
1383 1019 1502 1071 parti-

99 1070 170 1110 bus
213 1070 493 1110 versiculorum
536 1071 744 1111 dimidiatis
782 1072 880 1110 fere.
934 1071 991 1110 Ita
1032 1071 1273 1111 nobilissima
1313 1073 1501 1114 Graeciae

100 1127 261 1175 civitas,
297 1128 489 1179 quondam
522 1141 618 1167 vero
643 1128 759 1167 etiam
782 1127 1004 1167 doctissima
1020 1159 1029 1177 ,
1064 1128 1123 1167 sui
1148 1128 1246 1168 civis
1271 1130 1386 1169 unius
1409 1144 1500 1170 acu—

98 1182 240 1223 tissimi
262 1191 555 1223 monumentum
587 1184 835 1236 ignorasset,
870 1183 944 1224 nisi
979 1184 1025 1223 ab
1057 1183 1214 1224 homine
1234 1185 1421 1239 Arpinate
1445 1187 1500 1226 di-

99 1239 272 1279 dicisset.
299 1239 372 1279 Sed
397 1240 545 1288 redeat,
572 1241 672 1279 unde
696 1240 909 1289 aberravit,
935 1241 1077 1280 oratio.
1113 1240 1206 1290 Quis
1230 1248 1289 1281 est
1311 1244 1496 1291 omnium,

99 1296 163 1348 qui
184 1296 297 1335 modo
321 1310 405 1335 cum
428 1296 551 1336 Musis
567 1328 576 1346 ,
608 1297 645 1335 id
678 1304 738 1337 est
764 1311 849 1336 cum
873 1297 1114 1336 humanitate
1136 1304 1175 1336 et
1197 1311 1281 1337 cum
1306 1299 1496 1348 doctrina,

99 1352 236 1392 habeat
258 1353 409 1405 aliquod
440 1353 738 1403 commercium,
773 1353 838 1406 qui
868 1367 908 1393 se
942 1367 1019 1392 non
1053 1353 1155 1393 hunc
1186 1355 1499 1394 mathematicum

98 1408 202 1448 malit
237 1423 348 1461 quan]
382 1409 488 1448 illum
530 1411 766 1463 tyrannum?
818 1409 858 1448 Si
895 1409 999 1449 vitae
1034 1410 1186 1449 modum
1231 1411 1499 1463 actionemque

100 1465 321 1516 quaerimus
338 1497 347 1515 ,
381 1465 544 1506 alterius
571 1479 681 1506 mens
704 1466 920 1506 rationibus
943 1466 1137 1518 agitandis
1168 1467 1500 1520 exquirendisque

43 1570 47 1572 V
99 1521 276 1560 alebatur
297 1536 383 1561 cum
406 1521 667 1561 oblectatione
690 1522 887 1562 sollertiae
903 1551 914 1573 7
948 1522 1013 1574 qui
1036 1529 1095 1561 est
1117 1536 1215 1561 unus
1239 1523 1499 1563 suavissimus

100 1612 234 1647 hatten,
264 1611 334 1642 ihre
361 1611 598 1651 Zeichnungeu
628 1622 669 1642 zu
697 1616 768 1642 ent-

100 1656 226 1688 werl'en
246 1658 399 1698 pflegten.
437 1656 550 1687 Daher
575 1657 613 1687 de
634 1662 701 1687 nat.
724 1656 764 1688 D.

101 1701 143 1733 ll.
179 1702 231 1741 18,
261 1702 323 1733 45:
360 1712 549 1743 numquam
587 1702 765 1733 eruditam

99 1747 197 1778 illum
231 1747 409 1788 pulverem
446 1749 644 1789 atll'gv'stz's:
680 1747 768 1787 „ihr

100 1792 180 1823 habt
207 1793 257 1823 nie
283 1791 502 1823 Mathematik
527 1792 748 1832 getriebe11“.

147 1848 209 1879 ego
228 1841 408 1878 quaestor,
431 1838 471 1868 76
491 1848 522 1868 v.
537 1836 616 1868 Chr.
649 1836 767 1869 Uebri-

100 1892 182 1922 gens
208 1883 299 1914 hatte
325 1893 362 1913 er
388 1882 501 1913 seincn
528 1881 649 1914 Posten
676 1883 766 1913 nicht

98 1928 131 1958 in
151 1926 296 1970 Syracus
320 1928 436 1967 selbst,
457 1927 601 1958 sondern
620 1928 653 1958 in
673 1926 767 1970 Lily-

100 1973 196 2004 baum
222 1973 307 2004 heim
326 1972 446 2004 prator
464 1972 542 2004 Sex.
564 1972 748 2004 Peduc'aus.

145 2019 333 2060 sphaeram
350 2037 393 2040 —
408 2028 485 2049 cum
506 2018 683 2061 cylindro.
703 2018 767 2049 Ar-

100 2063 267 2094 chimedes
286 2064 344 2094 hat
362 2063 461 2094 n'aml.
482 2064 542 2094 das
554 2062 766 2094 Verhiiltniss

100 2109 158 2139 des
177 2108 429 2140 Cubikinhaltes
449 2109 565 2140 beider
578 2107 709 2150 H'orper
727 2119 767 2139 zu

101 2154 263 2195 einaqd'er
288 2158 401 2185 zuerst
426 2151 605 2194 gefu'nden.

147 2200 201 2230 65.
223 2199 454 2240 Agragianas
473 2199 543 2239 (bei
558 2197 684 2231 Nonius
702 2199 767 2230 und

101 2243 132 2274 in
149 2244 208 2275 den
222 2238 337 2275 beste'n
350 2244 522 2285 Hdschr.),
535 2244 590 2275 ein
603 2239 668 2275 ἅπ.
681 2245 766 2286 λεγ.,

100 2304 144 2314 =
162 2290 405 2330 Aeragz’anas,
437 2300 500 2320 von
532 2285 708 2333 Ἀκράγας
723 2305 768 2315 ---

101 2335 340 2375 Agrigentum
354 2359 362 2374 ,
398 2335 491 2366 also:
528 2335 581 2366 die
615 2335 698 2366 nach
725 2335 765 2366 A.

102 2378 286 2411 fiihrenden
319 2379 426 2411 Thore
459 2390 522 2411 von
551 2380 697 2423 Syracus
724 2396 769 2402 —

102 2434 196 2455 wenn
209 2435 243 2456 es
257 2425 347 2456 nicht
361 2426 435 2456 eine
451 2426 558 2457 uralte
568 2425 766 2467 Corruption

102 2470 396 2502 vonAehradinas
408 2471 464 2502 ist.
482 2471 701 2511 (Achradina,
715 2471 767 2502 ein

103 2512 283 2546 Stadttheil
308 2526 371 2547 von
399 2516 578 2558 Syracus.)

149 2561 304 2591 animum
333 2561 503 2601 advertis,
532 2562 615 2593 auch
635 2560 688 2593 lll.
710 2560 765 2600 20,

102 2603 146 2634 45
173 2609 338 2643 getrennt.

196 2663 253 2690 Cir.
268 2665 384 2693 Tuscul.

884 1616 1138 1651 erautaztlem,
1170 1613 1383 1653 „n{i¹111ich“,
1414 1625 1440 1645 s.
1462 1625 1502 1645 zu

840 1656 864 1688 l.
885 1657 918 1695 2,
939 1658 971 1688 3.

884 1704 939 1733 oti.
975 1702 1022 1733 ad
1054 1703 1236 1734 adversam
1270 1705 1377 1735 basim
1408 1728 1430 1743 „
1445 1715 1503 1735 zur

837 1746 1055 1779 Yorderseite
1083 1748 1140 1779 des
1167 1747 1444 1788 Fussgestelts‘'·.

886 1792 1068 1828 Graeciae,
1089 1792 1143 1823 fiir
1155 1793 1310 1834 Magnae
1323 1793 1501 1833 Graeciae,

835 1837 898 1869 wie
933 1848 964 1879 p.
992 1837 1095 1869 Arch.
1125 1839 1165 1877 5,
1198 1838 1258 1868 1⁰:
1288 1841 1322 1869 in
1353 1838 1504 1871 Graecia

835 1882 1225 1924 homines—Rheginos
1240 1883 1338 1914 azll‘L
1346 1894 1505 1916 θον-911363

837 1932 903 1959 aut
915 1928 1172 1970 Neapolitanos
1192 1932 1255 1959 aut
1274 1928 1499 1961 Tarentz'nos.

882 1976 987 2004 unius
1006 1976 1220 2005 acutissima.
1250 1973 1407 2006 Dieselhe
1422 1974 1505 2006 Yer-

837 2018 999 2059 starkung
1017 2019 1074 2050 des
1093 2018 1246 2060 Superl.‚
1275 2019 1383 2060 gleich
1405 2021 1504 2051 nach-

836 2064 896 2095 her
937 2064 1081 2095 wieder:
1139 2074 1228 2095 nnus
1269 2068 1506 2097 suavissimus

832 2113 976 2150 pastas.

884 2155 926 2185 ab
948 2155 1088 2186 homine
1107 2155 1293 2195 Arpinate.
1330 2154 1501 2196 Arpinum,

838 2200 869 2230 in
884 2199 1030 2235 Latium,
1051 2210 1121 2230 war
1140 2199 1274 2231 Ciceros
1290 2198 1502 2231 Gehurtsort.

885 2255 960 2275 cnm
980 2245 1093 2276 Masis
1121 2249 1185 2276 etc.
1224 2243 1266 2275 So
1288 2248 1505 2285 agrestiores

838 2289 962 2321 Musae
973 2305 1016 2315 Ξ
1029 2290 1227 2331 eloquentia
1247 2289 1361 2331 (Orat.
1377 2291 1408 2324 3.
1424 2290 1502 2332 12);

839 2337 1097 2366 mansuetiores
1130 2335 1254 2366 Musae
1281 2350 1326 2360 ἶ
1352 2336 1505 2376 philoso-

834 2381 922 2421 phia
951 2379 1009 2421 (ad
1036 2380 1113 2412 sain.
1142 2379 1168 2411 1.
1190 2380 1222 2420 9,
1243 2380 1316 2421 23).

884 2427 945 2466 qui
967 2443 1009 2448 -
1032 2429 1238 2467 tyrannam.
1274 2424 1349 2465 x'gt.
1382 2425 1434 2463 1¹),
1462 2425 1504 2455 54

838 2471 961 2501 malles
989 2474 1021 2502 te
1039 2489 1083 2493 —
1100 2471 1287 2502 consulem.

882 2517 1085 2547 rationibus
1111 2515 1290 2557 agitandis
1316 2516 1504 2555 exquiren-

837 2560 959 2602 disque
981 2561 1112 2601 „durch
1141 2561 1199 2591 das
1218 2559 1411 2591 Entwerfen
1440 2560 1503 2590 und

838 2604 1036 2646 Ergriinden
1056 2616 1119 2636 von
1141 2605 1444 2649 Βεθνεεί]ιἰιιηὸθῑκ*ἶ

1201 2663 1247 2697 16

1525 579 1565 610 65

1525 970 1566 1001 [515
