1684 2819
140 900 182 933 3ss

210 174 265 213 46
785 171 841 203 DE
868 169 1050 204 oremus

211 286 278 314 cos
298 274 338 313 in
360 273 548 312 civitatem
569 272 683 312 etiam
704 277 949 323 acceperunt,
972 277 1010 310 at
1029 271 1300 324 Karthaginem
1322 279 1359 312 et
1378 272 1624 313 Numantiam

211 330 385 370 funditus
408 328 665 368 sustulerunt:
687 328 832 367 nollem
854 327 1096 375 Corinthum,
1118 328 1187 367 sed
1209 329 1324 367 credo
1347 329 1487 381 aliquid
1510 343 1624 370 secu-

208 392 285 434 tos,
309 384 640 437 opportunitatem
661 384 737 424 loci
757 384 934 431 maxime,
961 395 1010 423 ne
1030 390 1166 434 posset
1185 384 1387 436 aliquando
1415 387 1462 425 ad
1484 385 1624 426 bellum

210 442 427 482 faciendum
447 441 557 480 locus
579 441 662 492 ipse
678 440 885 479 adhortari.
922 440 1005 479 Mea
1022 440 1177 491 quidem
1194 442 1384 481 sententia
1405 443 1503 493 paci,
1526 454 1623 494 quae

208 498 306 537 nihil
327 498 503 537 habitura
525 497 577 536 sit
604 497 850 544 insidiarum,
879 508 1035 548 semper
1061 503 1120 536 cst
1147 497 1439 537 consulendum.
1480 499 1523 538 In
1545 512 1622 550 quo

209 555 242 593 si
269 554 365 593 mihi
392 559 496 593 esset
522 553 854 605 obtemperatum,
884 553 916 592 si
937 564 1017 591 non
1047 553 1254 604 optimam,
1282 559 1322 593 at
1348 554 1513 605 aliquam
1539 567 1622 595 rem

208 610 421 662 publicam,
445 623 542 662 quae
563 622 667 649 nunc
687 610 790 650 nulla
811 615 886 657 est,
914 609 1156 649 haberemus.
1193 610 1241 649 Et
1262 622 1350 649 cum
1372 610 1438 657 iis,
1467 623 1564 662 quos
1587 611 1622 650 vi

209 667 405 715 deviceris,
428 667 714 706 consulendum
736 672 806 713 est,
829 674 912 706 tum
934 666 971 714 ii,
994 666 1059 717 qui
1082 666 1200 705 armis
1222 666 1361 717 positis
1383 667 1430 706 ad
1452 666 1622 719 impera—

207 729 339 762 torum
362 724 476 762 fidem
499 723 736 774 confugient,
760 723 934 774 quamvis
956 735 1112 762 murum
1135 723 1234 761 aries
1254 722 1503 774 percusserit,
1525 724 1622 763 reci-

208 780 351 831 piendi.
393 780 437 820 In
458 793 534 831 quo
557 785 664 819 tanto
687 792 805 830 opere
827 780 929 831 apud
950 784 1112 818 nostros
1134 779 1277 818 iustitia
1300 780 1397 819 culta
1420 786 1496 826 est,
1524 787 1566 819 ut
1587 780 1624 828 ii,

209 836 273 888 qui
296 836 465 875 civitates
488 841 553 876 aut
573 836 749 875 nationes
772 836 939 875 devictas
961 836 1060 875 bello
1082 835 1121 874 in
1142 836 1258 874 fidem
1280 837 1535 887 recepissent,
1558 849 1622 875 ea-

208 905 296 932 rum
325 893 480 943 patroni
507 898 638 932 essent
672 905 781 931 more
808 893 1011 931 maiorum.
1060 894 1113 931 Ac
1148 892 1233 931 belli
1270 893 1423 944 quidem
1452 893 1622 943 aequitas

209 949 455 989 sanctissime
484 949 596 988 fetiali
626 949 760 1000 populi
787 949 953 988 Romani
989 949 1069 987 iure
1097 949 1310 1000 perscripta
1340 955 1410 987 cst.
1458 949 1512 987 Ex
1547 961 1622 1000 quo

208 1005 374 1056 intellegi
395 1010 527 1056 potest
556 1004 701 1044 nullum
732 1005 873 1043 bellum
896 1018 983 1044 esse
1010 1006 1155 1043 iustum
1182 1005 1257 1043 nisi
1284 1005 1389 1055 quod
1417 1011 1481 1043 aut
1507 1005 1622 1044 rebus

997 1108 1031 1137 si
1050 1106 1134 1137 mila·
1155 1108 1246 1137 esset
1269 1106 1534 1149 obtemperatum
1566 1105 1623 1137 be·

205 1106 284 1138 Dies
302 1106 444 1147 geschah
462 1106 528 1136 450
553 1105 654 1146 (304).
695 1105 756 1136 Die
776 1105 877 1137 Reste

953 1151 1042 1182 zieht
1061 1151 1128 1182 sich
1148 1150 1345 1182 namentlich
1363 1150 1491 1182 ausdcn
1501 1150 1622 1191 Bcginn

205 1151 278 1182 sind
302 1151 373 1182 also
399 1151 480 1182 nach
506 1150 572 1182 Cic.
592 1151 623 1181 in
648 1151 706 1182 das
732 1151 877 1191 Biirger-

206 1197 301 1227 recht
317 1196 578 1236 ausgenommen.

251 1241 405 1281 Volscos,
422 1239 579 1272 Sabinos.
606 1240 666 1271 Die
675 1240 876 1271 Sabinerer-

204 1286 328 1318 hielten
350 1285 415 1316 464
432 1285 521 1326 (290)
538 1296 603 1317 von
618 1283 672 1316 Μ’.
687 1284 807 1317 Curius
821 1285 878 1316 bc-

205 1330 515 1371 siegt(Vellei.Pat.
527 1330 550 1369 I,
564 1330 614 1369 14,
627 1330 669 1370 6),
686 1329 803 1362 Theile
818 1331 878 1361 der

204 1376 433 1416 Volsker,wie
448 1376 698 1417 dieArpinaten,
709 1375 770 1407 451
786 1375 874 1415 (303)

204 1421 285 1452 nach
303 1420 376 1452 Liv.
392 1419 435 1462 X,
456 1420 469 1451 1
498 1421 555 1452 das
576 1421 737 1451 romische
755 1420 876 1453 Unter-

202 1466 422 1498 thanenrecht
441 1466 572 1506 (civitas
586 1476 658 1498 sme
674 1465 875 1507 suffrag-1⁶0).

202 1511 880 1552 DasBiirgerrechterhieltendieSabiner

202 1555 268 1588 486
291 1556 393 1597 (268),
414 1556 466 1587 die
486 1555 670 1598 Arpinatem
694 1555 758 1587 566
774 1555 876 1596 (185).

246 1601 429 1634 Hernicos:
449 1600 522 1633 Liv.
532 1601 590 1642 lx,
600 1600 640 1632 43
654 1601 877 1633 Hernicorum

203 1648 315 1679 tribas
340 1646 476 1690 populis
502 1665 548 1669 —
575 1647 655 1689 quia
681 1646 879 1679 maluerunt

202 1702 303 1734 qaam
319 1694 502 1733 civitatem,
521 1691 703 1733 suaeleges
710 1691 875 1724 redditae.

201 1739 397 1779 Anagninis
436 1740 556 1780 quique
584 1748 683 1769 arma
711 1737 876 1769 Romanis

201 1782 387 1814 ilztalerant
408 1784 527 1814 civitas
551 1785 622 1814 sine
644 1784 812 1824 suffragii
826 1782 875 1814 Ια-

201 1829 290 1859 tione
307 1827 406 1859 data:
431 1828 472 1858 im
489 1828 590 1859 :uhi-e
608 1827 673 1858 448
694 1827 795 1868 (306).

246 1872 375 1914 aliquid
400 1875 550 1914 secutos,
585 1873 662 1904 dass
691 1873 739 1903 sie
769 1877 875 1904 etwas

200 1917 408 1949 Besonderes
433 1917 706 1957 beabsiclitigten.
748 1917 877 1959 aliquid

201 1963 291 1994 steht
319 1963 362 1994 im
391 1962 596 2004 pr'agnanten
623 1962 722 1993 Sinnc
753 1963 815 1993 wic
833 1963 873 1994 de

202 2018 248 2039 or.
266 2007 304 2046 11,
323 2008 376 2047 40,
398 2007 460 2038 170
489 2006 668 2039 siuiulasse
691 2010 723 2039 et
750 2007 876 2049 aliquid

198 2055 404 2095 quaesivisse
417 2055 634 2097 perspicuam
654 2055 714 2084 est.
748 2053 787 2084 dc
806 2053 874 2085 inv.

199 2098 236 2138 ll,
264 2098 318 2138 36,
348 2097 410 2129 108
449 2100 483 2130 si
517 2098 677 2140 beneficia
706 2099 871 2141 proferet,

198 2143 311 2186 aliqua
334 2143 374 2175 de
397 2153 502 2175 Causa
512 2145 620 2185 sacta
641 2153 707 2174 mm
730 2146 874 2186 propter

199 2188 461 2221 benevolentiam
493 2188 747 2220 demonstrabit.
789 2188 873 2220 Dass

201 2234 290 2266 nicht
307 2234 379 2265 blos
404 2234 456 2265 die
481 2234 666 2266 natiirliche
687 2233 876 2274 Festigkeit

199 2278 359 2311 Horinths
377 2280 440 2311 und
458 2279 511 2310 die
526 2279 666 2311 iirtliche
680 2278 780 2320 Lago,
796 2289 875 2311 ver-

199 2327 295 2366 miige
320 2326 421 2356 deren
452 2334 488 2356 cs
513 2325 574 2356 (len
600 2324 772 2356 Schliissel
802 2335 876 2356 zum

198 2370 409 2412 Peloponnes
433 2369 573 2410 bildete,
607 2370 658 2401 die
677 2369 798 2401 111111161-
816 2380 876 2401 zur

199 2415 409 2456 Zerstiirung
426 2415 559 2456 bewog,
578 2415 720 2445 sondcrn
739 2425 800 2446 vor
817 2415 875 2446 Al-

199 2461 262 2492 lom
292 2461 345 2492 die
375 2460 566 2492 Eisersucht
600 2460 659 2491 der
690 2460 872 2491 rihnischen

199 2506 453 2547 Grossh'andler,
473 2505 797 2545 desllitterstandes‚
816 2515 873 2545 gc-

199 2562 261 2590 gen
279 2551 331 2582 die
345 2551 508 2591 miichtige
517 2550 765 2584 Handelsstadt.
785 2551 874 2590 zoigt

199 2596 379 2628 Mommsen
400 2598 480 2627 raim.
502 2595 619 2628 Gcsch.
641 2594 664 2626 11
683 2606 713 2637 p.
735 2595 786 2626 45.

951 1197 1012 1227 der
1028 1195 1332 1236 Fcindseligkciten
1351 1196 1518 1227 zwischen
1527 1195 1623 1227 Pom-

950 1240 1046 1283 pejus
1055 1241 1120 1272 und
1129 1240 1260 1282 Caesar,
1278 1251 1329 1271 wo
1339 1240 1404 1272 Cic.
1424 1241 1511 1272 nicht
1528 1241 1622 1272 lniide

950 1286 1076 1325 uurde,
1095 1296 1156 1316 zur
1174 1285 1396 1326 Versiihnung
1414 1296 1455 1316 zu
1473 1286 1584 1317 reden.

995 1333 1096 1362 aries.
1127 1330 1246 1362 Sobald
1271 1330 1330 1361 der
1348 1330 1545 1362 Sturmbock
1563 1341 1622 1362 an-

950 1376 1127 1415 gewendct
1150 1385 1235 1417 war,
1269 1376 1339 1415 gatt
1368 1376 1420 1407 dic
1444 1376 1541 1407 stadt
1570 1375 1623 1407 ffii·

949 1421 1050 1452 durch
1075 1420 1207 1452 Gewalt
1240 1420 1376 1451 crobert
1412 1421 1477 1452 und
1507 1421 1622 1452 wurde

950 1466 1031 1497 nach
1050 1466 1121 1497 dem
1139 1464 1378 1505 liricgsrechte
1403 1466 1462 1497 der
1478 1464 1621 1497 Pliinde-

950 1521 1035 1551 rung
1074 1511 1134 1542 der
1172 1511 1330 1542 Soldaten
1371 1511 1620 1553 preisgegeben.

950 1555 1044 1587 Caes.
1063 1555 1238 1587 bell.Gall.
1258 1554 1346 1597 11,32
1364 1567 1401 1588 se
1417 1558 1528 1599 magis
1547 1567 1623 1588 con-

950 1600 1127 1633 suetudine
1149 1612 1213 1633 saa
1235 1612 1335 1643 qaam
1361 1604 1481 1633 merito
1506 1611 1623 1634 eorum

951 1647 1024 1686 (der
1047 1646 1253 1686 Aduatuker)
1289 1648 1454 1678 civitatem
1488 1657 1624 1679 conser-

948 1694 1126 1732 vaturam,
1163 1693 1195 1723 si
1218 1693 1320 1733 prius
1353 1703 1454 1734 qaam
1486 1702 1624 1724 maram

949 1739 1039 1769 aries
1055 1739 1240 1779 attigisset,
1258 1748 1295 1769 se
1311 1737 1530 1769 dedidissent.

992 1784 1140 1825 patroni.
1160 1781 1203 1813 So
1222 1792 1293 1814 war
1309 1782 1470 1814 Aemilius
1488 1782 1623 1814 Paullus

950 1828 1014 1858 und
1034 1828 1125 1859 scine
1143 1827 1386 1859 Nachkommen
1407 1827 1548 1860 Patrone
1567 1828 1625 1858 der

949 1872 1163 1904 Macedonici·
1178 1872 1377 1911 (Plut.Acm.
1392 1873 1464 1904 P.s.
1475 1873 1553 1914 lim),
1571 1872 1623 1904 die

950 1916 1353 1957 FabierderAllobrogei·
1371 1917 1622 1959 (Sa11.Cat.41),

949 1962 1001 1993 die
1021 1961 1200 1993 Marceller
1224 1963 1283 1993 dcr
1301 1963 1445 2004 Sit-uter,
1477 1962 1521 1994 M.
1541 1962 1621 1994 Cato

949 2007 1008 2038 dci·
1026 2006 1176 2050 Cypricr,
1193 2007 1245 2038 die
1264 2007 1438 2049 Scipionen
1457 2008 1516 2039 dci·
1531 2007 1622 2038 Afri-

949 2052 1125 2084 kanischcn
1145 2052 1342 2083 Provinzcn.

995 2098 1048 2128 36.
1092 2099 1193 2130 rebus
1217 2099 1382 2141 repetitis.
1425 2097 1535 2129 W'enn
1564 2098 1625 2129 der

950 2143 1111 2174 riiinischc
1129 2143 1224 2174 Stant
1248 2143 1307 2174 mit
1325 2143 1430 2174 ciuem
1448 2143 1572 2174 andern
1591 2143 1621 2174 in

950 2187 1088 2219 Contlict
1106 2188 1249 2229 gerit-th,
1275 2188 1444 2220 sordertcn
1462 2188 1622 2219 zunticbst

949 2233 1000 2264 die
1025 2232 1174 2264 Fetialcn
1199 2238 1299 2265 unter
1322 2233 1513 2265 seim-lichen
1538 2232 1622 2265 For-

948 2279 1035 2309 meln
1056 2278 1140 2315 (Liv.
1156 2278 1209 2318 32)
1230 2279 1288 2310 das
1305 2276 1410 2310 Recht
1427 2279 1514 2309 ihres
1525 2278 1622 2309 staa-

949 2328 1000 2355 tcs
1018 2334 1082 2354 von
1101 2324 1173 2355 (lem
1187 2323 1425 2355 verletzendcn
1444 2323 1508 2354 und
1530 2327 1621 2354 setz—

950 2373 1003 2400 ten
1028 2369 1112 2400 (lazu
1137 2369 1209 2400 eine
1233 2368 1325 2401 Fris-t
1354 2379 1416 2399 von
1447 2368 1489 2400 33
1508 2368 1620 2409 Tagen

950 2415 1016 2452 (res
1034 2417 1199 2456 repetant.
1228 2414 1295 2445 Dei·
1311 2415 1375 2445 Act
1393 2412 1499 2445 selbst
1517 2414 1621 2445 hoisst

948 2459 1164 2500 clarigatio).
1200 2459 1372 2490 Ver-strich
1397 2458 1488 2490 diese
1518 2458 1620 2490 unbe-

949 2509 1049 2545 nutzt,
1070 2515 1106 2535 so
1125 2504 1212 2535 nai-1·
1227 2503 1401 2535 (ichctial
1420 2503 1493 2535 eine
1509 2503 1620 2535 Lanze

949 2549 1030 2580 iiber
1049 2550 1100 2580 die
1124 2549 1255 2581 (ἧι-0112(-
1284 2549 1347 2581 und
1372 2548 1520 2580 crkliirte
1539 2549 1619 2579 wie-

948 2594 1060 2625 derum
1084 2595 1141 2626 mit
1166 2595 1258 2626 einer
1282 2594 1462 2626 stehcnden
1487 2593 1619 2625 Formel
