1684 2819
640 191 717 223 LIB.
734 190 772 223 ΙΙ.
812 191 903 224 CAP.
925 192 954 223 2.
974 192 1004 223 3.
1447 192 1523 230 107

123 292 492 348 comprobabimus?
538 294 639 332 Nihil
665 305 738 333 nos
767 294 809 333 P.
839 293 984 333 Claudii
1010 293 1109 332 bello
1138 293 1283 332 Punico
1313 292 1440 343 primo
1468 298 1525 331 te-

123 353 277 392 meritas
298 350 479 396 movebit,
501 350 565 401 qui
586 350 700 389 etiam
722 363 791 401 per
810 350 938 389 iocum
960 350 1054 388 deos
1076 350 1251 396 irridens,
1273 361 1392 400 quum
1418 361 1525 387 cavea

122 408 265 447 liberati
294 407 385 458 pulli
406 418 486 444 non
506 411 766 458 pascerentur,
797 406 917 457 mergi
939 418 1006 445 eos
1027 406 1067 444 in
1089 418 1227 457 aquam
1247 405 1377 452 iussit,
1406 410 1447 443 ut
1466 405 1526 443 bi-

121 465 270 511 berent,
299 463 483 514 quoniam
511 476 596 501 esse
624 461 798 501 nollent?
841 462 913 510 Qui
940 462 1042 501 risus
1071 462 1191 500 classe
1221 461 1366 500 devicta
1387 461 1525 500 multas

122 520 196 571 ipsi
224 520 417 565 lacrimas,
446 531 626 569 magnam
654 520 799 570 populo
828 519 1003 557 Romano
1034 518 1178 557 cladem
1207 518 1339 557 attulit.
1397 514 1526 564 Quid?

123 576 263 628 collega
284 576 366 615 eius
382 575 514 614 Iunius
537 576 673 614 eodem
694 575 792 614 bello
814 587 944 613 nonne
960 580 1188 624 tempestate
1206 574 1368 613 classem
1385 573 1524 619 amisit,

123 646 242 684 quum
271 632 452 683 auspiciis
482 644 562 670 non
588 629 807 683 paruisset?
849 631 979 681 Itaque
1001 630 1181 669 Claudius
1209 643 1229 668 a
1256 630 1400 680 populo
1433 642 1526 668 con—

123 689 324 728 demnatus
355 694 428 734 est,
456 687 588 727 Iunius
616 699 750 726 necem
778 686 850 724 sibi
878 686 960 737 ipse
990 685 1186 724 conscivit.
1229 685 1267 724 C.
1296 686 1526 724 Flaminium

122 745 270 784 Caelius
311 744 494 794 religione
528 743 701 792 neglecta
738 742 920 781 cecidisse
956 742 1056 792 apud
1088 741 1359 780 Trasimenum
1396 742 1529 780 scribit

122 814 210 840 cum
236 813 377 850 magno
406 800 638 850 reipublicae
658 799 823 837 vulnere.
865 798 1041 844 Quorum
1070 797 1183 836 exitio
1207 797 1364 847 intelligi
1386 804 1526 847 potest,

122 870 257 896 eorum
284 856 457 906 imperiis
484 855 761 905 rempublicam
784 854 1072 905 amplificatam,
1102 853 1165 904 qui
1189 853 1436 903 religionibus
1458 866 1527 904 pa-

121 913 303 951 ruissent.
353 912 400 950 Et
429 911 460 949 si
489 912 663 949 conferre
690 911 869 949 volumus
897 916 1031 948 nostra
1060 923 1146 949 cum
1176 910 1362 955 externis,
1393 909 1527 948 ceteris

120 969 235 1007 rebus
258 975 321 1007 aut
342 980 453 1019 pares
475 972 539 1006 aut
559 968 669 1006 etiam
693 967 893 1005 inferiores
915 966 1164 1018 reperiemur,
1186 966 1386 1016 religione,
1409 966 1447 1003 id
1470 970 1529 1003 est

123 1025 223 1063 cultu
253 1025 433 1069 deorum,
462 1023 583 1062 multo
612 1023 846 1074 superiores.
889 1023 947 1061 An
975 1023 1052 1061 Atti
1074 1023 1181 1061 Navii
1209 1022 1323 1060 lituus
1346 1022 1421 1067 ille,
1450 1034 1525 1072 quo

121 1081 167 1120 ad
182 1080 501 1131 ,investigandum
526 1092 634 1119 suem
657 1080 832 1130 regiones
855 1080 985 1117 vineae
1006 1079 1240 1129 terminavit,
1273 1084 1527 1116 contemnen-

123 1137 193 1175 dus
232 1136 317 1175 est?
375 1136 598 1182 Crederem,
636 1136 709 1174 11151
747 1136 828 1173 eius
865 1136 1024 1185 augurio
1054 1148 1119 1173 rex
1148 1134 1333 1172 Hostilius
1362 1134 1527 1172 maxima

120 1193 214 1232 bella
256 1193 449 1243 gessisset.
520 1192 594 1230 Sed
636 1191 862 1242 negligentia
898 1191 1107 1230 nobilitatis
1144 1190 1291 1241 augurii
1328 1189 1528 1240 disciplina

123 1249 285 1295 omissa,
314 1248 449 1287 veritas
479 1248 741 1299 auspiciorum
769 1253 898 1298 spreta
919 1253 994 1293 est,
1020 1247 1167 1298 species
1197 1252 1347 1285 tantum
1369 1252 1525 1284 retenta.

119 1305 249 1356 Itaque
269 1305 456 1343 maximae
472 1304 701 1355 reipublicae
719 1310 859 1355 partes,
882 1304 921 1342 in
937 1303 996 1342 1115
1014 1303 1119 1350 bella,
1141 1303 1279 1354 quibus
1297 1302 1527 1353 reipublicae

121 1361 223 1400 salus
252 1362 481 1408 continetur,
509 1360 621 1399 nullis
643 1361 823 1411 auspiciis
846 1360 1180 1405 adminisn-antur3
1208 1359 1307 1398 nulla
1329 1359 1527 1409 peremnia

123 1424 331 1464 servantur,
352 1418 453 1455 nulla
475 1430 519 1455 ex
541 1417 801 1463 acuminibus,
822 1416 923 1455 nulla
944 1429 1063 1467 quum
1081 1416 1150 1453 viri
1168 1421 1365 1461 vocantur,
1385 1428 1426 1453 ex
1451 1427 1526 1465 quo

123 1531 314 1567 cerent,1·es
331 1531 439 1560 tamen
454 1531 530 1571 ipsa
543 1528 637 1560 illum
651 1538 788 1560 censum
908 1528 938 1559 9.
964 1529 1042 1558 Atti
1066 1526 1169 1559 flavii
1191 1527 1298 1558 Iilmts
1316 1545 1359 1548 —
1383 1526 1433 1557 die
1461 1524 1527 1557 Ge-

122 1573 326 1616 repudiaret.

169 1618 206 1649 P.
221 1617 518 1657 Claudii(P11lol1ri)
532 1619 714 1649 temeritas.
728 1617 788 1647 Die

124 1662 318 1694 Geschichte
339 1663 393 1694 fiel
412 1664 451 1693 im
470 1663 498 1693 J.
515 1663 545 1693 (1.
561 1662 609 1693 St.
628 1662 691 1693 505
710 1672 788 1693 vor:

124 1708 175 1738 die
193 1707 346 1739 Schlacht
370 1718 441 1738 war
458 1707 509 1738 bei
527 1707 712 1749 Drepanum
731 1718 789 1747 ge-

124 1763 186 1792 gen
216 1753 276 1783 den
307 1752 491 1783 Punischen
516 1751 697 1783 Feldherrn
721 1752 789 1782 Ad-

125 1797 249 1828 herbal.

169 1842 198 1874 S.
227 1842 344 1874 [mlius
361 1842 409 1881 (L.
427 1841 568 1881 Pallas).
599 1841 667 1872 Der
680 1841 790 1873 Unfall

123 1886 193 1918 tras
206 1887 258 1918 ihn
278 1887 329 1917 bei
348 1887 419 1917 dem
440 1886 643 1926 Vorgebirge
661 1886 789 1927 Pachy-

125 1942 215 1962 num:
256 1932 324 1963 sein
359 1931 481 1962 Fehler
514 1931 652 1962 bestand
686 1931 788 1972 darin,

123 1976 213 2018 quod
228 1978 307 2008 vitio
324 1977 524 2017 navigasset
546 1975 630 2015 (Cic.
655 1976 694 2006 de
715 1975 789 2006 Div.

123 2020 146 2061 I,
169 2021 219 2061 16,
239 2021 309 2061 29),
334 2022 365 2052 d.
384 2021 413 2052 h.
433 2024 551 2053 contra
568 2022 719 2064 auspicia
737 2021 786 2051 od.

124 2067 242 2098 aribus
259 2076 324 2097 non
342 2065 584 2097 addicentibus.

171 2110 203 2142 C.
233 2110 420 2142 Flaminius
452 2111 599 2154 (Nepos)
612 2135 620 2150 ,
651 2115 789 2151 „contra

124 2156 269 2198 auspicia
294 2156 481 2198 profectus,
511 2156 612 2195 signis
637 2155 790 2186 militari—

124 2201 184 2231 bus
199 2200 340 2239 effossis,
351 2210 432 2242 quae
443 2201 515 2232 tolli
529 2211 592 2231 non
602 2205 790 2241 potuerant,

126 2250 160 2277 et
175 2246 215 2276 ab
233 2256 327 2288 equo,
347 2255 441 2287 quem
459 2246 713 2283 conscenderat,
732 2255 791 2286 per

128 2295 224 2332 caput
241 2291 434 2330 devolutus,
451 2308 496 2312 —
513 2290 551 2321 ab
570 2290 733 2321 Annibale
750 2289 791 2320 ad

126 2333 352 2367 Trasimenum
397 2335 503 2366 lacum
544 2345 661 2366 caesus
702 2334 790 2365 est.“

127 2379 266 2421 Epitom.
285 2380 357 2412 Liv.
374 2379 430 2411 lib.
448 2379 555 2411 XXII.
572 2398 616 2402 -—
640 2379 708 2410 Der
727 2390 790 2410 von

131 2423 196 2455 Cic.
214 2430 376 2465 genannte
396 2424 526 2456 Caelius
544 2425 588 2456 ist
607 2424 640 2456 C.
662 2424 792 2456 Caelius

129 2469 322 2512 Antipater,
341 2470 393 2501 ein
412 2469 564 2501 Annalist
583 2480 642 2501 aus
663 2470 721 2500 der
738 2479 792 2500 er-

130 2517 203 2544 sten
231 2514 341 2546 Hiilfte
365 2516 422 2546 des
447 2515 476 2545 7.
501 2514 631 2554 Jahrb„
662 2515 722 2545 der
742 2514 793 2545 die

133 2556 327 2590 Geschichte
356 2560 413 2591 des
440 2560 581 2591 zweiten
607 2559 792 2591 Punischen

132 2600 271 2641 lirieges
288 2604 501 2644 geschrieben
520 2605 621 2636 hatte.

864 1573 1008 1603 Schichte
1032 1572 1075 1603 ist
1100 1572 1150 1603 bei
1175 1571 1288 1602 Livius
1311 1571 1334 1605 1,
1361 1570 1402 1601 36
1428 1571 1528 1601 nach-

864 1617 1011 1648 zulesen.
1029 1635 1073 1638 ——
1106 1617 1189 1647 Dass
1209 1617 1351 1647 nachher
1367 1615 1529 1647 Hostilius

863 1666 1007 1702 genannt
1031 1662 1129 1702 wird,
1160 1662 1203 1692 ist
1221 1661 1272 1692 ein
1292 1660 1528 1692 Ged'achtniss-

864 1706 981 1737 fehler.
1014 1707 1217 1741 Anderswo,
1243 1707 1282 1736 de
1307 1705 1413 1736 Divin.
1432 1704 1455 1743 I,
1478 1705 1527 1744 17,

864 1751 902 1781 31
935 1763 965 1782 u.
992 1752 1031 1782 (16
1053 1751 1190 1792 Republ.
1216 1750 1251 1792 H,
1278 1750 1331 1789 20,
1358 1750 1400 1781 30·
1430 1749 1529 1780 weiss

865 1796 930 1827 Cic.
962 1797 1039 1827 sehr
1067 1801 1140 1836 gut,
1169 1796 1244 1826 dass
1274 1795 1374 1826 Attus
1403 1794 1529 1826 Navius

864 1841 915 1871 ein
933 1840 1150 1880 Zeitgenosse
1176 1841 1233 1871 des
1257 1839 1365 1870 iiltern
1386 1839 1528 1880 Tarqui-

864 1886 936 1916 nius
955 1895 1120 1925 gewesen.

905 1932 1095 1973 peremnia,
1113 1930 1288 1971 Auspicien
1303 1929 1388 1960 beiin
1403 1928 1528 1961 Ueber-

862 1985 967 2016 gange
986 1975 1068 2006 iiber
1084 1975 1179 2006 einen
1198 1974 1307 2006 Fluss.

909 2031 955 2051 ecc
982 2022 1202 2052 acuminibus.
1236 2019 1447 2060 „auspicium
1477 2023 1528 2049 to-

863 2070 930 2096 tum
954 2065 1137 2104 militare&
1163 2069 1236 2105 sagt
1255 2064 1319 2095 Cic.
1339 2064 1378 2095 de
1398 2064 1470 2095 Div.
1489 2063 1526 2098 11,

862 2110 914 2151 36,
934 2110 987 2141 77.
1022 2109 1106 2140 &Vas
1130 2110 1211 2141 aber
1234 2109 1287 2140 fiir
1311 2111 1466 2140 acumina
1490 2119 1529 2138 zu

861 2155 1040 2186 verstehen
1055 2155 1157 2193 561611,
1173 2155 1217 2185 ist
1231 2154 1319 2184 nicht
1332 2154 1389 2184 mit
1400 2153 1530 2183 5161161·-

862 2200 930 2231 heit
947 2210 988 2229 zu
1003 2199 1179 2239 ermitteln,
1199 2199 1238 2229 ob
1252 2198 1528 2239 Lanzenspitzen,

863 2254 902 2275 an
921 2244 1025 2275 denen
1046 2244 1112 2274 sich
1136 2243 1307 2274 bisweilen
1327 2243 1528 2273 elektrische

863 2289 1073 2321 Fliimmchen
1103 2288 1251 2328 zeigten,
1279 2287 1358 2318 oder
1386 2287 1437 2318 die
1462 2287 1529 2318 sich

864 2333 1102 2374 zuspitzeuden
1132 2332 1298 2364 Flammea
1329 2332 1386 2363 des
1412 2331 1531 2373 Opfer—

866 2379 993 2418 feuers,
1028 2379 1107 2409 oder
1134 2388 1194 2418 gar
1226 2377 1277 2408 die
1308 2376 1443 2418 Spitzen
1474 2377 1532 2407 der

864 2423 1148 2463 Vogelschniibel,
1174 2423 1254 2454 oder
1271 2431 1340 2452 was
1358 2426 1462 2453 sonst.
1497 2421 1531 2452 S.

866 2469 917 2499 die
935 2467 1172 2508 Anffihrungen
1196 2468 1247 2499 bei
1273 2466 1372 2498 Giese
1397 2477 1437 2497 zu
1461 2465 1528 2497 Cic.

867 2514 906 2544 de
925 2513 997 2544 Div.
1015 2524 1045 2555 p.
1063 2512 1139 2544 293.

911 2557 1002 2589 nulla
1019 2569 1121 2600 quum
1137 2559 1204 2589 riri
1218 2559 1391 2589 vocantur.
1426 2557 1470 2588 So
1488 2556 1532 2587 ist

868 2603 925 2634 das
942 2603 1026 2635 nulli
1041 2605 1106 2636 riri
1127 2605 1288 2634 vocantur
1305 2602 1364 2633 der
1381 2601 1529 2640 Hdschr„

1557 1032 1575 1061 ἱ)
