1684 2819
151 273 191 305 87

140 832 194 869 ‘525

148 893 189 924 ss

225 164 303 201 154
793 160 850 193 DE
875 161 1056 194 oFFicus

221 263 426 316 pertinent.
469 262 546 301 Res
569 267 695 301 autom
719 262 912 301 familiaris
934 263 1064 314 quaeri
1085 263 1195 304 debet
1216 264 1263 304 iis
1284 263 1418 311 rebus,
1446 276 1465 303 a
1488 264 1628 316 quibus

220 320 329 359 abest
344 318 554 371 turpitudo,
571 319 790 358 conservari
807 324 934 358 autem
952 319 1144 371 diligentia
1160 326 1197 360 et
1212 321 1463 372 parcimonia,
1482 321 1628 360 eisdem

221 377 334 416 etiam
351 375 468 415 rebus
486 375 624 426 augeri.
660 375 739 415 Has
756 388 817 415 res
836 376 1153 416 commodissime
1168 376 1390 429 Xenophon
1408 377 1628 417 Socraticus

221 438 449 484 persecutus
471 439 530 472 est
550 432 590 471 in
611 445 656 471 eo
678 433 798 480 libro,
822 433 886 484 qui
909 432 1226 472 ‘Oeconomicus'
1249 434 1488 480 inscribitur,
1513 446 1628 486 quem

221 502 315 538 nos,
343 490 415 529 ista
443 491 519 528 fere
546 495 668 541 aetate
697 502 785 528 cum
814 502 992 529 essemus
1014 503 1087 542 qua
1109 502 1149 529 es
1173 496 1213 529 tu
1234 502 1354 536 nunc,
1382 503 1402 529 e
1424 490 1568 530 Graeco
1591 490 1629 529 in

220 546 399 586 Latinum
428 546 702 585 convertimus.
735 545 751 562 ⁷*
782 546 856 585 Sed
879 551 960 585 toto
984 547 1059 585 hoc
1079 547 1124 585 de
1147 558 1304 597 genere,
1332 547 1378 585 de
1399 547 1628 598 quaerenda,

221 603 266 642 de
284 603 503 642 collocanda
522 602 698 654 pecunia,
721 603 854 641 vellem
871 603 984 642 etiam
1002 603 1048 642 de
1064 604 1218 650 utenda,
1241 602 1486 643 commodius
1504 616 1525 643 a
1542 603 1629 654 qui-

219 660 383 699 busdam
403 659 561 711 optimis
579 659 669 697 viris
688 660 734 698 ad
750 659 886 698 Ianum
912 660 1082 699 medium
1109 660 1330 700 sedentibus
1349 672 1463 711 quam
1481 660 1527 699 ab
1544 660 1629 699 ullis

220 716 464 768 philosophis
479 716 552 755 ulla
570 716 607 754 in
623 716 753 755 schola
769 716 998 767 disputatur.
1023 716 1121 756 Sunt
1133 722 1264 755 tamen
1279 730 1321 755 ea
1338 716 1629 767 cognoscenda:

219 773 413 824 pertinent
434 773 536 812 enim
559 773 605 812 ad
627 773 846 816 utilitatem,
875 773 920 811 de
943 786 1017 825 qua
1039 773 1116 812 hoc
1136 773 1233 812 libro
1257 773 1496 825 disputatum
1518 779 1589 813 est.
1610 772 1628 790 *

335 830 409 869 Sed
432 829 634 869 utilitatum
658 830 909 881 comparatio,
933 829 1116 881 quoniam
1140 830 1201 868 hic
1220 830 1330 869 locus
1353 836 1434 870 erat
1455 836 1628 882 quartus,

219 899 238 925 a
260 887 442 925 Panaetio
464 886 780 938 praetermissus,
803 899 917 938 saepe
939 893 995 925 est
1017 887 1244 926 necessaria.
1282 887 1377 925 Nam
1395 892 1431 925 et
1452 887 1630 938 corporis

221 943 426 982 commoda
449 956 537 981 cum
560 943 726 981 externis
749 948 786 981 et
813 948 969 982 externa
991 955 1078 982 cum
1109 943 1285 994 corporis
1307 948 1343 981 et
1363 943 1447 994 ipsa
1469 943 1568 982 inter
1589 956 1630 980 se

220 1000 397 1051 corporis
419 1005 455 1038 et
471 1004 626 1038 externa
645 1011 732 1038 cum
754 999 921 1038 externis
940 1000 1157 1051 comparari
1175 999 1313 1038 solent.
1352 999 1445 1038 Cum
1464 999 1629 1038 externis

218 1147 372 1178 sundheit
390 1146 502 1186 niithig
519 1146 634 1187 macht,
653 1146 713 1177 dei·
730 1146 885 1187 Vergnii-

220 1203 282 1232 gen
302 1191 470 1223 enthalten
489 1191 564 1222 soll.

265 1237 318 1269 87.
352 1239 418 1269 ista
434 1238 519 1279 sere
536 1239 663 1269 aetate:
690 1237 730 1268 im
749 1236 801 1268 21.
821 1236 885 1268 Le-

222 1282 409 1323 bensjahre.

263 1326 332 1359 Sed
349 1330 418 1359 toto
436 1327 498 1361 hoe
515 1327 556 1359 de
570 1337 698 1369 genere
711 1345 755 1350 —
772 1328 887 1371 dispu-

219 1375 329 1404 tatum
345 1376 405 1404 est.
438 1372 571 1404 Diesem
589 1373 668 1404 Satz
693 1373 749 1405 hat
772 1378 887 1404 zuerst

220 1417 331 1458 Fuger
353 1418 411 1450 mit
429 1416 534 1449 Recht
557 1418 628 1449 hier
652 1418 766 1449 seinen
792 1418 884 1450 Platz

219 1463 448 1504 angewiesen,
489 1463 647 1494 wiihrend
681 1473 718 1494 er
751 1463 782 1494 in
823 1464 884 1494 den

218 1508 316 1540 Hdss.
335 1518 386 1540 am
404 1508 496 1539 Ende
515 1509 574 1540 des
592 1508 697 1539 Buchs
722 1519 784 1540 vor
798 1507 887 1540 Reli-

219 1565 284 1596 qua
317 1553 471 1597 deinceps
501 1564 746 1597 perseqnmnm·
786 1554 885 1585 steht.

218 1599 286 1631 Der
303 1599 383 1631 Satz
401 1599 534 1630 handelt
552 1610 614 1630 von
634 1599 707 1630 dem
724 1598 885 1630 Erwerbe

218 1646 276 1677 des
292 1643 415 1677 Geldes
428 1654 468 1676 an
485 1645 561 1685 sich,
577 1645 696 1685 gehiirt
710 1644 781 1675 also
797 1644 884 1675 hier-

219 1691 291 1731 her,
322 1700 362 1721 an
384 1689 483 1730 jener
501 1690 608 1721 Stelle
634 1694 726 1732 passt
744 1700 782 1721 er
799 1690 886 1721 nieht

218 1736 248 1767 in
280 1736 341 1767 den
366 1734 652 1775 Zusammenhang
683 1736 746 1766 und
770 1735 885 1766 wiirde

218 1780 339 1821 selbst,
362 1780 477 1812 wollte
501 1790 573 1812 man
595 1782 739 1824 pecnnia
756 1781 785 1812 in
804 1780 885 1811 wei-

219 1830 323 1857 terem
342 1826 442 1857 Sinne
461 1825 589 1866 fassen,
615 1826 685 1857 dem
703 1827 884 1866 voi-herge-

218 1871 345 1902 henden
377 1873 466 1903 reete
494 1871 555 1903 hoe
584 1871 781 1903 adiunctum
812 1882 886 1902 esse

217 1918 376 1958 quartum
390 1919 450 1947 eet.
460 1916 738 1958 widerspreehen.
758 1916 884 1948 [Jeber-

217 1961 288 1992 dies
336 1961 517 1992 schliesseu
561 1962 627 1992 sich
670 1961 721 1992 die
762 1960 884 1992 warte

217 2006 424 2039 cmumodins
448 2017 546 2048 quum
569 2008 609 2038 ab
641 2006 715 2037 ullis
736 2006 884 2049 philoso—

213 2052 290 2095 phis
308 2051 375 2083 ulla
391 2054 423 2083 ιή
443 2051 557 2083 schola
573 2051 772 2095 disputatur
786 2052 885 2083 ehen-

217 2108 252 2127 so
280 2107 385 2138 genau
413 2107 453 2128 an
487 2097 757 2129 commodissime
774 2097 885 2129 Xeno-

214 2144 302 2186 pleou
316 2140 509 2174 Socraticus
523 2152 576 2181 an,
592 2143 655 2174 wic
668 2152 719 2174 am
728 2142 884 2174 Schlusse

216 2189 274 2219 des
293 2188 420 2219 Buches
439 2187 580 2230 Reliqua
597 2188 750 2231 deinceps
765 2198 883 2232 perse-

216 2243 357 2276 quemm-
389 2243 429 2264 an
472 2234 532 2265 hoe
571 2233 768 2266 adiunctum
811 2244 884 2265 esse

216 2282 371 2322 quartum
396 2297 440 2301 -
458 2289 580 2321 genus.
615 2279 682 2311 Der
705 2278 885 2310 Abschrei-

215 2324 275 2356 her
288 2326 376 2357 hatte
391 2335 453 2355 von
470 2324 574 2356 einem
592 2324 653 2356 sed
669 2334 740 2356 zum
759 2325 883 2356 andern

214 2370 368 2401 abirrend
410 2370 461 2401 die
495 2369 616 2401 warte
657 2369 882 2410 ausgelassen.

216 2414 267 2446 die
291 2416 374 2446 danu
397 2425 437 2446 an
464 2414 608 2446 falscher
632 2415 736 2446 stelle
761 2415 884 2447 wieder

216 2460 387 2501 eingefiigt
405 2460 554 2491 wurden.

261 2507 398 2549 optimis
416 2507 517 2538 viris:
549 2504 580 2548 ξ.
600 2504 630 2536 2.

263 2550 375 2582 vellem
413 2554 511 2583 etiam
551 2550 592 2583 de
622 2550 754 2583 utenda.
820 2550 887 2582 Der

217 2595 365 2627 winus-eh
385 2597 442 2628 mit
459 2596 580 2640 vellem,
598 2597 672 2628 dass
687 2596 766 2638 jene
781 2595 886 2628 Lente

959 1147 1041 1177 aue-h
1072 1146 1152 1178 iiber
1182 1146 1243 1178 den
1263 1145 1435 1179 Gebraueh
1465 1146 1516 1178 die
1536 1145 1630 1178 treff—

961 1192 1101 1224 lichsten
1113 1191 1343 1223 Vox-schrif'ten
1361 1191 1463 1232 geben
1473 1191 1631 1233 kb'nnten,

960 1237 1079 1268 driiekt
1108 1237 1257 1278 zugleieh
1287 1247 1363 1278 aus,
1409 1237 1486 1268 dass
1516 1237 1564 1268 sie
1594 1246 1630 1267 es

959 1282 1048 1313 nicht
1064 1281 1207 1313 ko'nnen.

1005 1326 1125 1359 Ianum
1155 1327 1320 1368 medium,
1351 1327 1412 1358 den
1442 1327 1627 1359 mitte1sten

959 1373 1018 1403 der
1036 1373 1105 1404 drei
1125 1372 1341 1413 Durehgiinge
1357 1383 1430 1404 zum
1447 1372 1579 1414 Forum,
1600 1372 1629 1403 in

959 1418 1031 1448 dem
1056 1418 1107 1449 die
1127 1416 1307 1449 W'echsler
1330 1417 1399 1449 ihre
1423 1417 1532 1449 Buden
1560 1418 1632 1448 hat-

961 1467 1025 1493 ten.
1061 1462 1095 1494 S.
1114 1461 1277 1494 Heindorf
1299 1473 1340 1494 zu
1359 1462 1437 1494 Hor.
1456 1467 1517 1494 sat.
1537 1461 1580 1503 11,
1600 1462 1629 1501 3,

963 1507 1001 1538 18
1020 1507 1207 1550 Postquam
1225 1509 1334 1539 omnis
1352 1518 1407 1540 res
1419 1518 1495 1540 mea
1511 1507 1631 1540 Ianum

959 1553 1017 1585 Ad
1028 1553 1177 1585 ‘medium
1183 1554 1310 1595 fracta
1324 1556 1383 1595 est,
1403 1552 1514 1585 aliena
1526 1563 1630 1595 nego-

960 1601 1006 1629 tia
1023 1608 1116 1630 euro.
1150 1599 1192 1630 id.
1213 1609 1264 1641 ep.
1284 1598 1305 1639 Ι,
1328 1598 1355 1633 1,
1370 1598 1412 1630 54
1431 1597 1631 1640 ‘quam-enda

955 1646 1098 1688 pecunia
1122 1645 1275 1687 primum
1299 1647 1366 1684 est,
1401 1644 1526 1677 Virtus
1551 1646 1632 1687 post

956 1688 1141 1729 mcmmos',
1177 1690 1258 1721 haee
1285 1689 1389 1721 Ianus
1411 1699 1564 1722 summus
1587 1688 1634 1720 ad

958 1737 1062 1767 imum
1081 1734 1257 1767 Perdoeet.

1004 1775 1073 1811 25·
1093 1779 1145 1812 88.
1173 1783 1206 1812 et
1221 1782 1363 1812 eoeterna
1376 1790 1452 1812 cum
1465 1780 1629 1823 corporis.

960 1825 1060 1857 Darin
1079 1826 1163 1866 liegt
1178 1826 1359 1867 allerdings
1378 1825 1450 1857 eine
1469 1823 1629 1857 Tautolo-

958 1871 1009 1911 gie
1028 1871 1086 1902 mit
1105 1871 1176 1902 dem
1194 1871 1488 1911 vorhergebenden
1507 1880 1629 1913 corpo—

958 1918 1006 1948 ris
1016 1916 1191 1948 commoda
1204 1927 1229 1947 c.
1240 1919 1384 1956 exrtern„
1403 1916 1454 1947 die
1464 1915 1529 1947 Cic.
1543 1916 1631 1946 nicht

957 1963 1116 2001 goscheut
1131 1962 1195 1994 hat.
1221 1971 1272 1992 um
1287 1961 1370 1992 zwei
1386 1960 1548 2002 Beispiele
1564 1961 1631 1991 ein-

959 2006 1129 2046 zusiihren,
1141 2006 1242 2046 eines,
1251 2016 1302 2037 wo
1312 2006 1363 2037 die
1373 2007 1527 2049 eorporis
1537 2007 1630 2047 bona,

959 2051 1011 2082 ein
1026 2051 1178 2089 anderes,
1194 2062 1244 2082 wo
1255 2052 1306 2082 die
1322 2053 1464 2083 artemia
1473 2051 1534 2082 den
1546 2050 1630 2082 vor-

959 2096 1191 2137 zugerhaltvn.
1203 2097 1266 2128 Das
1279 2096 1418 2139 Beispiel
1428 2096 1532 2128 selbst
1540 2096 1630 2128 dives

959 2153 1032 2174 esse
1042 2144 1158 2186 potins
1172 2145 1244 2183 cet„
1263 2142 1339 2173 dass
1353 2141 1544 2173 Reichthum
1558 2143 1630 2174 ath-

958 2188 1117 2219 letisehen
1130 2185 1394 2230 h'iirperkriisten
1409 2187 1629 2219 vorzuziehen

959 2233 1023 2273 sei,
1050 2233 1105 2264 hat
1123 2233 1229 2265 niehts
1247 2232 1473 2273 Anstiissiges.
1513 2231 1562 2264 Zu
1580 2232 1629 2264 di-

960 2289 1013 2310 ves
1031 2289 1105 2310 esse
1114 2280 1240 2322 potius,
1258 2288 1347 2310 niuss
1362 2287 1434 2310 man
1447 2288 1507 2310 aus
1520 2278 1627 2319 malis,

958 2324 1021 2355 wie
1040 2334 1076 2355 so
1095 2324 1153 2361 oft,
1173 2323 1250 2356 velis
1269 2324 1448 2364 crgiinzen.
1486 2323 1546 2355 Mit
1564 2323 1630 2356 Un-

958 2370 1051 2401 recht
1080 2370 1136 2400 hat
1155 2379 1227 2401 man
1257 2370 1359 2401 daher
1381 2368 1432 2400 die
1452 2367 1572 2400 Worte
1597 2371 1629 2400 et

959 2418 1028 2447 eati.
1054 2426 1079 2446 c.
1104 2417 1258 2458 corporis
1287 2414 1349 2446 und
1379 2413 1470 2446 dit-es
1494 2424 1567 2447 esse
1583 2433 1626 2436 —

958 2460 1084 2492 viribus
1108 2460 1271 2492 streiehen
1297 2459 1429 2491 wollen.
1449 2477 1494 2482 —
1518 2458 1550 2491 ln
1570 2460 1628 2491 der

959 2504 1061 2545 Regel
1086 2506 1227 2536 rechnen
1250 2505 1301 2537 die
1320 2504 1454 2536 Stoiker
1477 2504 1530 2536 die
1548 2504 1626 2535 kb'r-

959 2550 1123 2593 perlichen
1134 2549 1288 2591 Vorziige
1302 2550 1361 2581 mit
1374 2554 1472 2582 unter
1486 2549 1537 2581 die
1552 2550 1628 2581 iius-

960 2605 1057 2627 seren
1079 2595 1194 2628 Giiter.
