1684 2819
153 160 207 199 46
640 158 845 192 LlssERI.
873 160 1082 201 3(1,ῖ3.74.

153 273 317 327 piabiles
339 273 628 326 concepissent,
663 272 711 312 iis
734 272 891 312 devium
915 273 1104 326 quoddam
1126 274 1203 314 iter
1235 287 1339 323 esse,
1372 273 1568 315 seclusum

154 344 176 370 a
206 330 375 370 concilio
405 330 594 376 deorum3
637 328 702 380 qui
738 336 869 368 autem
905 343 948 370 se
981 331 1159 384 integros
1190 338 1398 384 castosque
1431 344 1570 371 serva-

152 386 328 436 vissent,
371 385 588 438 quibusque
625 384 768 426 fuisset
795 385 956 425 minima
986 401 1072 427 cum
1104 387 1334 441 corporibus
1365 388 1565 441 contagio,

154 456 319 496 seseque
352 443 398 481 ab
427 441 477 481 iis
506 453 664 494 semper
694 441 992 482 sevocavissent
1023 451 1237 497 essentque
1265 444 1305 483 in
1337 444 1569 498 corporibus

154 499 335 540 humanis
357 498 478 538 vitam
501 497 643 538 imitati
673 498 861 548 deorum,
896 497 956 538 his
986 498 1034 538 ad
1063 498 1175 549 illos,
1209 514 1231 540 a
1263 501 1404 554 quibus
1435 509 1571 542 essent

94 564 134 596 73
153 555 335 610 profecti,
355 555 526 595 reditum
543 554 693 595 facilem
713 562 859 608 patere.
894 554 1028 608 ltaque
1050 564 1347 606 commemorat,
1368 563 1408 597 ut
1431 558 1564 611 cygni,

152 613 218 665 qui
241 625 320 652 non
343 611 428 651 sine
451 625 592 652 caussa
613 611 786 665 Apollini
809 611 926 652 dicati
946 613 1049 661 sint,
1084 612 1152 652 sed
1184 614 1286 665 quod
1315 613 1362 653 ab
1389 627 1436 654 eo
1468 614 1569 654 divi-

151 669 351 709 nationem
384 668 530 709 habere
561 668 795 717 videantur,
832 683 908 722 qua
938 668 1218 723 providentes,
1252 669 1343 722 quid
1372 669 1413 709 in
1441 677 1568 710 morte

152 725 245 766 boni
268 725 336 774 sit,
371 739 458 765 cum
481 732 600 765 cantu
623 731 663 764 et
684 726 883 778 voluptate
905 726 1141 775 moriantur,
1175 725 1232 766 sic
1255 725 1434 766 omnibus
1456 725 1570 766 bonis

153 789 193 823 et
214 781 340 822 doctis
363 795 450 822 esse
473 781 710 822 faciendum.
752 781 837 822 Nec
858 796 954 823 vero
987 783 1033 822 de
1066 783 1138 822 lioc
1161 782 1366 835 quisquam
1389 782 1568 823 dubitare

155 847 312 894 posset,
348 838 424 879 nisi
456 839 559 879 idem
581 839 695 880 nobis
717 839 914 879 accideret
936 839 1147 892 diligenter
1168 839 1214 879 de
1236 839 1367 879 animo
1391 839 1569 893 cogitan-

154 896 281 945 tibus,
315 896 417 949 quod
447 895 496 936 iis
529 909 646 950 saepe
678 910 753 936 usu
775 895 899 943 venit,
933 896 996 949 qui
1020 910 1136 949 quum
1170 896 1315 936 acriter
1344 896 1469 937 oculis
1503 896 1570 936 de-

154 953 347 994 ficientem
369 952 493 992 solem
518 952 782 1002 intuerentur,
807 959 848 992 ut
869 954 1095 1007 adspectum
1123 953 1282 992 omnino
1314 954 1565 1002 amitterent,

154 1011 209 1051 sic
241 1008 386 1049 mentis
419 1009 524 1049 acies
555 1023 598 1050 se
632 1009 715 1062 ipsa
746 1010 905 1051 intuens
944 1023 1237 1062 nonnumquam
1278 1010 1477 1056 hebescit,
1520 1009 1569 1049 ob

154 1079 318 1119 eamque
349 1078 531 1106 caussam
563 1066 850 1120 contemplandi
881 1066 1122 1120 diligentiam
1153 1066 1383 1107 amittimus.
1434 1066 1569 1119 ltaque

154 1123 352 1172 dubitans,
387 1122 735 1176 circumspectans,
770 1122 984 1173 haesitans,
1018 1123 1137 1162 multa
1169 1123 1337 1171 adversa
1359 1135 1567 1172 reverens,

154 1188 351 1233 tamquam
373 1179 414 1219 in
435 1186 521 1219 rate
543 1179 584 1219 in
608 1181 704 1220 mari
727 1179 919 1221 immenso
943 1187 1081 1220 nostra
1102 1179 1262 1220 vehitur
1283 1179 1428 1220 oratio.

97 1247 137 1278 74
270 1235 346 1276 Sed
367 1235 464 1276 haec
485 1243 526 1276 et
546 1244 683 1277 vetera
713 1244 752 1277 et
773 1251 796 1277 a
819 1236 995 1277 Graecis.
1041 1235 1138 1276 Cato
1170 1243 1302 1276 autem
1333 1237 1391 1277 sic
1422 1235 1518 1277 abiit
1540 1248 1569 1281 ‚e

153 1295 260 1342 vita,
292 1300 336 1333 ut
365 1306 544 1334 caussam
577 1293 772 1334 moriendi
803 1300 960 1334 nactum
993 1307 1036 1334 se
1068 1307 1156 1334 esse
1195 1293 1401 1347 gauderet,
1453 1292 1571 1333 Vetat

155 1351 257 1392 enim
290 1350 497 1409 dominans
528 1349 594 1390 ille
623 1350 663 1390 in
695 1351 807 1392 nobis
838 1351 933 1392 deus
961 1350 1112 1391 iniussu
1144 1349 1234 1390 hinc
1256 1364 1329 1391 nos
1350 1364 1423 1391 suo
1447 1349 1569 1390 demi-

155 1421 296 1463 grare,
331 1420 446 1460 quum
469 1419 566 1446 vero
591 1421 772 1448 caussam
795 1407 936 1449 iustam
962 1408 1056 1448 deus
1079 1407 1162 1461 ipse
1191 1407 1366 1455 dederit,
1401 1414 1445 1447 ut
1475 1414 1569 1448 tunc

195 1526 351 1557 seseque.
386 1515 456 1546 Aus
475 1515 604 1557 quibus
630 1515 675 1547 ist
693 1517 757 1558 qni
782 1525 823 1546 zu

151 1561 334 1604 suppliren‚
351 1561 441 1592 also:
458 1563 589 1603 quique
605 1572 691 1593 sese.
712 1560 825 1592 Achn-

149 1608 214 1639 lich
237 1607 280 1639 11.
296 1607 353 1647 25,
369 1607 432 1638 61:
453 1616 555 1649 quem
574 1610 612 1638 et
626 1609 701 1648 ipse
717 1616 825 1648 saepe

149 1653 224 1685 vida·
237 1656 274 1685 et
285 1653 323 1685 z'd
336 1652 453 1684 dicam
469 1651 523 1683 fiir
535 1655 571 1683 et
583 1652 624 1683 de
639 1662 707 1695 quo
722 1651 760 1684 id
774 1652 826 1684 di·
844 1672 845 1675 =

150 1698 378 1731 cam.Licenz
389 1698 449 1730 der
459 1697 649 1730 familiaren
660 1697 822 1740 Sprache.

198 1744 246 1776 ad
262 1744 344 1776 illos
362 1748 429 1776 etc.
441 1743 544 1775 =ad
561 1744 655 1776 deos.
673 1743 750 1784 vgl.
767 1743 823 1783 24,

151 1790 192 1820 57
213 1800 246 1821 u.
268 1789 331 1830 583
356 1789 412 1830 49,
435 1789 513 1820 118.

199 1836 254 1866 73.
275 1838 318 1866 ut
331 1837 448 1878 cygni.
466 1833 650 1865 P1.Phae‹l.
669 1845 700 1875 p.
714 1834 754 1865 55
767 1833 821 1866 b.:

152 1879 185 1912 οἱ
202 1877 326 1913 κύκνοι
342 1898 388 1903 -
406 1880 469 1912 τοῦ
483 1875 705 1915 Ἀπόλλωνος
723 1875 825 1915 ὄντες

150 1922 325 1970 μάντικοί
347 1926 388 1958 τέ
412 1924 482 1957 εἰσι
514 1925 576 1956 καὶ
610 1921 825 1968 προειδότες

153 1968 196 2004 τὰ
211 1970 249 2004 ἐν
264 1966 355 2013 ᾅδου
369 1967 495 2014 ἀγαθὰ
516 1966 642 2012 ᾄδουσι
663 1970 724 2002 καὶ
744 1971 825 2014 τέρ-

151 2027 284 2050 πονται
304 2015 444 2058 ἐκείνην
459 2013 523 2057 τὴν
538 2013 678 2060 ἡμέραν
692 2012 825 2059 διαφε-

151 2060 289 2104 ρόντως
304 2057 323 2104 ἢ
337 2061 375 2095 ἐν
390 2063 440 2105 τῷ
457 2060 674 2107 ἔμπροσθεν
685 2059 823 2114 χρόνῳ.

150 2108 241 2141 Ιίιιη
254 2110 377 2141 vorher
394 2109 526 2141 beissen
541 2109 590 2140 sie
603 2105 827 2144 Ἀπολλωνος

150 2150 392 2197 θεράποντες.

199 2211 268 2243 qua
296 2200 524 2240 providentes
544 2218 583 2222 —
605 2202 822 2239 moriantur,

152 2246 225 2278 eine
244 2245 483 2287 Anakoluthie,
512 2245 552 2277 da
571 2256 620 2286 es,
640 2256 737 2276 wenn
765 2245 824 2276 das

151 2291 310 2323 Pr'zidicat
335 2302 377 2323 zu
402 2295 444 2323 ut
460 2293 569 2334 cygni
595 2291 685 2322 nicht
712 2290 823 2323 fehlen

152 2337 238 2376 soll,
268 2337 440 2369 entwedcr
463 2336 654 2379 provident
688 2337 822 2368 heissen

152 2383 234 2415 oder
244 2392 313 2425 qua
329 2383 519 2423 gestriclien
531 2382 666 2413 werden
680 2383 820 2413 miisste.

152 2427 244 2460 noch
273 2428 404 2459 'alinlicli
426 2428 519 2459 Brut.
539 2428 595 2465 27,
620 2428 701 2458 105:
731 2428 824 2458 hunc

152 2476 216 2516 qui
233 2474 435 2514 audierant,
454 2476 487 2505 in
507 2472 823 2516 qm‘busL.Gelllus

153 2530 323 2552 canorum
339 2523 518 2551 oratorem
529 2518 652 2560 fuisse
670 2518 820 2557 dicebat,

154 2565 225 2597 fiir:
246 2567 282 2597 z'n
301 2566 429 2608 quibus
444 2564 484 2597 L.
500 2564 645 2605 G.fm't,
669 2582 709 2587 ——
730 2563 824 2595 dice-

154 2612 252 2642 bant.

941 1517 1125 1557 quiquam
1135 1533 1178 1538 —
1189 1514 1570 1556 intuerentur-‚wieder

893 1560 968 1592 eine
983 1560 1178 1592 stilistische
1190 1559 1475 1602 Nachl'assigkeit.
1487 1560 1569 1592 Ent-

895 1606 1008 1638 weder
1031 1606 1161 1638 miisste
1188 1616 1297 1647 quum
1326 1606 1459 1646 fehlen,
1488 1606 1569 1638 oder

895 1656 980 1684 statt
1004 1655 1108 1683 ut—
1125 1654 1336 1684 amitterent
1362 1651 1453 1684 bloss
1479 1654 1571 1684 ami-

894 1701 1022 1730 serunt
1037 1697 1168 1729 stehen.
1198 1697 1281 1729 Zuin
1299 1697 1410 1730 Inhalt
1427 1697 1495 1739 vgl.
1516 1696 1566 1729 Pl.

895 1742 1021 1775 Phaed.
1051 1754 1083 1785 p.
1104 1743 1192 1775 9911.

939 1811 976 1832 se
995 1802 1072 1842 ipsa
1091 1802 1244 1831 intuens.
1271 1798 1347 1831 Man
1361 1800 1477 1833 wiirde
1496 1800 1570 1832 hier

893 1856 930 1877 se
947 1848 1066 1887 ipsam
1084 1848 1225 1877 intuens
1254 1850 1442 1887 erwarten3
1471 1857 1500 1879 s.
1515 1847 1570 1888 je-

895 1891 976 1922 doch
995 1890 1116 1933 Zumpt
1134 1891 1150 1932 ἓ
1169 1890 1234 1922 696
1249 1901 1302 1932 gg.
1317 1890 1359 1923 E.

934 1958 1136 1979 reverens:
1145 1958 1266 1979 verens
1279 1947 1568 1989 ‚‚beffirchtend“‚

894 1994 958 2025 wie
975 1993 1014 2025 de
1029 1998 1116 2025 orat.
1130 1993 1172 2025 ll.
1185 1993 1240 2034 28,
1258 1994 1340 2026 122:
1357 1994 1486 2035 dicam,
1499 2005 1568 2027 non

895 2049 1054 2071 reverens
1072 2039 1286 2071 assentandi
1300 2041 1550 2082 suspicionem.

941 2099 1055 2137 tamq.
1082 2099 1117 2127 ιή
1144 2099 1235 2128 rate.
1265 2095 1342 2138 vgt.
1368 2096 1419 2129 Pl.
1438 2095 1565 2129 Phaed.

894 2152 927 2184 p.
948 2141 989 2173 85
1001 2141 1033 2172 d.

942 2187 996 2218 74.
1021 2186 1123 2219 Cato.
1145 2186 1189 2219 M.
1206 2187 1345 2220 Porcius
1365 2187 1462 2228 Cato,
1479 2187 1568 2221 Stoi-

894 2232 966 2272 ker,
987 2232 1049 2273 gab
1069 2232 1138 2264 sich
1159 2233 1191 2264 in
1212 2232 1309 2266 Utica
1327 2233 1390 2266 den
1410 2233 1495 2272 Tod,
1515 2234 1567 2266 als

895 2277 1003 2310 C'asar
1020 2289 1082 2309 zur
1099 2278 1404 2312 Alleinherrschal't
1429 2280 1568 2321 gelangt

895 2333 978 2364 war,
991 2324 1077 2355 4611.
1091 2323 1170 2356 Chr.
1192 2325 1227 2356 ln
1245 2325 1305 2357 der
1319 2326 1445 2358 letzten
1456 2324 1567 2357 Nacbt

893 2369 944 2401 las
963 2379 1000 2401 er
1017 2368 1143 2401 Plato's
1161 2370 1310 2403 Pli'adon.

939 2430 1076 2459 iniussu
1094 2438 1172 2459 suo.
1195 2427 1303 2459 Lehre
1323 2427 1384 2460 der
1398 2426 1566 2470 Pythago-

894 2484 981 2514 reer,
997 2472 1196 2505 Platoniker
1213 2473 1277 2504 und
1297 2472 1444 2505 Stoiker.
1464 2472 1566 2517 flier-

893 2530 935 2551 zu
953 2519 1018 2550 und
1035 2528 1108 2550 zum
1120 2517 1312 2560 Folgenden
1326 2518 1393 2560 vgl.
1406 2517 1563 2550 Phaedon

893 2576 924 2607 p.
947 2565 985 2596 61
1001 2575 1019 2596 e
1038 2564 1088 2596 bis
1107 2563 1162 2595 68.

941 2610 1078 2642 dederit
1104 2628 1147 2633 —
1174 2613 1366 2643 excesserit
1397 2615 1462 2643 etc.
1481 2635 1490 2652 ,
1534 2620 1563 2642 s.
