1684 2819
641 186 720 219 LIB.
738 186 795 219 ΙΠ.
833 186 924 220 CAP.
943 187 973 220 8.
991 188 1022 220 9.
1456 188 1534 227 201

139 290 287 341 ipsum,
318 289 421 340 quod
443 289 551 335 velis,
575 302 739 328 sumere.
780 289 902 328 Istum
924 289 1029 328 enim
1049 290 1177 328 locum
1197 294 1323 327 totum
1344 288 1406 327 illa
1427 295 1536 327 vetus
1566 297 1607 328 22

138 346 304 384 Zenonis
336 345 462 384 brevis
490 350 544 391 et,
580 351 620 383 ut
646 345 713 384 tibi
740 345 955 392 videbatur,
993 352 1101 385 acuta
1130 345 1327 385 conclusio
1356 344 1536 383 dilatabit.

138 402 241 440 Zeno
264 402 367 440 enim
388 402 438 440 ita
461 401 672 440 concludit:
709 400 821 447 Quod
836 405 984 441 ratione
999 405 1132 447 utitur,
1154 403 1194 441 id
1210 401 1343 440 melius
1358 407 1412 439 est
1425 413 1540 452 quam

138 458 188 502 id,
218 458 318 508 quod
344 461 492 496 ratione
514 469 589 496 non
612 460 752 505 utitur3
781 458 880 496 nihil
899 465 1023 496 autem
1046 459 1186 497 mimdo
1211 457 1362 496 melius.-
1390 459 1539 495 ratione

136 516 254 564 iqitur
284 515 446 553 nutndus
476 518 604 553 utitur.
660 513 743 552 Hoc
770 514 803 552 si
830 514 970 565 placet,
1006 514 1080 553 iam
1109 515 1265 559 efficies,
1300 519 1343 551 ut
1369 513 1538 551 mundus

138 570 283 620 optime
302 570 443 608 librum
464 571 588 621 legere
603 569 786 608 videatur.
824 570 990 608 Zenonis
1012 570 1114 608 enim
1136 569 1303 620 vestigiis
1325 570 1399 607 hoc
1420 569 1538 607 modo

137 626 326 665 rationem
348 627 494 677 poteris
518 626 762 665 concludere:
809 624 922 670 Quod
944 625 1150 664 litteratum
1173 633 1242 670 est,
1275 626 1314 664 id
1334 632 1387 663 est
1406 625 1541 663 melius

137 695 248 733 qnam
272 683 371 734 qnod
392 695 468 721 non
483 690 536 720 est
553 682 779 727 litteratum‚·
802 681 898 719 m‘ln‘l
914 689 1036 720 autem
1055 682 1197 720 mundo
1217 681 1369 719 melius:
1392 680 1539 719 littera-

137 746 195 776 tus
216 741 332 790 iyitm·
353 746 406 777 est
423 739 600 776 mundns.
643 737 722 775 Isto
745 738 864 775 modo
886 737 998 776 etiam
1022 737 1200 781 disertus,
1224 743 1258 775 et
1280 737 1434 787 quidem
1455 749 1539 774 ma-

138 794 382 841 thematicus,
404 794 595 838 musicus,
620 793 726 830 omni
749 793 911 844 denique
934 793 1107 831 doctrina
1129 793 1314 837 eruditus⁷
1338 799 1538 843 postremo

136 850 393 901 philosophus
421 850 491 888 erit
517 849 699 887 mundus.
749 848 870 900 Saepe
899 849 991 887 dixti
1024 849 1117 887 nihil
1139 849 1220 887 fieri
1242 849 1325 887 sine
1348 849 1439 894 deo,
1469 861 1539 886 nec

136 906 249 944 ullam
271 906 347 944 vim
369 918 454 944 esse
473 911 650 950 naturae,
678 910 719 943 ut
743 905 801 943 sui
825 905 1024 944 dissimilia
1046 911 1179 956 posset
1200 905 1392 954 effingere.
1435 904 1539 942 Con-

135 962 267 1000 cedam
296 974 375 1000 non
404 962 522 1000 modo
551 961 784 999 animantem
814 968 850 1000 et
879 962 1093 1013 sapientem
1121 974 1205 999 esse
1233 960 1443 1006 mundum,
1472 959 1539 998 sed

134 1018 326 1056 fidicinem
350 1018 461 1056 etiam
486 1024 521 1056 et
542 1017 750 1064 tibicinem,
773 1018 954 1068 quoniam
979 1030 1110 1056 earum
1134 1030 1287 1069 quoque
1309 1017 1446 1055 artium
1465 1016 1539 1054 ho-

134 1074 258 1112 mines
287 1087 331 1112 ex
359 1087 403 1112 eo
431 1072 712 1125 procreantur?
754 1073 856 1112 Nihil
883 1074 997 1124 igitur
1026 1075 1134 1113 affert
1161 1080 1270 1124 pater
1290 1072 1362 1111 iste
1385 1072 1538 1111 Stoico-

134 1143 232 1177 rum,
269 1143 384 1181 quare
419 1131 608 1169 mundum
635 1130 785 1168 ratione
813 1131 869 1169 uti
896 1136 1098 1181 putemus,
1134 1142 1182 1168 ne
1210 1142 1277 1168 cur
1304 1128 1537 1167 animantem

136 1187 291 1237 quidem
315 1199 411 1225 esse.
453 1187 541 1224 Non
562 1193 618 1225 est
639 1187 756 1236 Igitur
776 1187 945 1224 mundus
968 1187 1074 1231 deus.
1096 1192 1131 1224 et
1153 1192 1281 1224 tamen
1301 1185 1395 1223 nihil
1414 1190 1473 1222 est
1494 1196 1538 1221 eo

134 1243 288 1290 melius3
315 1243 409 1281 nihil
431 1248 488 1281 est
509 1243 611 1281 enim
633 1255 677 1281 eo
700 1243 920 1293 pulchrius⁷
950 1243 1043 1281 nihil
1064 1242 1177 1281 nobis
1201 1241 1423 1286 salutarius,
1446 1239 1540 1278 nihil

134 1300 306 1337 ornatius
329 1299 514 1349 adspectu
535 1304 720 1348 motuque
740 1299 991 1338 constantius.
1030 1299 1179 1345 Quodsi
1196 1298 1365 1336 mundus
1382 1297 1536 1335 univer-

133 1368 198 1393 sus
228 1367 306 1393 non
334 1362 392 1394 est
419 1355 531 1401 deus,
558 1367 607 1393 ne
635 1355 760 1393 stellae
789 1355 964 1405 quidem,
994 1368 1089 1406 quas
1112 1362 1154 1393 tu
1175 1353 1475 1392 innumerabiles
1498 1353 1536 1389 in

132 1411 291 1449 deorum
320 1424 482 1449 numero
511 1411 747 1461 reponebas7
779 1424 940 1462 quarum
962 1417 997 1449 te
1020 1423 1157 1449 cursus
1179 1409 1393 1460 aequabiles
1415 1413 1536 1446 aeter-

132 1467 248 1517 nique
278 1467 531 1506 delectabant:
560 1479 630 1505 nec
658 1467 874 1506 mehercule
901 1467 1054 1513 iniuria,
1084 1472 1173 1505 sunt
1201 1467 1302 1504 enim
1325 1463 1537 1503 admirabili

132 1523 418 1574 incredibilique
447 1523 674 1561 constantia.
724 1523 800 1561 Sed
828 1536 908 1561 non
938 1523 1086 1569 onmia,
1116 1522 1246 1568 Balbe⁷
1275 1534 1369 1572 quae
1399 1533 1536 1559 cursus

134 1586 257 1617 certos
286 1585 321 1617 et
344 1584 565 1618 constantes
587 1579 747 1625 habent,
775 1592 817 1617 ea
839 1580 909 1617 deo
933 1580 1062 1630 potius
1085 1578 1289 1617 tribuenda
1311 1583 1402 1616 sunt
1423 1589 1537 1628 quam

177 1700 230 1732 22.
256 1703 358 1732 istum
377 1701 482 1732 Iocum
501 1700 646 1732 Zenonis
664 1701 794 1733 concla-

131 1748 180 1777 sio
199 1745 369 1777 dilatabit:
386 1745 532 1787 „Zeno's
552 1745 794 1786 Schlussfolge-

130 1801 214 1831 rung
238 1791 322 1822 wird
342 1791 442 1831 jenen
468 1791 546 1822 Satz
570 1790 688 1821 weiter
716 1801 795 1821 aus—

130 1836 295 1866 dehnen“:
326 1836 355 1866 d.
374 1836 403 1866 h.
428 1836 551 1866 mittels
570 1836 668 1875 jener
685 1834 795 1866 Zeno-

129 1880 262 1911 nischen
281 1880 595 1920 Schlussfolgerung
618 1880 700 1910 wird
722 1890 795 1911 man

123 1925 224 1965 jenen
257 1925 335 1956 Satz
364 1925 432 1956 viel
459 1925 578 1955 weiter
605 1925 793 1955 ausdehnen

127 1969 254 2000 konnen
279 1970 329 2001 als
353 1970 402 2000 ihr
420 1980 455 2000 es
473 1970 582 2000 wollt:
613 1979 686 2000 man
710 1969 794 2000 wird

128 2014 181 2045 ihu
206 2015 293 2046 nicht
315 2015 386 2045 blos
411 2025 451 2045 zu
476 2015 547 2045 dein
566 2014 714 2045 Beweise
738 2014 795 2045 be-

127 2064 247 2090 nutzen
266 2059 406 2099 kiinnen,
425 2060 501 2090 dass
520 2060 570 2090 die
582 2059 676 2090 Welt
691 2059 793 2090 weise

128 2104 192 2140 sei,
228 2105 369 2135 sondern
402 2105 484 2135 auch
513 2104 589 2135 dass
620 2105 667 2135 sie
702 2104 794 2135 lesen

128 2148 236 2179 ko'nne
253 2160 284 2179 u.
300 2160 324 2180 s.
340 2159 381 2179 w.
416 2149 474 2179 Die
493 2149 684 2188 Bedeutung
696 2149 794 2188 jenes

128 2194 320 2224 Ausdrucks
345 2204 386 2224 zu
410 2194 515 2233 vergi.
535 2194 593 2224 mit
611 2193 638 2231 Ι,
658 2193 715 2233 35,
736 2192 793 2224 98:

129 2240 161 2269 si
173 2238 277 2270 semel
286 2240 565 2281 susceperimus&
552 2249 656 2269 <renus
665 2239 726 2269 hoc
739 2248 796 2269 ar-

125 2285 296 2324 gQamente
314 2283 449 2314 attende
465 2294 528 2325 qno
546 2285 671 2325 serpat.
704 2283 795 2314 Dela-

129 2330 201 2359 tale
217 2343 262 2354 =
284 2328 337 2365 „in
359 2329 528 2359 xxeiterem
546 2327 704 2367 [mlange
724 2328 795 2367 gel-

128 2374 204 2404 teud
223 2353 378 2404 inachen‘·'
393 2374 474 2404 auch
493 2374 532 2404 de
550 2372 651 2412 Legg.
674 2372 722 2412 Ill
745 2372 795 2410 14,

130 2416 279 2449 32:112oe
307 2418 447 2449 dilatala
474 2420 506 2449 in
537 2417 686 2449 ordinem
717 2428 796 2448 can-

131 2464 230 2493 otum.
286 2463 370 2494 Dass
411 2464 468 2493 das
505 2462 794 2493 handschrii‘tliche

131 2506 279 2538 dilatavit
310 2508 412 2538 falsch
447 2508 496 2538 sei
535 2506 652 2538 bedarf
681 2507 795 2538 keines

131 2551 289 2583 weiteren
313 2552 489 2583 Beweises.
538 2552 630 2583 Denu
654 2552 730 2583 dass
757 2552 795 2583 Z.

133 2596 192 2626 den
226 2595 303 2627 Satz
341 2597 489 2628 wirklich
529 2607 566 2628 so
599 2598 796 2637 angewandt

870 1702 950 1732 habe
977 1702 1059 1732 wird
1084 1701 1168 1732 wohl
1191 1699 1351 1732 Niemand
1375 1699 1442 1730 sich
1467 1699 1536 1730 ein-

869 1746 989 1777 bilden.

915 1790 968 1822 23.
1001 1802 1101 1834 saepe
1123 1791 1223 1822 dimi.

869 1836 939 1867 dies
958 1836 1047 1866 nicht
1064 1840 1197 1875 gesagt:
1228 1835 1280 1866 die
1301 1835 1428 1874 einzige
1447 1833 1535 1864 hier-

868 1881 927 1911 her
944 1881 1101 1920 geho‘rige
1120 1880 1225 1911 Stelle
1245 1880 1288 1910 ist
1306 1878 1348 1917 ΙΙ
1368 1857 1406 1918 δῖ
1422 1877 1475 1908 22.
1493 1896 1537 1900 —ss

869 1925 971 1956 Die
957 1925 1152 1967 sxnkopirte
1182 1924 1281 1956 Form
1309 1923 1400 1956 dioetz·
1425 1923 1536 1954 bieten

868 1971 919 2001 die
949 1970 1130 2001 Handschr.
1161 1970 1211 2001 bei
1240 1969 1355 2001 Cicero
1386 1969 1468 2000 noch
1498 1968 1537 1998 de

867 2015 961 2046 Finn
982 2015 1018 2050 II
1038 2015 1067 2047 3.
1091 2014 1141 2045 10.
1160 2015 1200 2046 ad
1217 2015 1287 2046 A.tt
1307 2012 1394 2055 XIII,
1413 2013 1465 2044 32.
1486 2023 1535 2054 pr

869 2059 998 2091 Caecin.
1015 2059 1068 2099 29,
1085 2059 1135 2090 52.
1166 2059 1195 2091 X
1198 2060 1241 2100 gl.
1259 2059 1392 2099 Madvig
1411 2068 1452 2089 zu
1469 2057 1534 2088 Cic.

868 2106 907 2136 de
927 2105 1020 2136 Finn.
1039 2116 1068 2146 p.
1093 2104 1166 2135 153.

905 2149 1077 2192 fidicinem
1093 2151 1190 2180 etiam
1207 2151 1240 2179 et
1254 2150 1428 2180 tibicinem.
1453 2146 1535 2177 Eine

868 2204 951 2234 ganz
970 2194 1117 2225 iihnliche
1136 2193 1302 2224 calumnia
1319 2193 1380 2223 wie
1398 2192 1449 2223 die
1469 2191 1537 2222 obi-

868 2249 920 2278 ge
948 2238 1044 2269 Cotta
1063 2238 1156 2269 stellt
1173 2238 1252 2278 sich,
1270 2238 1319 2269 als
1339 2237 1378 2268 ob
1396 2247 1433 2268 er
1451 2236 1537 2267 nicht

868 2284 985 2323 vnisse,
1016 2284 1092 2314 dass
1121 2283 1186 2313 alle
1211 2283 1383 2313 einzelnen
1407 2280 1536 2313 Riiuste

870 2339 932 2359 nui
955 2328 1110 2370 specielle
1135 2327 1339 2367 Richtungen
1366 2327 1446 2357 oder
1469 2326 1537 2356 Au-

868 2374 1071 2413 uendungen
1106 2373 1165 2403 der
1194 2372 1258 2412 alig
1242 2372 1410 2403 oemeinen
1438 2369 1537 2401 Hraft

870 2418 960 2458 sind,
986 2419 1037 2448 die
1057 2418 1107 2448 die
1126 2417 1260 2448 Stoike1
1277 2418 1336 2448 der
1352 2415 1398 2447 W
1402 2416 1449 2447 elt
1465 2415 1536 2446 bei-

868 2463 983 2502 legen
1011 2463 1076 2493 und
1106 2463 1181 2493 dass
1211 2472 1246 2492 es
1275 2461 1448 2501 unlogisch
1478 2459 1536 2498 sei

868 2485 927 2539 aues
945 2508 1002 2538 das
1021 2508 1227 2547 Aligeineine
1253 2511 1358 2537 etwas
1382 2505 1536 2536 iibertra-

868 2563 930 2593 gen
949 2563 989 2583 zu
1006 2563 1036 2583 u
1041 2552 1146 2593 ollen,
1171 2562 1240 2582 was
1266 2561 1326 2581 nur
1344 2551 1375 2581 in
1393 2550 1452 2581 der
1467 2548 1536 2580 Be-

870 2598 1058 2638 sonderung
1076 2602 1146 2628 ers-t
1164 2597 1337 2628 entstehen
1356 2595 1453 2626 kam.

1269 1789 1326 1821 Oft
1342 1790 1397 1820 hat
1416 1788 1535 1819 Balbus

1567 520 1609 551 23

1566 1527 1609 1559 24
