1684 2819
599 161 675 194 [ΑΒ.
694 160 746 193 111.
783 161 875 194 CAP.
895 162 965 193 6-
976 163 1005 194 e.
1424 165 1499 204 173

98 270 204 311 sunt,
241 263 378 316 quihus
406 264 575 315 perspici
602 265 726 314 possit
753 265 843 317 quid
871 262 1107 316 sitwpropter
1135 265 1411 316 turpitudinem
1439 266 1500 304 su-

98 321 290 371 giencium,
311 319 400 370 quid
422 319 471 357 sit
491 321 595 370 quod
616 321 757 360 idcirco
781 321 1004 371 fugiendum
1027 333 1107 359 non
1130 321 1190 367 sit,
1214 322 1317 372 quod
1340 322 1499 360 omnino

96 383 208 427 turpe
223 388 304 414 non
321 376 380 414 sit.
409 376 483 414 Sed
501 377 684 427 quoniam
706 378 811 428 operi
835 378 1013 415 incohato
1030 389 1153 428 prope
1174 383 1301 415 tamen
1322 378 1499 416 absoluto

96 439 289 483 tamquam
321 431 513 482 fastigium
535 432 790 483 imponimus,
820 439 862 472 ut
889 438 1104 482 geometrae
1125 433 1250 471 solent
1270 446 1349 472 non
1372 433 1500 472 omnia

95 489 251 534 docere,
280 489 347 526 sed
368 488 564 538 postulare
583 494 624 527 ut
647 490 830 539 quaedam
861 489 932 527 sibi
954 490 1231 535 concedantur,
1256 502 1331 539 quo
1355 490 1499 528 facilius

95 557 190 595 quae
212 544 344 583 volunt
370 544 574 595 explicent,
606 545 660 583 sic
687 558 756 596 ego
780 559 799 584 a
821 551 856 584 te
884 546 1057 595 postulo,v
1085 545 1137 583 mi
1159 546 1308 592 Cicero,
1336 551 1378 584 ut
1406 546 1522 593 1111111Χ

95 601 301 647 concedas,
325 600 357 638 si
377 607 507 651 potes,
530 600 621 639 nihil
643 607 792 652 praeter
812 602 867 648 id,
896 602 999 651 quod
1021 602 1227 640 honestum
1250 601 1315 649 sit,
1341 607 1501 652 propter

94 670 135 695 se
163 669 248 695 esse
276 657 545 707 expetendum.
589 657 655 695 Sin
686 658 760 696 1100
780 670 860 697 11011
881 658 965 696 licet
986 670 1055 708 per
1075 657 1316 708 Cratippum,
1345 664 1382 696 at
1409 658 1497 695 illud

93 718 193 752 certe
215 712 336 757 dabis,
359 713 463 763 quod
483 713 690 752 honestum
712 714 773 759 sit,
796 715 833 752 id
855 726 939 752 esse
960 714 1123 752 maxime
1144 720 1303 764 propter
1324 726 1364 752 se
1385 727 1499 765 expe-

92 770 263 808 tendum.
297 768 388 807 Mihi
409 769 598 807 utrumvis
621 771 713 808 satis
736 776 804 816 est,
826 776 868 808 ut
889 776 970 807 tum
991 770 1078 815 1100,
1101 775 1181 807 tum
1203 770 1291 807 illud
1313 770 1497 819 probahi—

90 826 162 864 lius
184 825 331 863 videtur
350 836 421 862 nec
440 830 632 875 praeterea
649 826 850 876 quicquam
869 825 1077 876 probabile.
1114 826 1167 863 Ac
1182 826 1351 875 primum
1369 826 1407 863 111
1424 826 1499 863 1100
1528 835 1570 865 34

90 880 294 920 Panaetius
316 880 578 919 defendendus
600 887 676 925 est:
699 882 801 932 quod
818 894 899 919 non
920 881 1020 919 utilia
1044 881 1216 919 honestis
1239 893 1409 930 pugnare
1430 881 1497 919 ali-

90 937 242 989 quando
264 949 381 987 posse
403 936 539 975 dixerit
559 961 612 965 —-
633 950 756 989 neque
777 937 878 977 enim
901 937 932 975 ei
955 938 1009 975 sas
1032 942 1110 975 erat
1131 959 1202 983 —-,
1227 937 1293 975 sed
1316 950 1375 984 ea,
1404 950 1498 988 quae

88 994 308 1033 viderentur
324 991 438 1031 utilia.
475 993 577 1031 Nihil
601 1006 687 1032 vero
710 995 802 1032 utile
823 993 924 1044 quod
949 1005 1029 1031 non
1046 993 1147 1031 idem
1164 993 1383 1040 honestum,
1404 994 1497 1032 nihil

89 1051 299 1089 honestum
321 1049 424 1100 quod
446 1061 526 1087 non
546 1050 646 1088 idem
671 1050 757 1089 utile
779 1050 837 1096 sit,
861 1063 972 1100 saepe
996 1054 1154 1087 testatur
1164 1055 1363 1099 *negatque
1384 1050 1497 1088 ullam

89 1112 236 1157 pestem
258 1106 446 1144 maiorem
474 1106 513 1144 in
539 1106 653 1144 vitam
674 1106 877 1145 hominum
899 1105 1085 1144 invasisse
1112 1118 1225 1155 quam
1255 1118 1388 1144 eorum
1412 1106 1498 1156 opi-

88 1163 256 1210 nionem,
279 1162 341 1212 qui
362 1161 435 1200 ista
455 1161 709 1201 distraxerint.
745 1163 875 1213 Itaque
895 1174 986 1209 non,
1007 1161 1266 1212 utaliquando
1284 1167 1497 1212 antepone-

87 1232 217 1258 remus
234 1218 337 1257 utilia
350 1218 539 1264 honestis,
557 1218 624 1256 sed
637 1223 678 1257 ut
690 1231 731 1257 ea
740 1218 823 1258 sine
835 1230 966 1257 errore
980 1217 1285 1264 diiudicaremus,
1301 1217 1496 1268 siquando

88 1275 323 1321 incidissent,
352 1273 498 1312 induxit
519 1287 613 1321 eam,
636 1287 731 1325 quae
752 1275 942 1314 videretur
963 1287 1059 1321 esse,
1080 1286 1160 1312 non
1182 1286 1276 1324 quae
1297 1280 1412 1320 esset,
1434 1287 1496 1313 re-

87 1331 351 1383 pugnantiam.
392 1330 498 1369 Hanc
523 1330 637 1380 igitur
662 1336 810 1382 partem
838 1331 1006 1369 relictam
1027 1330 1263 1381 explebimus
1292 1330 1405 1368 nullis
1428 1331 1496 1369 ad—

87 1387 299 1434 miniculis,
328 1386 411 1433 sed,
432 1392 474 1424 ut
496 1386 652 1433 dicitur,
678 1388 795 1426 Marte
816 1393 967 1426 nostro.
1009 1387 1138 1438 Neque
1166 1387 1268 1425 enim
1291 1387 1496 1437 quicquam

89 1449 147 1482 est
174 1444 219 1482 de
246 1444 319 1482 hac
339 1447 445 1494 parte
467 1448 558 1493 post
578 1442 801 1482 Panaetium
823 1444 1068 1494 explicatum,
1097 1443 1200 1494 quod
1229 1443 1382 1493 quidem
1404 1443 1495 1481 mihi

89 1500 337 1551 probaretur,
367 1499 412 1537 de
432 1499 478 1537 iis
501 1511 595 1550 quae
616 1499 655 1537 in
677 1512 814 1539 manus
835 1513 940 1538 meas
962 1499 1146 1538 venerint.

203 1557 298 1595 Cum
325 1555 439 1606 igitur
466 1555 589 1606 aliqua
619 1556 765 1606 species
787 1556 959 1596 utilitatis
988 1556 1134 1594 obiecta
1158 1560 1230 1603 est,
1260 1555 1495 1594 commoveri
1522 1561 1547 1599 S

90 1625 246 1652 11000550
285 1618 354 1651 est.
410 1612 484 1650 Sed
514 1612 564 1657 si,
612 1625 696 1656 cum
733 1613 903 1652 animum
945 1612 1173 1657 attenderis,
1217 1611 1492 1662 turpitudinem
1524 1621 1564 1652 35

93 1769 354 1810 [ingenauigkeit
370 1770 429 1801 der
448 1770 675 1812 Sprechweise
693 1771 755 1801 wie

91 1814 113 1855 I,
133 1815 162 1854 5,
185 1815 223 1846 15
243 1826 287 1847 em
303 1825 341 1846 ea
351 1818 458 1858 parte,
477 1826 560 1857 qnae
570 1816 685 1857 prima
698 1815 755 1846 (le-

90 1861 219 1903 sorz'pta
236 1863 287 1891 est
301 1878 345 1882 —
362 1862 451 1891 inest
464 1860 640 1901 indagatio
658 1863 757 1901 atque

89 1907 233 1936 inventio
264 1908 344 1936 veri.
401 1905 489 1936 Statt
529 1904 755 1936 l'ortzul'ahren

86 1952 267 1993 praecepta
276 1952 348 1994 peti
354 1960 482 1993 possem
489 1952 508 1991 t,
523 1954 596 1989 sagt
610 1960 646 1980 er
656 1960 757 1993 prae-

91 1997 186 2038 cepta
202 1998 293 2026 sunt.

135 2043 206 2072 tum
223 2040 283 2071 lzoe
301 2042 373 2071 tum
388 2040 471 2072 illud
484 2040 689 2083 probabilius
708 2041 756 2071 vi-

89 2084 196 2116 detur.
238 2084 346 2117 Ueher
362 2085 534 2127 probabile
560 2095 585 2115 s.
610 2085 697 2116 Einl.
723 2096 754 2116 u.

89 2140 117 2160 z.
132 2129 163 2170 ξ.
179 2129 231 2160 21.
252 2129 311 2160 Ι)10
327 2129 503 2160 Akademie
518 2129 754 2169 gestatt‹·tCic.

88 2174 163 2205 bald
187 2174 245 2205 der
268 2174 404 2205 Ausicht
427 2175 485 2205 der
502 2174 753 2215 Peripatetiker,

89 2220 163 2250 dass
188 2219 268 2249 auch
293 2219 344 2249 die
369 2219 505 2249 'aussern
534 2218 640 2250 (111101-
659 2219 754 2249 0111011

88 2274 182 2295 wenn
201 2264 281 2294 auch
296 2263 337 2294 im
352 2263 527 2303 Vergleich
543 2264 601 2294 mit
615 2264 673 2294 der
686 2262 755 2293 Tu-

87 2309 171 2349 gend
206 2319 266 2339 nui·
298 2308 454 2348 geringen
486 2308 606 2339 W'erth
640 2308 752 2347 haben,

88 2353 162 2385 bald
187 2354 246 2384 der
267 2354 326 2384 der
350 2353 483 2384 Stoiker
507 2364 547 2384 zu
572 2353 700 2393 folgeng
728 2352 754 2383 ΙΙ

88 2409 115 2429 0.
135 2398 165 2429 2.
200 2398 261 2430 Mit
288 2408 347 2429 nee
371 2401 550 2441 praeterea
579 2400 754 2440 quicquam

85 2444 220 2474 werden
245 2443 398 2485 Systeme
421 2444 484 2474 wie
508 2444 565 2475 das
589 2443 753 2485 epikurei-

88 2488 164 2519 sche
182 2488 486 2528 zuriickgewiesen.

133 2532 185 2564 34.
211 2535 262 2564 Ac
275 2535 422 2576 pri-mum
440 2535 474 2565 in
492 2534 552 2565 hoc
569 2536 629 2565 cet.
659 2533 752 2564 Auch

87 2587 192 2618 gegen
209 2577 322 2609 diesen
340 2578 501 2611 Vorwurf
515 2579 558 2610 ist
575 2578 752 2610 Panaetius

830 1772 927 1802 5011011
946 1770 976 1812 ξ.
1000 1770 1037 1801 18
1055 1770 1265 1810 vertheidigt.

872 1815 1066 1847 incidissent
1112 1815 1208 1845 11111111,
1258 1814 1493 1846 diiudicanda:

828 1871 923 1891 wenu
946 1871 981 1891 es
1001 1861 1068 1891 sich
1088 1860 1223 1899 zul'iillig
1241 1870 1276 1890 so
1296 1859 1393 1895 trifft,
1420 1860 1494 1890 dass

829 1906 891 1936 wir
931 1906 1094 1936 zwischen
1135 1905 1248 1936 beiden
1283 1904 1494 1936 cutscheiden

829 1950 971 1981 miissen.

874 1995 1022 2036 bullavit,
1054 1996 1110 2026 hat
1135 1995 1165 2025 111
1186 1995 1275 2026 seiue
1294 1995 1495 2036 philosophi—

829 2037 903 2071 schb
923 2040 1176 2079 ffitersuchung
1194 2040 1468 2079 hereingezogen.

874 2085 948 2123 secl,
982 2088 1019 2116 ut
1049 2085 1186 2123 dieitur,
1224 2084 1333 2116 Marte
1359 2087 1495 2115 nostro:

828 2129 908 2160 Phil.
934 2129 969 2169 H,
996 2129 1048 2165 37,
1074 2129 1114 2159 95
1139 2139 1204 2160 rear
1227 2131 1314 2159 ellim
1337 2130 1496 2171 ips-eastra

828 2177 946 2216 sponte
976 2193 1018 2196 —
1050 2174 1252 2215 sz'nmlcttqne
1274 2174 1402 2205 audivit
1424 2176 1494 2204 ems

827 2221 1001 2250 interitum
1021 2229 1081 2250 suo
1101 2218 1210 2249 Marte
1228 2229 1281 2249 res
1299 2229 1380 2249 suas
1399 2229 1494 2250 recel-

827 2266 966 2306 perare't.
999 2264 1063 2294 Das
1082 2263 1373 2302 entschuldigende
1390 2266 1429 2294 ut
1444 2264 1493 2294 (li-

828 2311 915 2340 01'1‘111·
939 2318 1009 2339 war
1032 2308 1084 2339 bei
1102 2309 1160 2339 der
1178 2309 1238 2339 den
1258 2308 1399 2339 Riimern
1419 2309 1495 2339 sehr

827 2354 1012 2393 geliiufigen
1036 2353 1287 2393 Uehertraguug
1316 2353 1411 2384 kaum
1437 2355 1495 2383 nii-

827 2399 906 2438 thig.

834 2479 840 2486 N
872 2443 961 2485 qnod
998 2444 1126 2486 quidem
1163 2444 1247 2474 milei
1273 2444 1493 2485 probaretur:

827 2486 897 2519 also
916 2489 996 2520 auch
1014 2489 1066 2519 die
1085 2488 1209 2519 Schril't
1225 2489 1282 2519 des
1298 2488 1492 2519 Posidonius

827 2534 931 2572 nicht3
960 2544 985 2564 s.
1006 2533 1090 2564 Einl.
1111 2544 1141 2564 u.
1162 2544 1189 2564 z.
1209 2532 1240 2574 ξ
1260 2532 1289 2562 S.

871 2571 912 2610 8.
938 2579 991 2609 35.
1017 2580 1236 2610 commoveri.-
1264 2587 1292 2609 z.
1312 2578 1341 2618 ξ.
1362 2578 1414 2610 35.
