<?xml version="1.0" encoding="UTF-8"?>
<!DOCTYPE html PUBLIC "-//W3C//DTD XHTML 1.0 Transitional//EN"
    "http://www.w3.org/TR/xhtml1/DTD/xhtml1-transitional.dtd">
<html xmlns="http://www.w3.org/1999/xhtml" xml:lang="en" lang="en">
 <head>
  <title>
</title>
<meta http-equiv="Content-Type" content="text/html;charset=utf-8" />
  <meta name='ocr-system' content='tesseract 3.04.00' />
  <meta name='ocr-capabilities' content='ocr_page ocr_carea ocr_par ocr_line ocrx_word'/>
</head>
<body>
  <div class='ocr_page' id='page_1' title='image "./tusculanarumdisp00ciceuoft_0127.png"; bbox 0 0 1684 2819; ppageno 0'>
   <div class='ocr_carea' id='block_1_1' title="bbox 561 166 1523 207">
    <p class='ocr_par' dir='ltr' id='par_1_1' title="bbox 561 166 1523 207">
     <span class='ocr_line' id='line_1_1' title="bbox 561 166 1523 207; baseline 0.008 -9"><span class='ocrx_word' id='word_1_1' title='bbox 561 167 776 199; x_wconf 79' lang='lat' dir='ltr'>LIBERH.</span> <span class='ocrx_word' id='word_1_2' title='bbox 799 166 853 207; x_wconf 78' lang='lat'>19,</span> <span class='ocrx_word' id='word_1_3' title='bbox 874 167 1006 207; x_wconf 45' lang='lat'>4520,</span> <span class='ocrx_word' id='word_1_4' title='bbox 1026 166 1082 198; x_wconf 83' lang='lat'>46.</span> <span class='ocrx_word' id='word_1_5' title='bbox 1452 167 1523 205; x_wconf 85' lang='lat'>101</span> 
     </span>
    </p>
   </div>
   <div class='ocr_carea' id='block_1_2' title="bbox 125 280 1612 1633">
    <p class='ocr_par' dir='ltr' id='par_1_2' title="bbox 125 280 1599 1068">
     <span class='ocr_line' id='line_1_2' title="bbox 127 280 1531 334; baseline -0.001 -12"><span class='ocrx_word' id='word_1_6' title='bbox 127 295 286 329; x_wconf 87' lang='lat' dir='ltr'>moues,</span> <span class='ocrx_word' id='word_1_7' title='bbox 322 288 486 334; x_wconf 82' lang='lat' dir='ltr'><strong>possunt</strong></span> <span class='ocrx_word' id='word_1_8' title='bbox 517 281 673 329; x_wconf 73' lang='lat' dir='ltr'>omnia,</span> <span class='ocrx_word' id='word_1_9' title='bbox 710 280 826 334; x_wconf 87' lang='lat' dir='ltr'>longe</span> <span class='ocrx_word' id='word_1_10' title='bbox 855 281 975 334; x_wconf 87' lang='lat' dir='ltr'>igitur</span> <span class='ocrx_word' id='word_1_11' title='bbox 1006 281 1116 321; x_wconf 84' lang='lat' dir='ltr'>abest</span> <span class='ocrx_word' id='word_1_12' title='bbox 1145 295 1167 321; x_wconf 86' lang='lat' dir='ltr'>a</span> <span class='ocrx_word' id='word_1_13' title='bbox 1197 294 1348 321; x_wconf 90' lang='lat' dir='ltr'>summo</span> <span class='ocrx_word' id='word_1_14' title='bbox 1382 280 1531 321; x_wconf 85' lang='lat' dir='ltr'>dolore.</span> 
     </span>
     <span class='ocr_line' id='line_1_3' title="bbox 125 337 1534 391; baseline 0.001 -14"><span class='ocrx_word' id='word_1_15' title='bbox 125 338 257 391; x_wconf 85' lang='lat' dir='ltr'>Ergo,</span> <span class='ocrx_word' id='word_1_16' title='bbox 292 337 440 390; x_wconf 89' lang='lat' dir='ltr'>inquit,</span> <span class='ocrx_word' id='word_1_17' title='bbox 477 337 591 377; x_wconf 85' lang='lat' dir='ltr'>dolor</span> <span class='ocrx_word' id='word_1_18' title='bbox 620 337 826 378; x_wconf 89' lang='lat' dir='ltr'>diuturnus</span> <span class='ocrx_word' id='word_1_19' title='bbox 858 337 975 378; x_wconf 85' lang='lat' dir='ltr'>habet</span> <span class='ocrx_word' id='word_1_20' title='bbox 1003 338 1174 378; x_wconf 84' lang='lat' dir='ltr'>laetitiae</span> <span class='ocrx_word' id='word_1_21' title='bbox 1206 337 1290 391; x_wconf 90' lang='lat' dir='ltr'>plus</span> <span class='ocrx_word' id='word_1_22' title='bbox 1315 350 1428 391; x_wconf 90' lang='lat' dir='ltr'>quam</span> <span class='ocrx_word' id='word_1_23' title='bbox 1451 352 1534 378; x_wconf 92' lang='lat' dir='ltr'>mo-</span> 
     </span>
     <span class='ocr_line' id='line_1_4' title="bbox 126 393 1599 447; baseline 0.001 -14"><span class='ocrx_word' id='word_1_24' title='bbox 126 394 318 434; x_wconf 84' lang='lat' dir='ltr'>lestiae.“</span> <span class='ocrx_word' id='word_1_25' title='bbox 354 418 403 424; x_wconf 86' lang='lat'><strong>—</strong></span> <span class='ocrx_word' id='word_1_26' title='bbox 445 393 559 434; x_wconf 90' lang='lat' dir='ltr'>Nunc</span> <span class='ocrx_word' id='word_1_27' title='bbox 590 407 663 447; x_wconf 89' lang='lat' dir='ltr'>ego</span> <span class='ocrx_word' id='word_1_28' title='bbox 695 408 774 434; x_wconf 90' lang='lat' dir='ltr'>non</span> <span class='ocrx_word' id='word_1_29' title='bbox 805 408 986 447; x_wconf 90' lang='lat' dir='ltr'>possum,</span> <span class='ocrx_word' id='word_1_30' title='bbox 1029 402 1177 440; x_wconf 75' lang='lat' dir='ltr'>tantum</span> <span class='ocrx_word' id='word_1_31' title='bbox 1208 394 1403 434; x_wconf 89' lang='lat' dir='ltr'>hominem</span> <span class='ocrx_word' id='word_1_32' title='bbox 1436 394 1535 434; x_wconf 89' lang='lat' dir='ltr'>nihil</span> <span class='ocrx_word' id='word_1_33' title='bbox 1556 403 1599 434; x_wconf 83' lang='lat'>45</span> 
     </span>
     <span class='ocr_line' id='line_1_5' title="bbox 127 450 1534 505; baseline 0.001 -15"><span class='ocrx_word' id='word_1_34' title='bbox 127 463 290 503; x_wconf 80' lang='lat' dir='ltr'><strong>sapere,</strong></span> <span class='ocrx_word' id='word_1_35' title='bbox 325 450 480 500; x_wconf 73' lang='lat' dir='ltr'>dicere,</span> <span class='ocrx_word' id='word_1_36' title='bbox 515 451 583 490; x_wconf 88' lang='lat' dir='ltr'>sed</span> <span class='ocrx_word' id='word_1_37' title='bbox 613 465 684 492; x_wconf 92' lang='lat' dir='ltr'>nos</span> <span class='ocrx_word' id='word_1_38' title='bbox 718 451 764 490; x_wconf 89' lang='lat' dir='ltr'>ab</span> <span class='ocrx_word' id='word_1_39' title='bbox 788 465 834 491; x_wconf 92' lang='lat' dir='ltr'>eo</span> <span class='ocrx_word' id='word_1_40' title='bbox 857 451 1028 492; x_wconf 81' lang='lat' dir='ltr'>derideri</span> <span class='ocrx_word' id='word_1_41' title='bbox 1061 458 1169 505; x_wconf 90' lang='lat' dir='ltr'>puto.</span> <span class='ocrx_word' id='word_1_42' title='bbox 1223 451 1307 504; x_wconf 87' lang='lat' dir='ltr'>Ego</span> <span class='ocrx_word' id='word_1_43' title='bbox 1339 465 1534 492; x_wconf 89' lang='lat' dir='ltr'>summum</span> 
     </span>
     <span class='ocr_line' id='line_1_6' title="bbox 128 506 1536 559; baseline 0.001 -13"><span class='ocrx_word' id='word_1_44' title='bbox 128 506 302 547; x_wconf 90' lang='lat' dir='ltr'>dolorem</span> <span class='ocrx_word' id='word_1_45' title='bbox 343 510 554 559; x_wconf 89' lang='lat' dir='ltr'>(summum</span> <span class='ocrx_word' id='word_1_46' title='bbox 589 514 717 547; x_wconf 90' lang='lat' dir='ltr'>autem</span> <span class='ocrx_word' id='word_1_47' title='bbox 747 507 857 556; x_wconf 92' lang='lat' dir='ltr'>dico,</span> <span class='ocrx_word' id='word_1_48' title='bbox 904 508 1021 547; x_wconf 88' lang='lat' dir='ltr'>etiam</span> <span class='ocrx_word' id='word_1_49' title='bbox 1060 508 1093 547; x_wconf 89' lang='lat' dir='ltr'>si</span> <span class='ocrx_word' id='word_1_50' title='bbox 1136 509 1280 548; x_wconf 69' lang='lat' dir='ltr'>decem</span> <span class='ocrx_word' id='word_1_51' title='bbox 1302 508 1444 548; x_wconf 89' lang='lat' dir='ltr'>atomis</span> <span class='ocrx_word' id='word_1_52' title='bbox 1476 515 1536 548; x_wconf 83' lang='lat' dir='ltr'>est</span> 
     </span>
     <span class='ocr_line' id='line_1_7' title="bbox 127 563 1536 617; baseline 0.001 -15"><span class='ocrx_word' id='word_1_53' title='bbox 127 564 254 603; x_wconf 87' lang='lat' dir='ltr'>maior</span> <span class='ocrx_word' id='word_1_54' title='bbox 276 563 394 614; x_wconf 87' lang='lat' dir='ltr'>alius)</span> <span class='ocrx_word' id='word_1_55' title='bbox 426 578 503 603; x_wconf 88' lang='lat' dir='ltr'>non</span> <span class='ocrx_word' id='word_1_56' title='bbox 525 563 711 603; x_wconf 86' lang='lat' dir='ltr'>continuo</span> <span class='ocrx_word' id='word_1_57' title='bbox 736 578 826 604; x_wconf 91' lang='lat' dir='ltr'>esse</span> <span class='ocrx_word' id='word_1_58' title='bbox 858 564 945 604; x_wconf 91' lang='lat' dir='ltr'>dico</span> <span class='ocrx_word' id='word_1_59' title='bbox 976 564 1159 613; x_wconf 88' lang='lat' dir='ltr'>brevem,</span> <span class='ocrx_word' id='word_1_60' title='bbox 1195 565 1417 617; x_wconf 89' lang='lat' dir='ltr'>multosque</span> <span class='ocrx_word' id='word_1_61' title='bbox 1447 577 1536 617; x_wconf 91' lang='lat' dir='ltr'>pos-</span> 
     </span>
     <span class='ocr_line' id='line_1_8' title="bbox 128 620 1536 673; baseline 0.001 -14"><span class='ocrx_word' id='word_1_62' title='bbox 128 633 213 660; x_wconf 91' lang='lat' dir='ltr'>sum</span> <span class='ocrx_word' id='word_1_63' title='bbox 253 620 377 661; x_wconf 89' lang='lat' dir='ltr'>bonos</span> <span class='ocrx_word' id='word_1_64' title='bbox 411 620 518 660; x_wconf 88' lang='lat' dir='ltr'>viros</span> <span class='ocrx_word' id='word_1_65' title='bbox 551 621 778 668; x_wconf 87' lang='lat' dir='ltr'>nominare,</span> <span class='ocrx_word' id='word_1_66' title='bbox 814 620 888 672; x_wconf 66' lang='lat' dir='ltr'>Qi</span> <span class='ocrx_word' id='word_1_67' title='bbox 929 620 1148 673; x_wconf 80' lang='lat' dir='ltr'><strong>complures</strong></span> <span class='ocrx_word' id='word_1_68' title='bbox 1180 634 1305 661; x_wconf 88' lang='lat' dir='ltr'>annos</span> <span class='ocrx_word' id='word_1_69' title='bbox 1337 620 1536 661; x_wconf 90' lang='lat' dir='ltr'>doloribus</span> 
     </span>
     <span class='ocr_line' id='line_1_9' title="bbox 127 670 1536 741; baseline 0 -25"><span class='ocrx_word' id='word_1_70' title='bbox 127 676 325 740; x_wconf 81' lang='lat' dir='ltr'>podagrae</span> <span class='ocrx_word' id='word_1_71' title='bbox 347 670 577 716; x_wconf 79' lang='lat' dir='ltr'>crucientur</span> <span class='ocrx_word' id='word_1_72' title='bbox 609 676 807 716; x_wconf 80' lang='lat' dir='ltr'>maximis.</span> <span class='ocrx_word' id='word_1_73' title='bbox 852 676 928 715; x_wconf 89' lang='lat' dir='ltr'>Sed</span> <span class='ocrx_word' id='word_1_74' title='bbox 952 676 1066 716; x_wconf 87' lang='lat' dir='ltr'>homo</span> <span class='ocrx_word' id='word_1_75' title='bbox 1091 683 1200 716; x_wconf 79' lang='lat' dir='ltr'>catus</span> <span class='ocrx_word' id='word_1_76' title='bbox 1225 691 1433 741; x_wconf 80' lang='lat' dir='ltr'>numquam</span> <span class='ocrx_word' id='word_1_77' title='bbox 1457 683 1536 716; x_wconf 88' lang='lat' dir='ltr'>ter-</span> 
     </span>
     <span class='ocr_line' id='line_1_10' title="bbox 126 728 1537 786; baseline 0.001 -15"><span class='ocrx_word' id='word_1_78' title='bbox 126 733 249 773; x_wconf 88' lang='lat' dir='ltr'>minat</span> <span class='ocrx_word' id='word_1_79' title='bbox 269 747 341 773; x_wconf 91' lang='lat' dir='ltr'>nec</span> <span class='ocrx_word' id='word_1_80' title='bbox 359 728 636 786; x_wconf 68' lang='lat' dir='ltr'>magnitudinis</span> <span class='ocrx_word' id='word_1_81' title='bbox 655 746 726 772; x_wconf 89' lang='lat' dir='ltr'>nec</span> <span class='ocrx_word' id='word_1_82' title='bbox 744 732 1014 772; x_wconf 68' lang='lat' dir='ltr'>diuturnitatis</span> <span class='ocrx_word' id='word_1_83' title='bbox 1032 733 1204 781; x_wconf 89' lang='lat' dir='ltr'>modum,</span> <span class='ocrx_word' id='word_1_84' title='bbox 1231 740 1269 772; x_wconf 88' lang='lat' dir='ltr'>ut</span> <span class='ocrx_word' id='word_1_85' title='bbox 1287 734 1423 782; x_wconf 84' lang='lat' dir='ltr'>sciam,</span> <span class='ocrx_word' id='word_1_86' title='bbox 1449 733 1537 786; x_wconf 88' lang='lat' dir='ltr'>quid</span> 
     </span>
     <span class='ocr_line' id='line_1_11' title="bbox 127 788 1538 842; baseline 0 -13"><span class='ocrx_word' id='word_1_87' title='bbox 127 803 319 829; x_wconf 90' lang='lat' dir='ltr'>summum</span> <span class='ocrx_word' id='word_1_88' title='bbox 343 788 477 828; x_wconf 86' lang='lat' dir='ltr'>dieat</span> <span class='ocrx_word' id='word_1_89' title='bbox 466 803 507 827; x_wconf 92' lang='lat' dir='ltr'>ln</span> <span class='ocrx_word' id='word_1_90' title='bbox 533 788 691 838; x_wconf 90' lang='lat' dir='ltr'>dolore,</span> <span class='ocrx_word' id='word_1_91' title='bbox 728 789 817 841; x_wconf 92' lang='lat' dir='ltr'>quid</span> <span class='ocrx_word' id='word_1_92' title='bbox 847 789 969 829; x_wconf 82' lang='lat' dir='ltr'>breve</span> <span class='ocrx_word' id='word_1_93' title='bbox 999 789 1038 829; x_wconf 92' lang='lat' dir='ltr'>in</span> <span class='ocrx_word' id='word_1_94' title='bbox 1068 797 1257 842; x_wconf 90' lang='lat' dir='ltr'>tempore.</span> <span class='ocrx_word' id='word_1_95' title='bbox 1305 789 1538 829; x_wconf 80' lang='lat' dir='ltr'>Omittamus</span> 
     </span>
     <span class='ocr_line' id='line_1_12' title="bbox 126 844 1539 899; baseline -0.001 -14"><span class='ocrx_word' id='word_1_96' title='bbox 126 844 229 885; x_wconf 90' lang='lat' dir='ltr'>hunc</span> <span class='ocrx_word' id='word_1_97' title='bbox 258 844 382 898; x_wconf 84' lang='lat' dir='ltr'>igitur</span> <span class='ocrx_word' id='word_1_98' title='bbox 402 844 499 884; x_wconf 91' lang='lat' dir='ltr'>nihil</span> <span class='ocrx_word' id='word_1_99' title='bbox 531 859 692 899; x_wconf 85' lang='lat' dir='ltr'>prorsus</span> <span class='ocrx_word' id='word_1_100' title='bbox 722 846 915 886; x_wconf 81' lang='lat' dir='ltr'>dicentem</span> <span class='ocrx_word' id='word_1_101' title='bbox 938 860 1200 898; x_wconf 79' lang='lat' dir='ltr'>cogamusque</span> <span class='ocrx_word' id='word_1_102' title='bbox 1224 846 1426 894; x_wconf 82' lang='lat' dir='ltr'>confiteri,</span> <span class='ocrx_word' id='word_1_103' title='bbox 1461 859 1539 885; x_wconf 91' lang='lat' dir='ltr'>non</span> 
     </span>
     <span class='ocr_line' id='line_1_13' title="bbox 127 901 1539 955; baseline -0.001 -14"><span class='ocrx_word' id='word_1_104' title='bbox 127 914 214 941; x_wconf 90' lang='lat' dir='ltr'>esse</span> <span class='ocrx_word' id='word_1_105' title='bbox 244 901 291 941; x_wconf 87' lang='lat' dir='ltr'>ab</span> <span class='ocrx_word' id='word_1_106' title='bbox 321 914 368 941; x_wconf 89' lang='lat' dir='ltr'>eo</span> <span class='ocrx_word' id='word_1_107' title='bbox 399 901 546 942; x_wconf 91' lang='lat' dir='ltr'>doloris</span> <span class='ocrx_word' id='word_1_108' title='bbox 575 902 747 942; x_wconf 87' lang='lat' dir='ltr'>remedia</span> <span class='ocrx_word' id='word_1_109' title='bbox 771 902 1017 955; x_wconf 84' lang='lat' dir='ltr'>quaerenda,</span> <span class='ocrx_word' id='word_1_110' title='bbox 1052 902 1117 955; x_wconf 87' lang='lat' dir='ltr'>qui</span> <span class='ocrx_word' id='word_1_111' title='bbox 1149 903 1323 942; x_wconf 86' lang='lat' dir='ltr'>dolorem</span> <span class='ocrx_word' id='word_1_112' title='bbox 1346 902 1539 942; x_wconf 82' lang='lat' dir='ltr'>malorum</span> 
     </span>
     <span class='ocr_line' id='line_1_14' title="bbox 128 958 1539 1012; baseline -0.001 -15"><span class='ocrx_word' id='word_1_113' title='bbox 128 959 302 998; x_wconf 89' lang='lat' dir='ltr'>omnium</span> <span class='ocrx_word' id='word_1_114' title='bbox 324 958 538 998; x_wconf 82' lang='lat' dir='ltr'>maximum</span> <span class='ocrx_word' id='word_1_115' title='bbox 563 958 726 1008; x_wconf 78' lang='lat' dir='ltr'>dixerit„</span> <span class='ocrx_word' id='word_1_116' title='bbox 752 959 931 1012; x_wconf 82' lang='lat' dir='ltr'>quamvis</span> <span class='ocrx_word' id='word_1_117' title='bbox 954 959 1057 998; x_wconf 90' lang='lat' dir='ltr'>idem</span> <span class='ocrx_word' id='word_1_118' title='bbox 1081 959 1305 999; x_wconf 85' lang='lat' dir='ltr'>forticulum</span> <span class='ocrx_word' id='word_1_119' title='bbox 1328 971 1371 999; x_wconf 93' lang='lat' dir='ltr'>se</span> <span class='ocrx_word' id='word_1_120' title='bbox 1393 958 1434 998; x_wconf 91' lang='lat' dir='ltr'>in</span> <span class='ocrx_word' id='word_1_121' title='bbox 1456 964 1539 997; x_wconf 88' lang='lat' dir='ltr'>tor-</span> 
     </span>
     <span class='ocr_line' id='line_1_15' title="bbox 127 1014 992 1068; baseline 0.002 -15"><span class='ocrx_word' id='word_1_122' title='bbox 127 1014 296 1055; x_wconf 85' lang='lat' dir='ltr'>minibus</span> <span class='ocrx_word' id='word_1_123' title='bbox 320 1022 360 1053; x_wconf 89' lang='lat' dir='ltr'>et</span> <span class='ocrx_word' id='word_1_124' title='bbox 381 1015 420 1053; x_wconf 90' lang='lat' dir='ltr'>in</span> <span class='ocrx_word' id='word_1_125' title='bbox 445 1015 672 1067; x_wconf 81' lang='lat' dir='ltr'>stranguria</span> <span class='ocrx_word' id='word_1_126' title='bbox 695 1030 766 1056; x_wconf 84' lang='lat' dir='ltr'>sua</span> <span class='ocrx_word' id='word_1_127' title='bbox 790 1016 992 1068; x_wconf 84' lang='lat' dir='ltr'>praebeat.</span> 
     </span>
    </p>

    <p class='ocr_par' dir='ltr' id='par_1_3' title="bbox 126 1070 1541 1350">
     <span class='ocr_line' id='line_1_16' title="bbox 240 1070 1539 1124; baseline 0.001 -14"><span class='ocrx_word' id='word_1_128' title='bbox 240 1070 409 1110; x_wconf 87' lang='lat' dir='ltr'>Aliunde</span> <span class='ocrx_word' id='word_1_129' title='bbox 431 1071 552 1124; x_wconf 85' lang='lat' dir='ltr'>igitur</span> <span class='ocrx_word' id='word_1_130' title='bbox 573 1078 633 1110; x_wconf 90' lang='lat' dir='ltr'>est</span> <span class='ocrx_word' id='word_1_131' title='bbox 651 1073 875 1124; x_wconf 82' lang='lat' dir='ltr'>quaerenda</span> <span class='ocrx_word' id='word_1_132' title='bbox 894 1072 1104 1119; x_wconf 81' lang='lat' dir='ltr'>medicina,</span> <span class='ocrx_word' id='word_1_133' title='bbox 1131 1078 1169 1110; x_wconf 89' lang='lat' dir='ltr'>et</span> <span class='ocrx_word' id='word_1_134' title='bbox 1191 1071 1365 1111; x_wconf 79' lang='lat' dir='ltr'>maxime</span> <span class='ocrx_word' id='word_1_135' title='bbox 1385 1071 1539 1123; x_wconf 87' lang='lat' dir='ltr'>quidem</span> 
     </span>
     <span class='ocr_line' id='line_1_17' title="bbox 129 1127 1536 1181; baseline 0.001 -14"><span class='ocrx_word' id='word_1_136' title='bbox 129 1128 198 1181; x_wconf 93' lang='lat' dir='ltr'>(si,</span> <span class='ocrx_word' id='word_1_137' title='bbox 224 1127 315 1180; x_wconf 90' lang='lat' dir='ltr'>quid</span> <span class='ocrx_word' id='word_1_138' title='bbox 338 1128 509 1167; x_wconf 79' lang='lat' dir='ltr'>maxime</span> <span class='ocrx_word' id='word_1_139' title='bbox 532 1135 841 1168; x_wconf 87' lang='lat' dir='ltr'>consentaneum</span> <span class='ocrx_word' id='word_1_140' title='bbox 864 1129 928 1177; x_wconf 88' lang='lat' dir='ltr'>sit,</span> <span class='ocrx_word' id='word_1_141' title='bbox 956 1129 1199 1181; x_wconf 81' lang='lat' dir='ltr'>quaerimus)</span> <span class='ocrx_word' id='word_1_142' title='bbox 1222 1127 1268 1167; x_wconf 89' lang='lat' dir='ltr'>ab</span> <span class='ocrx_word' id='word_1_143' title='bbox 1291 1127 1355 1176; x_wconf 87' lang='lat' dir='ltr'>iis,</span> <span class='ocrx_word' id='word_1_144' title='bbox 1381 1127 1536 1180; x_wconf 86' lang='lat' dir='ltr'>quibus,</span> 
     </span>
     <span class='ocr_line' id='line_1_18' title="bbox 129 1184 1539 1238; baseline 0 -15"><span class='ocrx_word' id='word_1_145' title='bbox 129 1184 230 1237; x_wconf 93' lang='lat' dir='ltr'>quod</span> <span class='ocrx_word' id='word_1_146' title='bbox 258 1184 466 1224; x_wconf 90' lang='lat' dir='ltr'>honestum</span> <span class='ocrx_word' id='word_1_147' title='bbox 498 1184 571 1232; x_wconf 91' lang='lat' dir='ltr'>sit,</span> <span class='ocrx_word' id='word_1_148' title='bbox 607 1199 800 1225; x_wconf 89' lang='lat' dir='ltr'>summum</span> <span class='ocrx_word' id='word_1_149' title='bbox 832 1185 1001 1234; x_wconf 90' lang='lat' dir='ltr'>bonum,</span> <span class='ocrx_word' id='word_1_150' title='bbox 1037 1185 1138 1237; x_wconf 91' lang='lat' dir='ltr'>quod</span> <span class='ocrx_word' id='word_1_151' title='bbox 1172 1191 1309 1238; x_wconf 85' lang='lat' dir='ltr'>turpe,</span> <span class='ocrx_word' id='word_1_152' title='bbox 1344 1198 1539 1224; x_wconf 89' lang='lat' dir='ltr'>summum</span> 
     </span>
     <span class='ocr_line' id='line_1_19' title="bbox 126 1240 1541 1294; baseline 0.001 -15"><span class='ocrx_word' id='word_1_153' title='bbox 126 1240 283 1280; x_wconf 86' lang='lat' dir='ltr'>videtur</span> <span class='ocrx_word' id='word_1_154' title='bbox 303 1240 459 1280; x_wconf 82' lang='lat' dir='ltr'>malum.</span> <span class='ocrx_word' id='word_1_155' title='bbox 501 1240 571 1280; x_wconf 90' lang='lat' dir='ltr'>His</span> <span class='ocrx_word' id='word_1_156' title='bbox 603 1247 644 1281; x_wconf 86' lang='lat' dir='ltr'>tu</span> <span class='ocrx_word' id='word_1_157' title='bbox 674 1241 948 1294; x_wconf 85' lang='lat' dir='ltr'>praesentibus</span> <span class='ocrx_word' id='word_1_158' title='bbox 981 1255 1141 1294; x_wconf 84' lang='lat' dir='ltr'>gemere</span> <span class='ocrx_word' id='word_1_159' title='bbox 1164 1247 1203 1280; x_wconf 87' lang='lat' dir='ltr'>et</span> <span class='ocrx_word' id='word_1_160' title='bbox 1232 1241 1379 1281; x_wconf 86' lang='lat' dir='ltr'>iactare</span> <span class='ocrx_word' id='word_1_161' title='bbox 1401 1248 1439 1281; x_wconf 85' lang='lat' dir='ltr'>te</span> <span class='ocrx_word' id='word_1_162' title='bbox 1462 1255 1541 1281; x_wconf 90' lang='lat' dir='ltr'>non</span> 
     </span>
     <span class='ocr_line' id='line_1_20' title="bbox 127 1297 1538 1350; baseline -0.001 -13"><span class='ocrx_word' id='word_1_163' title='bbox 127 1297 287 1337; x_wconf 82' lang='lat' dir='ltr'>audebis</span> <span class='ocrx_word' id='word_1_164' title='bbox 305 1297 495 1350; x_wconf 86' lang='lat' dir='ltr'>profecto.</span> <span class='ocrx_word' id='word_1_165' title='bbox 529 1297 731 1350; x_wconf 86' lang='lat' dir='ltr'>Loquetur</span> <span class='ocrx_word' id='word_1_166' title='bbox 749 1298 852 1338; x_wconf 89' lang='lat' dir='ltr'>euim</span> <span class='ocrx_word' id='word_1_167' title='bbox 871 1312 1006 1338; x_wconf 91' lang='lat' dir='ltr'>eorum</span> <span class='ocrx_word' id='word_1_168' title='bbox 1022 1311 1118 1338; x_wconf 87' lang='lat' dir='ltr'>voce</span> <span class='ocrx_word' id='word_1_169' title='bbox 1129 1297 1265 1337; x_wconf 83' lang='lat' dir='ltr'>Virtus</span> <span class='ocrx_word' id='word_1_170' title='bbox 1283 1298 1366 1350; x_wconf 89' lang='lat' dir='ltr'>ipsa</span> <span class='ocrx_word' id='word_1_171' title='bbox 1387 1304 1538 1337; x_wconf 88' lang='lat' dir='ltr'>tecum:</span> 
     </span>
    </p>

    <p class='ocr_par' dir='ltr' id='par_1_4' title="bbox 127 1353 1612 1633">
     <span class='ocr_line' id='line_1_21' title="bbox 243 1353 1612 1408; baseline 0 -15"><span class='ocrx_word' id='word_1_172' title='bbox 243 1353 372 1403; x_wconf 90' lang='lat' dir='ltr'>Tune,</span> <span class='ocrx_word' id='word_1_173' title='bbox 398 1367 513 1406; x_wconf 89' lang='lat' dir='ltr'>quum</span> <span class='ocrx_word' id='word_1_174' title='bbox 537 1368 681 1407; x_wconf 90' lang='lat' dir='ltr'>pueros</span> <span class='ocrx_word' id='word_1_175' title='bbox 693 1355 1007 1405; x_wconf 83' lang='lat' dir='ltr'>Lacedaemone,</span> <span class='ocrx_word' id='word_1_176' title='bbox 1032 1355 1301 1395; x_wconf 85' lang='lat' dir='ltr'>adolescentes</span> <span class='ocrx_word' id='word_1_177' title='bbox 1316 1353 1533 1408; x_wconf 79' lang='lat' dir='ltr'>Olympiae,</span> <span class='ocrx_word' id='word_1_178' title='bbox 1552 1353 1612 1398; x_wconf 76' lang='grc'>20</span> 
     </span>
     <span class='ocr_line' id='line_1_22' title="bbox 127 1408 1607 1465; baseline 0 -16"><span class='ocrx_word' id='word_1_179' title='bbox 127 1408 316 1451; x_wconf 87' lang='lat' dir='ltr'>barbaros</span> <span class='ocrx_word' id='word_1_180' title='bbox 337 1410 378 1450; x_wconf 90' lang='lat' dir='ltr'>in</span> <span class='ocrx_word' id='word_1_181' title='bbox 400 1422 523 1450; x_wconf 87' lang='lat' dir='ltr'>arena</span> <span class='ocrx_word' id='word_1_182' title='bbox 544 1409 693 1451; x_wconf 91' lang='lat' dir='ltr'>videris</span> <span class='ocrx_word' id='word_1_183' title='bbox 717 1412 960 1465; x_wconf 79' lang='lat' dir='ltr'>excipientes</span> <span class='ocrx_word' id='word_1_184' title='bbox 985 1412 1240 1465; x_wconf 84' lang='lat' dir='ltr'>gravissimas</span> <span class='ocrx_word' id='word_1_185' title='bbox 1272 1411 1406 1464; x_wconf 82' lang='lat' dir='ltr'>plagas</span> <span class='ocrx_word' id='word_1_186' title='bbox 1429 1418 1468 1450; x_wconf 91' lang='lat' dir='ltr'>et</span> <span class='ocrx_word' id='word_1_187' title='bbox 1488 1412 1542 1450; x_wconf 84' lang='lat' dir='ltr'>fe·</span> <span class='ocrx_word' id='word_1_188' title='bbox 1565 1418 1607 1449; x_wconf 86' lang='grc'>46</span> 
     </span>
     <span class='ocr_line' id='line_1_23' title="bbox 127 1465 1542 1521; baseline 0.001 -16"><span class='ocrx_word' id='word_1_189' title='bbox 127 1474 260 1507; x_wconf 89' lang='lat' dir='ltr'>rentes</span> <span class='ocrx_word' id='word_1_190' title='bbox 283 1465 455 1515; x_wconf 90' lang='lat' dir='ltr'>silentio,</span> <span class='ocrx_word' id='word_1_191' title='bbox 482 1466 515 1507; x_wconf 91' lang='lat' dir='ltr'>si</span> <span class='ocrx_word' id='word_1_192' title='bbox 538 1474 575 1507; x_wconf 89' lang='lat' dir='ltr'>te</span> <span class='ocrx_word' id='word_1_193' title='bbox 597 1469 699 1508; x_wconf 89' lang='lat' dir='ltr'>forte</span> <span class='ocrx_word' id='word_1_194' title='bbox 723 1468 834 1508; x_wconf 89' lang='lat' dir='ltr'>dolor</span> <span class='ocrx_word' id='word_1_195' title='bbox 857 1468 999 1521; x_wconf 88' lang='lat' dir='ltr'>aliquis</span> <span class='ocrx_word' id='word_1_196' title='bbox 1022 1468 1273 1521; x_wconf 82' lang='lat' dir='ltr'>pervellerit,</span> <span class='ocrx_word' id='word_1_197' title='bbox 1301 1467 1542 1507; x_wconf 80' lang='lat' dir='ltr'>exclamabis</span> 
     </span>
     <span class='ocr_line' id='line_1_24' title="bbox 128 1523 1539 1577; baseline 0.001 -15"><span class='ocrx_word' id='word_1_198' title='bbox 128 1530 170 1562; x_wconf 87' lang='lat' dir='ltr'>ut</span> <span class='ocrx_word' id='word_1_199' title='bbox 191 1523 355 1563; x_wconf 86' lang='lat' dir='ltr'>mulier?</span> <span class='ocrx_word' id='word_1_200' title='bbox 376 1537 454 1562; x_wconf 91' lang='lat' dir='ltr'>non</span> <span class='ocrx_word' id='word_1_201' title='bbox 473 1531 702 1564; x_wconf 86' lang='lat' dir='ltr'>constanter</span> <span class='ocrx_word' id='word_1_202' title='bbox 724 1532 762 1564; x_wconf 86' lang='lat' dir='ltr'>et</span> <span class='ocrx_word' id='word_1_203' title='bbox 783 1525 917 1565; x_wconf 83' lang='lat' dir='ltr'>sedate</span> <span class='ocrx_word' id='word_1_204' title='bbox 934 1525 1064 1564; x_wconf 82' lang='lat' dir='ltr'>feres?</span> <span class='ocrx_word' id='word_1_205' title='bbox 1082 1548 1132 1553; x_wconf 86' lang='lat'>—-</span> <span class='ocrx_word' id='word_1_206' title='bbox 1157 1523 1264 1563; x_wconf 88' lang='lat' dir='ltr'>Fieri</span> <span class='ocrx_word' id='word_1_207' title='bbox 1287 1538 1365 1563; x_wconf 92' lang='lat' dir='ltr'>non</span> <span class='ocrx_word' id='word_1_208' title='bbox 1389 1530 1539 1577; x_wconf 70' lang='lat' dir='ltr'>potest,</span> 
     </span>
     <span class='ocr_line' id='line_1_25' title="bbox 128 1580 1543 1633; baseline 0.001 -15"><span class='ocrx_word' id='word_1_209' title='bbox 128 1586 270 1620; x_wconf 83' lang='lat' dir='ltr'>natura</span> <span class='ocrx_word' id='word_1_210' title='bbox 287 1593 366 1619; x_wconf 90' lang='lat' dir='ltr'>non</span> <span class='ocrx_word' id='word_1_211' title='bbox 387 1580 546 1632; x_wconf 86' lang='lat' dir='ltr'>patitur.</span> <span class='ocrx_word' id='word_1_212' title='bbox 568 1604 621 1610; x_wconf 94' lang='lat'>-—</span> <span class='ocrx_word' id='word_1_213' title='bbox 643 1581 787 1620; x_wconf 87' lang='lat' dir='ltr'>Audio.</span> <span class='ocrx_word' id='word_1_214' title='bbox 822 1581 939 1620; x_wconf 87' lang='lat' dir='ltr'>Pueri</span> <span class='ocrx_word' id='word_1_215' title='bbox 962 1581 1092 1620; x_wconf 84' lang='lat' dir='ltr'>ferunt</span> <span class='ocrx_word' id='word_1_216' title='bbox 1115 1581 1240 1633; x_wconf 85' lang='lat' dir='ltr'>gloria</span> <span class='ocrx_word' id='word_1_217' title='bbox 1260 1580 1386 1630; x_wconf 73' lang='lat' dir='ltr'>ducti,</span> <span class='ocrx_word' id='word_1_218' title='bbox 1412 1581 1543 1620; x_wconf 87' lang='lat' dir='ltr'>ferunt</span> 
     </span>
    </p>
   </div>
   <div class='ocr_carea' id='block_1_3' title="bbox 129 1697 802 1827">
    <p class='ocr_par' dir='ltr' id='par_1_5' title="bbox 129 1697 802 1827">
     <span class='ocr_line' id='line_1_26' title="bbox 175 1697 802 1738; baseline 0.003 -11"><span class='ocrx_word' id='word_1_219' title='bbox 175 1697 231 1727; x_wconf 73' lang='lat'>45.</span> <span class='ocrx_word' id='word_1_220' title='bbox 266 1700 370 1728; x_wconf 71' lang='lat' dir='ltr'>catus</span> <span class='ocrx_word' id='word_1_221' title='bbox 397 1697 585 1738; x_wconf 70' lang='lat' dir='ltr'>„schlau“,</span> <span class='ocrx_word' id='word_1_222' title='bbox 621 1708 715 1729; x_wconf 81' lang='lat' dir='ltr'>zwar</span> <span class='ocrx_word' id='word_1_223' title='bbox 740 1708 802 1729; x_wconf 89' lang='lat' dir='ltr'>nur</span> 
     </span>
     <span class='ocr_line' id='line_1_27' title="bbox 129 1741 802 1784; baseline 0.003 -11"><span class='ocrx_word' id='word_1_224' title='bbox 129 1743 161 1773; x_wconf 86' lang='lat' dir='ltr'>in</span> <span class='ocrx_word' id='word_1_225' title='bbox 179 1741 330 1782; x_wconf 85' lang='lat' dir='ltr'>wenigen</span> <span class='ocrx_word' id='word_1_226' title='bbox 350 1742 447 1774; x_wconf 86' lang='lat' dir='ltr'>codd.</span> <span class='ocrx_word' id='word_1_227' title='bbox 465 1742 519 1774; x_wconf 83' lang='lat' dir='ltr'>fiir</span> <span class='ocrx_word' id='word_1_228' title='bbox 536 1743 588 1775; x_wconf 88' lang='lat' dir='ltr'>die</span> <span class='ocrx_word' id='word_1_229' title='bbox 600 1742 698 1784; x_wconf 85' lang='lat' dir='ltr'>Vulg.</span> <span class='ocrx_word' id='word_1_230' title='bbox 720 1754 802 1775; x_wconf 80' lang='lat' dir='ltr'>eau-</span> 
     </span>
     <span class='ocr_line' id='line_1_28' title="bbox 130 1788 800 1827; baseline 0.003 -9"><span class='ocrx_word' id='word_1_231' title='bbox 130 1791 209 1827; x_wconf 78' lang='lat' dir='ltr'>tus,</span> <span class='ocrx_word' id='word_1_232' title='bbox 245 1788 303 1818; x_wconf 87' lang='lat' dir='ltr'>hat</span> <span class='ocrx_word' id='word_1_233' title='bbox 334 1788 415 1819; x_wconf 85' lang='lat' dir='ltr'>aber</span> <span class='ocrx_word' id='word_1_234' title='bbox 450 1788 508 1819; x_wconf 88' lang='lat' dir='ltr'>das</span> <span class='ocrx_word' id='word_1_235' title='bbox 542 1789 800 1820; x_wconf 80' lang='lat' dir='ltr'>ausdriickliche</span> 
     </span>
    </p>
   </div>
   <div class='ocr_carea' id='block_1_4' title="bbox 871 1698 1546 1831">
    <p class='ocr_par' dir='ltr' id='par_1_6' title="bbox 871 1698 1546 1831">
     <span class='ocr_line' id='line_1_29' title="bbox 871 1698 1543 1740; baseline -0.001 -10"><span class='ocrx_word' id='word_1_236' title='bbox 871 1699 984 1740; x_wconf 87' lang='lat' dir='ltr'>Spitze</span> <span class='ocrx_word' id='word_1_237' title='bbox 1002 1699 1194 1739; x_wconf 84' lang='lat' dir='ltr'>unwilliger</span> <span class='ocrx_word' id='word_1_238' title='bbox 1207 1698 1351 1740; x_wconf 87' lang='lat' dir='ltr'>Fragen.</span> <span class='ocrx_word' id='word_1_239' title='bbox 1377 1698 1480 1730; x_wconf 87' lang='lat' dir='ltr'>Acad.</span> <span class='ocrx_word' id='word_1_240' title='bbox 1502 1698 1543 1729; x_wconf 91' lang='grc' dir='ltr'>ΙΙ.</span> 
     </span>
     <span class='ocr_line' id='line_1_30' title="bbox 873 1744 1545 1785; baseline -0.003 -9"><span class='ocrx_word' id='word_1_241' title='bbox 873 1745 927 1784; x_wconf 79' lang='lat'>19,</span> <span class='ocrx_word' id='word_1_242' title='bbox 944 1745 981 1776; x_wconf 83' lang='lat'>61</span> <span class='ocrx_word' id='word_1_243' title='bbox 1001 1756 1007 1776; x_wconf 93' lang='lat'><strong>:</strong></span> <span class='ocrx_word' id='word_1_244' title='bbox 1039 1744 1144 1785; x_wconf 68' lang='lat' dir='ltr'>Tune,</span> <span class='ocrx_word' id='word_1_245' title='bbox 1167 1755 1272 1785; x_wconf 75' lang='lat' dir='ltr'>quum</span> <span class='ocrx_word' id='word_1_246' title='bbox 1296 1746 1410 1775; x_wconf 75' lang='lat' dir='ltr'>tantis</span> <span class='ocrx_word' id='word_1_247' title='bbox 1430 1744 1545 1775; x_wconf 75' lang='lat' dir='ltr'>laudi—</span> 
     </span>
     <span class='ocr_line' id='line_1_31' title="bbox 873 1790 1546 1831; baseline 0 -11"><span class='ocrx_word' id='word_1_248' title='bbox 873 1791 934 1821; x_wconf 72' lang='lat' dir='ltr'>bus</span> <span class='ocrx_word' id='word_1_249' title='bbox 970 1790 1237 1831; x_wconf 73' lang='lat' dir='ltr'>philosophiam</span> <span class='ocrx_word' id='word_1_250' title='bbox 1273 1790 1465 1829; x_wconf 71' lang='lat' dir='ltr'>eoetuleris,</span> <span class='ocrx_word' id='word_1_251' title='bbox 1500 1807 1546 1812; x_wconf 90' lang='lat'>—</span> 
     </span>
    </p>
   </div>
   <div class='ocr_carea' id='block_1_5' title="bbox 0 2016 4 2569">
    <p class='ocr_par' dir='ltr' id='par_1_7' title="bbox 0 2016 4 2569">
     <span class='ocr_line' id='line_1_32' title="bbox 0 2016 4 2569; baseline 0 0"><span class='ocrx_word' id='word_1_252' title='bbox 0 2016 4 2569; x_wconf 95' lang='lat' dir='ltr'> </span> 
     </span>
    </p>
   </div>
   <div class='ocr_carea' id='block_1_6' title="bbox 0 525 15 2069">
    <p class='ocr_par' dir='ltr' id='par_1_8' title="bbox 0 525 15 2069">
     <span class='ocr_line' id='line_1_33' title="bbox 0 525 15 2069; baseline 0 0"><span class='ocrx_word' id='word_1_253' title='bbox 0 525 15 2069; x_wconf 95' lang='lat' dir='ltr'> </span> 
     </span>
    </p>
   </div>
   <div class='ocr_carea' id='block_1_7' title="bbox 125 1832 804 2637">
    <p class='ocr_par' dir='ltr' id='par_1_9' title="bbox 125 1832 802 2147">
     <span class='ocr_line' id='line_1_34' title="bbox 129 1832 798 1875; baseline 0.001 -11"><span class='ocrx_word' id='word_1_254' title='bbox 129 1832 294 1873; x_wconf 87' lang='lat' dir='ltr'>Zeugniss</span> <span class='ocrx_word' id='word_1_255' title='bbox 332 1833 389 1865; x_wconf 90' lang='lat' dir='ltr'>des</span> <span class='ocrx_word' id='word_1_256' title='bbox 424 1832 551 1865; x_wconf 86' lang='lat' dir='ltr'>Nonius</span> <span class='ocrx_word' id='word_1_257' title='bbox 590 1832 638 1875; x_wconf 89' lang='lat' dir='ltr'>(p.</span> <span class='ocrx_word' id='word_1_258' title='bbox 668 1834 710 1865; x_wconf 80' lang='lat'>92</span> <span class='ocrx_word' id='word_1_259' title='bbox 745 1834 798 1865; x_wconf 86' lang='lat' dir='ltr'>ed.</span> 
     </span>
     <span class='ocr_line' id='line_1_35' title="bbox 128 1877 801 1920; baseline 0.001 -11"><span class='ocrx_word' id='word_1_260' title='bbox 128 1877 252 1920; x_wconf 80' lang='lat' dir='ltr'>Mero.)</span> <span class='ocrx_word' id='word_1_261' title='bbox 279 1877 333 1909; x_wconf 85' lang='lat' dir='ltr'>fiir</span> <span class='ocrx_word' id='word_1_262' title='bbox 357 1878 441 1910; x_wconf 88' lang='lat' dir='ltr'>sich.</span> <span class='ocrx_word' id='word_1_263' title='bbox 489 1878 589 1909; x_wconf 86' lang='lat' dir='ltr'>Sonst</span> <span class='ocrx_word' id='word_1_264' title='bbox 614 1879 801 1919; x_wconf 83' lang='lat' dir='ltr'>gebraucht</span> 
     </span>
     <span class='ocr_line' id='line_1_36' title="bbox 128 1923 801 1956; baseline -0.001 0"><span class='ocrx_word' id='word_1_265' title='bbox 128 1923 246 1956; x_wconf 87' lang='lat' dir='ltr'>Cicero</span> <span class='ocrx_word' id='word_1_266' title='bbox 267 1923 336 1954; x_wconf 86' lang='lat' dir='ltr'>dies</span> <span class='ocrx_word' id='word_1_267' title='bbox 354 1924 521 1955; x_wconf 84' lang='lat' dir='ltr'>veraltete</span> <span class='ocrx_word' id='word_1_268' title='bbox 541 1923 642 1955; x_wconf 77' lang='lat' dir='ltr'>W’ort</span> <span class='ocrx_word' id='word_1_269' title='bbox 668 1924 801 1956; x_wconf 83' lang='lat' dir='ltr'>sreilich</span> 
     </span>
     <span class='ocr_line' id='line_1_37' title="bbox 128 1968 800 2010; baseline 0.001 -10"><span class='ocrx_word' id='word_1_270' title='bbox 128 1980 191 2001; x_wconf 88' lang='lat' dir='ltr'>nur</span> <span class='ocrx_word' id='word_1_271' title='bbox 213 1969 274 2000; x_wconf 90' lang='lat' dir='ltr'>mit</span> <span class='ocrx_word' id='word_1_272' title='bbox 300 1968 614 2010; x_wconf 81' lang='lat' dir='ltr'>Entschuldigung,</span> <span class='ocrx_word' id='word_1_273' title='bbox 643 1981 672 2001; x_wconf 90' lang='lat' dir='ltr'>z.</span> <span class='ocrx_word' id='word_1_274' title='bbox 694 1970 731 2001; x_wconf 84' lang='grc' dir='ltr'>Β.</span> <span class='ocrx_word' id='word_1_275' title='bbox 761 1970 800 2001; x_wconf 87' lang='lat' dir='ltr'>de</span> 
     </span>
     <span class='ocr_line' id='line_1_38' title="bbox 125 2014 800 2056; baseline 0 -9"><span class='ocrx_word' id='word_1_276' title='bbox 125 2015 193 2056; x_wconf 80' lang='lat' dir='ltr'>leg.</span> <span class='ocrx_word' id='word_1_277' title='bbox 215 2014 240 2045; x_wconf 93' lang='lat' dir='ltr'>l.</span> <span class='ocrx_word' id='word_1_278' title='bbox 264 2015 317 2055; x_wconf 88' lang='grc'>16,</span> <span class='ocrx_word' id='word_1_279' title='bbox 338 2015 381 2045; x_wconf 77' lang='grc'>45</span> <span class='ocrx_word' id='word_1_280' title='bbox 407 2019 451 2046; x_wconf 71' lang='lat' dir='ltr'>ut</span> <span class='ocrx_word' id='word_1_281' title='bbox 473 2017 525 2047; x_wconf 78' lang='lat' dir='ltr'>ita</span> <span class='ocrx_word' id='word_1_282' title='bbox 552 2016 687 2055; x_wconf 75' lang='lat' dir='ltr'>dicam,</span> <span class='ocrx_word' id='word_1_283' title='bbox 716 2015 800 2047; x_wconf 90' lang='lat' dir='ltr'>doch</span> 
     </span>
     <span class='ocr_line' id='line_1_39' title="bbox 127 2059 802 2102; baseline 0.001 -11"><span class='ocrx_word' id='word_1_284' title='bbox 127 2059 171 2091; x_wconf 90' lang='lat' dir='ltr'>ist</span> <span class='ocrx_word' id='word_1_285' title='bbox 197 2070 235 2091; x_wconf 90' lang='lat' dir='ltr'>er</span> <span class='ocrx_word' id='word_1_286' title='bbox 260 2060 292 2091; x_wconf 89' lang='lat' dir='ltr'>in</span> <span class='ocrx_word' id='word_1_287' title='bbox 320 2060 533 2101; x_wconf 84' lang='lat' dir='ltr'>dergleichen</span> <span class='ocrx_word' id='word_1_288' title='bbox 551 2060 682 2102; x_wconf 81' lang='lat' dir='ltr'>Dingen</span> <span class='ocrx_word' id='word_1_289' title='bbox 710 2061 802 2093; x_wconf 85' lang='lat' dir='ltr'>nicht</span> 
     </span>
     <span class='ocr_line' id='line_1_40' title="bbox 128 2110 346 2147; baseline 0 -10"><span class='ocrx_word' id='word_1_290' title='bbox 128 2110 346 2147; x_wconf 85' lang='lat' dir='ltr'>consequent.</span> 
     </span>
    </p>

    <p class='ocr_par' dir='ltr' id='par_1_10' title="bbox 129 2152 801 2329">
     <span class='ocr_line' id='line_1_41' title="bbox 174 2152 801 2193; baseline 0.003 -11"><span class='ocrx_word' id='word_1_291' title='bbox 174 2153 334 2193; x_wconf 80' lang='lat' dir='ltr'>quamvis</span> <span class='ocrx_word' id='word_1_292' title='bbox 354 2168 393 2173; x_wconf 89' lang='lat'>—-</span> <span class='ocrx_word' id='word_1_293' title='bbox 409 2152 599 2192; x_wconf 76' lang='lat' dir='ltr'>praebeat,</span> <span class='ocrx_word' id='word_1_294' title='bbox 632 2153 664 2183; x_wconf 86' lang='lat' dir='ltr'>in</span> <span class='ocrx_word' id='word_1_295' title='bbox 693 2152 801 2185; x_wconf 78' lang='lat' dir='ltr'>ciuem</span> 
     </span>
     <span class='ocr_line' id='line_1_42' title="bbox 129 2195 800 2237; baseline 0.003 -10"><span class='ocrx_word' id='word_1_296' title='bbox 129 2195 241 2227; x_wconf 80' lang='lat' dir='ltr'>Briefe</span> <span class='ocrx_word' id='word_1_297' title='bbox 259 2206 301 2228; x_wconf 85' lang='lat' dir='ltr'>an</span> <span class='ocrx_word' id='word_1_298' title='bbox 320 2195 562 2237; x_wconf 86' lang='lat' dir='ltr'>Hermarchus,</span> <span class='ocrx_word' id='word_1_299' title='bbox 598 2198 660 2229; x_wconf 89' lang='lat' dir='ltr'>den</span> <span class='ocrx_word' id='word_1_300' title='bbox 680 2197 800 2229; x_wconf 88' lang='lat' dir='ltr'>Cicero</span> 
     </span>
     <span class='ocr_line' id='line_1_43' title="bbox 129 2240 799 2283; baseline 0.004 -11"><span class='ocrx_word' id='word_1_301' title='bbox 129 2241 168 2273; x_wconf 88' lang='lat' dir='ltr'>de</span> <span class='ocrx_word' id='word_1_302' title='bbox 186 2241 244 2272; x_wconf 88' lang='lat' dir='ltr'>fin.</span> <span class='ocrx_word' id='word_1_303' title='bbox 263 2241 304 2273; x_wconf 92' lang='lat'>11.</span> <span class='ocrx_word' id='word_1_304' title='bbox 323 2241 365 2273; x_wconf 88' lang='lat'>30</span> <span class='ocrx_word' id='word_1_305' title='bbox 383 2240 486 2283; x_wconf 85' lang='lat' dir='ltr'>(nach</span> <span class='ocrx_word' id='word_1_306' title='bbox 504 2242 602 2282; x_wconf 83' lang='lat' dir='ltr'>Diog.</span> <span class='ocrx_word' id='word_1_307' title='bbox 619 2242 733 2275; x_wconf 85' lang='lat' dir='ltr'>Laert.</span> <span class='ocrx_word' id='word_1_308' title='bbox 752 2243 799 2276; x_wconf 91' lang='lat' dir='ltr'>X.</span> 
     </span>
     <span class='ocr_line' id='line_1_44' title="bbox 129 2286 629 2329; baseline 0.004 -12"><span class='ocrx_word' id='word_1_309' title='bbox 129 2286 189 2329; x_wconf 85' lang='lat'>22)</span> <span class='ocrx_word' id='word_1_310' title='bbox 206 2286 368 2319; x_wconf 85' lang='lat' dir='ltr'>mittheilt</span> <span class='ocrx_word' id='word_1_311' title='bbox 385 2287 450 2318; x_wconf 91' lang='lat' dir='ltr'>und</span> <span class='ocrx_word' id='word_1_312' title='bbox 470 2287 629 2319; x_wconf 85' lang='lat' dir='ltr'>kritisirt.</span> 
     </span>
    </p>

    <p class='ocr_par' dir='ltr' id='par_1_11' title="bbox 128 2332 804 2545">
     <span class='ocr_line' id='line_1_45' title="bbox 164 2332 804 2375; baseline 0.005 -12"><span class='ocrx_word' id='word_1_313' title='bbox 164 2332 388 2374; x_wconf 68' lang='lat' dir='ltr'>forticulae,</span> <span class='ocrx_word' id='word_1_314' title='bbox 416 2343 481 2363; x_wconf 90' lang='lat' dir='ltr'>von</span> <span class='ocrx_word' id='word_1_315' title='bbox 510 2332 628 2364; x_wconf 89' lang='lat' dir='ltr'>Cicero</span> <span class='ocrx_word' id='word_1_316' title='bbox 655 2344 719 2365; x_wconf 90' lang='lat' dir='ltr'>neu</span> <span class='ocrx_word' id='word_1_317' title='bbox 746 2344 804 2375; x_wconf 81' lang='lat' dir='ltr'>ge-</span> 
     </span>
     <span class='ocr_line' id='line_1_46' title="bbox 128 2377 800 2419; baseline 0.004 -11"><span class='ocrx_word' id='word_1_318' title='bbox 128 2377 255 2418; x_wconf 70' lang='lat' dir='ltr'>hildetg</span> <span class='ocrx_word' id='word_1_319' title='bbox 274 2378 342 2418; x_wconf 86' lang='lat' dir='ltr'>vgl.</span> <span class='ocrx_word' id='word_1_320' title='bbox 360 2377 417 2410; x_wconf 83' lang='grc' dir='ltr'><strong>ΙΙΙ.</strong></span> <span class='ocrx_word' id='word_1_321' title='bbox 436 2378 491 2419; x_wconf 87' lang='grc'>17,</span> <span class='ocrx_word' id='word_1_322' title='bbox 507 2378 549 2410; x_wconf 81' lang='grc'>38</span> <span class='ocrx_word' id='word_1_323' title='bbox 570 2379 748 2411; x_wconf 68' lang='lat' dir='ltr'>acriculus</span> <span class='ocrx_word' id='word_1_324' title='bbox 767 2391 800 2412; x_wconf 92' lang='lat' dir='ltr'>u.</span> 
     </span>
     <span class='ocr_line' id='line_1_47' title="bbox 131 2423 802 2465; baseline 0.003 -11"><span class='ocrx_word' id='word_1_325' title='bbox 131 2423 191 2463; x_wconf 83' lang='lat'>19,</span> <span class='ocrx_word' id='word_1_326' title='bbox 211 2423 254 2454; x_wconf 75' lang='lat'>46</span> <span class='ocrx_word' id='word_1_327' title='bbox 281 2423 492 2456; x_wconf 72' lang='lat' dir='ltr'>dulciculus.</span> <span class='ocrx_word' id='word_1_328' title='bbox 545 2423 705 2465; x_wconf 70' lang='lat' dir='ltr'>H&#39;ziufiger</span> <span class='ocrx_word' id='word_1_329' title='bbox 729 2425 802 2457; x_wconf 90' lang='lat' dir='ltr'>sind</span> 
     </span>
     <span class='ocr_line' id='line_1_48' title="bbox 131 2468 802 2509; baseline 0.004 -10"><span class='ocrx_word' id='word_1_330' title='bbox 131 2468 342 2509; x_wconf 83' lang='lat' dir='ltr'>dergleichen</span> <span class='ocrx_word' id='word_1_331' title='bbox 354 2468 570 2501; x_wconf 85' lang='lat' dir='ltr'>Deminutiva</span> <span class='ocrx_word' id='word_1_332' title='bbox 588 2470 640 2501; x_wconf 90' lang='lat' dir='ltr'>bei</span> <span class='ocrx_word' id='word_1_333' title='bbox 660 2470 722 2501; x_wconf 87' lang='lat' dir='ltr'>den</span> <span class='ocrx_word' id='word_1_334' title='bbox 737 2469 802 2502; x_wconf 78' lang='lat' dir='ltr'>Ho-</span> 
     </span>
     <span class='ocr_line' id='line_1_49' title="bbox 131 2512 272 2545; baseline 0.007 -1"><span class='ocrx_word' id='word_1_335' title='bbox 131 2512 272 2545; x_wconf 69' lang='lat' dir='ltr'>mikerm</span> 
     </span>
    </p>

    <p class='ocr_par' dir='ltr' id='par_1_12' title="bbox 178 2558 654 2599">
     <span class='ocr_line' id='line_1_50' title="bbox 178 2558 654 2599; baseline 0.006 -11"><span class='ocrx_word' id='word_1_336' title='bbox 178 2558 221 2589; x_wconf 84' lang='lat' dir='ltr'>ab</span> <span class='ocrx_word' id='word_1_337' title='bbox 238 2560 294 2599; x_wconf 73' lang='lat' dir='ltr'>iis,</span> <span class='ocrx_word' id='word_1_338' title='bbox 315 2568 380 2591; x_wconf 88' lang='lat' dir='ltr'>von</span> <span class='ocrx_word' id='word_1_339' title='bbox 402 2558 465 2591; x_wconf 89' lang='lat' dir='ltr'>den</span> <span class='ocrx_word' id='word_1_340' title='bbox 484 2558 654 2592; x_wconf 88' lang='lat' dir='ltr'>Stoikern.</span> 
     </span>
    </p>

    <p class='ocr_par' dir='ltr' id='par_1_13' title="bbox 177 2599 803 2637">
     <span class='ocr_line' id='line_1_51' title="bbox 177 2599 803 2637; baseline 0 0"><span class='ocrx_word' id='word_1_341' title='bbox 177 2599 246 2637; x_wconf 69' lang='grc'>20.</span> <span class='ocrx_word' id='word_1_342' title='bbox 275 2604 330 2635; x_wconf 84' lang='grc'>46.</span> <span class='ocrx_word' id='word_1_343' title='bbox 361 2603 456 2637; x_wconf 76' lang='lat' dir='ltr'>Tune</span> <span class='ocrx_word' id='word_1_344' title='bbox 474 2605 563 2636; x_wconf 86' lang='lat' dir='ltr'>steht</span> <span class='ocrx_word' id='word_1_345' title='bbox 583 2605 671 2637; x_wconf 81' lang='lat' dir='ltr'>‘o&#39;fter</span> <span class='ocrx_word' id='word_1_346' title='bbox 685 2615 725 2637; x_wconf 88' lang='lat' dir='ltr'>an</span> <span class='ocrx_word' id='word_1_347' title='bbox 745 2606 803 2637; x_wconf 90' lang='lat' dir='ltr'>der</span> 
     </span>
    </p>
   </div>
   <div class='ocr_carea' id='block_1_8' title="bbox 861 1835 1547 2647">
    <p class='ocr_par' dir='ltr' id='par_1_14' title="bbox 869 1835 1547 1967">
     <span class='ocr_line' id='line_1_52' title="bbox 872 1835 1547 1876; baseline -0.001 -10"><span class='ocrx_word' id='word_1_348' title='bbox 872 1845 948 1866; x_wconf 78' lang='lat' dir='ltr'>eam</span> <span class='ocrx_word' id='word_1_349' title='bbox 969 1835 1238 1876; x_wconf 72' lang='lat' dir='ltr'>philosophiam</span> <span class='ocrx_word' id='word_1_350' title='bbox 1261 1845 1425 1876; x_wconf 77' lang='lat' dir='ltr'>sequere,</span> <span class='ocrx_word' id='word_1_351' title='bbox 1456 1845 1547 1876; x_wconf 76' lang='lat' dir='ltr'>quae</span> 
     </span>
     <span class='ocr_line' id='line_1_53' title="bbox 872 1879 1543 1921; baseline 0 -10"><span class='ocrx_word' id='word_1_352' title='bbox 872 1880 1062 1921; x_wconf 76' lang='lat' dir='ltr'>confundit</span> <span class='ocrx_word' id='word_1_353' title='bbox 1090 1890 1171 1911; x_wconf 76' lang='lat' dir='ltr'>vera</span> <span class='ocrx_word' id='word_1_354' title='bbox 1199 1891 1276 1911; x_wconf 77' lang='lat' dir='ltr'>cum</span> <span class='ocrx_word' id='word_1_355' title='bbox 1293 1880 1435 1921; x_wconf 75' lang='lat' dir='ltr'>false&#39;s?</span> <span class='ocrx_word' id='word_1_356' title='bbox 1465 1879 1543 1920; x_wconf 77' lang='lat' dir='ltr'>vgt.</span> 
     </span>
     <span class='ocr_line' id='line_1_54' title="bbox 869 1925 1138 1967; baseline -0.007 -9"><span class='ocrx_word' id='word_1_357' title='bbox 869 1926 990 1967; x_wconf 77' lang='lat' dir='ltr'>Egone</span> <span class='ocrx_word' id='word_1_358' title='bbox 1011 1925 1064 1965; x_wconf 77' lang='lat'>18,</span> <span class='ocrx_word' id='word_1_359' title='bbox 1084 1925 1138 1956; x_wconf 68' lang='lat'>42.</span> 
     </span>
    </p>

    <p class='ocr_par' dir='ltr' id='par_1_15' title="bbox 875 1970 1544 2059">
     <span class='ocr_line' id='line_1_55' title="bbox 915 1970 1544 2012; baseline -0.002 -9"><span class='ocrx_word' id='word_1_360' title='bbox 915 1981 1046 2012; x_wconf 76' lang='lat' dir='ltr'>pueros</span> <span class='ocrx_word' id='word_1_361' title='bbox 1055 1970 1197 2011; x_wconf 61' lang='lat' dir='ltr'>Laced„</span> <span class='ocrx_word' id='word_1_362' title='bbox 1212 1971 1308 2011; x_wconf 76' lang='lat' dir='ltr'>s.14,</span> <span class='ocrx_word' id='word_1_363' title='bbox 1323 1971 1377 2011; x_wconf 73' lang='lat'>343</span> <span class='ocrx_word' id='word_1_364' title='bbox 1390 1970 1544 2002; x_wconf 78' lang='lat' dir='ltr'>aclolese.</span> 
     </span>
     <span class='ocr_line' id='line_1_56' title="bbox 875 2016 1498 2059; baseline -0.003 -10"><span class='ocrx_word' id='word_1_365' title='bbox 875 2017 1014 2059; x_wconf 70' lang='lat' dir='ltr'>Olymp.</span> <span class='ocrx_word' id='word_1_366' title='bbox 1037 2017 1090 2053; x_wconf 86' lang='lat'>17,</span> <span class='ocrx_word' id='word_1_367' title='bbox 1110 2017 1175 2058; x_wconf 71' lang='lat'>403</span> <span class='ocrx_word' id='word_1_368' title='bbox 1198 2017 1371 2048; x_wconf 80' lang='lat' dir='ltr'>barbaros</span> <span class='ocrx_word' id='word_1_369' title='bbox 1390 2016 1419 2058; x_wconf 83' lang='lat'>§.</span> <span class='ocrx_word' id='word_1_370' title='bbox 1442 2016 1498 2047; x_wconf 77' lang='lat'>41.</span> 
     </span>
    </p>

    <p class='ocr_par' dir='ltr' id='par_1_16' title="bbox 861 2061 1547 2330">
     <span class='ocr_line' id='line_1_57' title="bbox 914 2061 1543 2104; baseline -0.003 -10"><span class='ocrx_word' id='word_1_371' title='bbox 914 2063 1131 2104; x_wconf 77' lang='lat' dir='ltr'>pervellerit.</span> <span class='ocrx_word' id='word_1_372' title='bbox 1192 2062 1269 2103; x_wconf 80' lang='lat' dir='ltr'>vgl.</span> <span class='ocrx_word' id='word_1_373' title='bbox 1307 2061 1365 2093; x_wconf 89' lang='lat' dir='ltr'>Ill.</span> <span class='ocrx_word' id='word_1_374' title='bbox 1396 2062 1450 2102; x_wconf 90' lang='lat'>17,</span> <span class='ocrx_word' id='word_1_375' title='bbox 1480 2061 1543 2092; x_wconf 77' lang='lat'>36:</span> 
     </span>
     <span class='ocr_line' id='line_1_58' title="bbox 861 2107 1545 2149; baseline -0.003 -10"><span class='ocrx_word' id='word_1_376' title='bbox 861 2108 1023 2149; x_wconf 72' lang='lat' dir='ltr'>fortuna</span> <span class='ocrx_word' id='word_1_377' title='bbox 1038 2108 1234 2149; x_wconf 76' lang='lat' dir='ltr'>percellere</span> <span class='ocrx_word' id='word_1_378' title='bbox 1255 2111 1288 2139; x_wconf 83' lang='lat' dir='ltr'>te</span> <span class='ocrx_word' id='word_1_379' title='bbox 1297 2107 1465 2148; x_wconf 76' lang='lat' dir='ltr'>forsitan</span> <span class='ocrx_word' id='word_1_380' title='bbox 1479 2117 1545 2148; x_wconf 80' lang='lat' dir='ltr'>po-</span> 
     </span>
     <span class='ocr_line' id='line_1_59' title="bbox 873 2154 1545 2195; baseline -0.001 -11"><span class='ocrx_word' id='word_1_381' title='bbox 873 2155 987 2184; x_wconf 74' lang='lat' dir='ltr'>tuerit</span> <span class='ocrx_word' id='word_1_382' title='bbox 1001 2157 1216 2195; x_wconf 75' lang='lat' dir='ltr'>elpzmgere,</span> <span class='ocrx_word' id='word_1_383' title='bbox 1233 2163 1300 2183; x_wconf 75' lang='lat' dir='ltr'>non</span> <span class='ocrx_word' id='word_1_384' title='bbox 1314 2154 1441 2193; x_wconf 72' lang='lat' dir='ltr'>potuit</span> <span class='ocrx_word' id='word_1_385' title='bbox 1452 2154 1545 2183; x_wconf 72' lang='lat' dir='ltr'>vires</span> 
     </span>
     <span class='ocr_line' id='line_1_60' title="bbox 861 2197 1546 2240; baseline -0.004 -10"><span class='ocrx_word' id='word_1_386' title='bbox 861 2199 1054 2240; x_wconf 77' lang='lat' dir='ltr'>frangere.</span> <span class='ocrx_word' id='word_1_387' title='bbox 1084 2197 1202 2229; x_wconf 87' lang='lat' dir='ltr'>Cicero</span> <span class='ocrx_word' id='word_1_388' title='bbox 1223 2197 1326 2228; x_wconf 72' lang='lat' dir='ltr'>w&#39;zihlt</span> <span class='ocrx_word' id='word_1_389' title='bbox 1346 2197 1546 2228; x_wconf 81' lang='lat' dir='ltr'>absichtlich</span> 
     </span>
     <span class='ocr_line' id='line_1_61' title="bbox 872 2242 1547 2284; baseline -0.001 -10"><span class='ocrx_word' id='word_1_390' title='bbox 872 2244 924 2275; x_wconf 88' lang='lat' dir='ltr'>ein</span> <span class='ocrx_word' id='word_1_391' title='bbox 944 2244 1132 2284; x_wconf 83' lang='lat' dir='ltr'>gelinderes</span> <span class='ocrx_word' id='word_1_392' title='bbox 1150 2242 1252 2275; x_wconf 82' lang='lat' dir='ltr'>Wort</span> <span class='ocrx_word' id='word_1_393' title='bbox 1277 2242 1332 2274; x_wconf 81' lang='lat' dir='ltr'>ffir</span> <span class='ocrx_word' id='word_1_394' title='bbox 1354 2243 1547 2284; x_wconf 78' lang='lat' dir='ltr'>percellere</span> 
     </span>
     <span class='ocr_line' id='line_1_62' title="bbox 872 2289 1046 2330; baseline 0.006 -10"><span class='ocrx_word' id='word_1_395' title='bbox 872 2290 954 2321; x_wconf 88' lang='lat' dir='ltr'>oder</span> <span class='ocrx_word' id='word_1_396' title='bbox 978 2289 1046 2330; x_wconf 84' lang='lat' dir='ltr'>dgl.</span> 
     </span>
    </p>

    <p class='ocr_par' dir='ltr' id='par_1_17' title="bbox 870 2333 1547 2647">
     <span class='ocr_line' id='line_1_63' title="bbox 915 2333 1544 2376; baseline -0.003 -10"><span class='ocrx_word' id='word_1_397' title='bbox 915 2334 1047 2376; x_wconf 78' lang='lat' dir='ltr'>gloria,</span> <span class='ocrx_word' id='word_1_398' title='bbox 1078 2334 1266 2376; x_wconf 82' lang='lat' dir='ltr'>subjectiv:</span> <span class='ocrx_word' id='word_1_399' title='bbox 1296 2334 1385 2374; x_wconf 89' lang='lat' dir='ltr'>„das</span> <span class='ocrx_word' id='word_1_400' title='bbox 1403 2333 1544 2365; x_wconf 72' lang='lat' dir='ltr'>Sti-eben</span> 
     </span>
     <span class='ocr_line' id='line_1_64' title="bbox 871 2378 1546 2420; baseline -0.003 -9"><span class='ocrx_word' id='word_1_401' title='bbox 871 2380 957 2411; x_wconf 85' lang='lat' dir='ltr'>nach</span> <span class='ocrx_word' id='word_1_402' title='bbox 977 2379 1094 2420; x_wconf 87' lang='lat' dir='ltr'>Ruhm,</span> <span class='ocrx_word' id='word_1_403' title='bbox 1117 2380 1175 2411; x_wconf 86' lang='lat' dir='ltr'>der·</span> <span class='ocrx_word' id='word_1_404' title='bbox 1192 2379 1381 2420; x_wconf 83' lang='lat' dir='ltr'>Ehrgeiz“‚</span> <span class='ocrx_word' id='word_1_405' title='bbox 1401 2378 1465 2410; x_wconf 86' lang='lat' dir='ltr'>wie</span> <span class='ocrx_word' id='word_1_406' title='bbox 1485 2389 1546 2409; x_wconf 92' lang='lat' dir='ltr'>un-</span> 
     </span>
     <span class='ocr_line' id='line_1_65' title="bbox 871 2423 1544 2466; baseline -0.003 -10"><span class='ocrx_word' id='word_1_407' title='bbox 871 2430 928 2457; x_wconf 85' lang='lat' dir='ltr'>ten</span> <span class='ocrx_word' id='word_1_408' title='bbox 945 2426 999 2465; x_wconf 85' lang='lat'>27,</span> <span class='ocrx_word' id='word_1_409' title='bbox 1012 2426 1053 2458; x_wconf 79' lang='lat'>65</span> <span class='ocrx_word' id='word_1_410' title='bbox 1071 2425 1193 2457; x_wconf 67' lang='lat' dir='ltr'>studio</span> <span class='ocrx_word' id='word_1_411' title='bbox 1209 2425 1397 2466; x_wconf 73' lang='lat' dir='ltr'>etgloria,·</span> <span class='ocrx_word' id='word_1_412' title='bbox 1416 2435 1446 2466; x_wconf 89' lang='lat' dir='ltr'>p.</span> <span class='ocrx_word' id='word_1_413' title='bbox 1460 2423 1544 2454; x_wconf 83' lang='lat' dir='ltr'>Rah.</span> 
     </span>
     <span class='ocr_line' id='line_1_66' title="bbox 870 2470 1544 2510; baseline -0.004 -8"><span class='ocrx_word' id='word_1_414' title='bbox 870 2470 963 2503; x_wconf 88' lang='lat' dir='ltr'>Post.</span> <span class='ocrx_word' id='word_1_415' title='bbox 987 2472 1040 2510; x_wconf 74' lang='lat'>14,</span> <span class='ocrx_word' id='word_1_416' title='bbox 1062 2471 1124 2503; x_wconf 77' lang='lat'>38:</span> <span class='ocrx_word' id='word_1_417' title='bbox 1147 2473 1342 2502; x_wconf 72' lang='lat' dir='ltr'>ostentatio</span> <span class='ocrx_word' id='word_1_418' title='bbox 1362 2473 1396 2501; x_wconf 80' lang='lat' dir='ltr'>et</span> <span class='ocrx_word' id='word_1_419' title='bbox 1410 2470 1544 2510; x_wconf 79' lang='lat' dir='ltr'>gloria.</span> 
     </span>
     <span class='ocr_line' id='line_1_67' title="bbox 870 2513 1546 2556; baseline -0.004 -9"><span class='ocrx_word' id='word_1_420' title='bbox 870 2515 1034 2548; x_wconf 88' lang='lat' dir='ltr'>Aehnlich</span> <span class='ocrx_word' id='word_1_421' title='bbox 1100 2517 1206 2548; x_wconf 88' lang='lat' dir='ltr'>heisst</span> <span class='ocrx_word' id='word_1_422' title='bbox 1271 2516 1432 2556; x_wconf 76' lang='lat' dir='ltr'>officium</span> <span class='ocrx_word' id='word_1_423' title='bbox 1497 2513 1546 2544; x_wconf 85' lang='lat' dir='ltr'>oft</span> 
     </span>
     <span class='ocr_line' id='line_1_68' title="bbox 873 2558 1547 2603; baseline -0.004 -10"><span class='ocrx_word' id='word_1_424' title='bbox 873 2561 1182 2603; x_wconf 80' lang='lat' dir='ltr'>„Pssichtgefiihl“,</span> <span class='ocrx_word' id='word_1_425' title='bbox 1225 2563 1359 2592; x_wconf 71' lang='lat' dir='ltr'>veritas</span> <span class='ocrx_word' id='word_1_426' title='bbox 1395 2558 1547 2601; x_wconf 86' lang='lat' dir='ltr'>„Wahr-</span> 
     </span>
     <span class='ocr_line' id='line_1_69' title="bbox 871 2607 1219 2647; baseline -0.003 -9"><span class='ocrx_word' id='word_1_427' title='bbox 871 2607 1076 2639; x_wconf 71' lang='lat' dir='ltr'>heitsliebe“</span> <span class='ocrx_word' id='word_1_428' title='bbox 1098 2618 1130 2639; x_wconf 85' lang='lat' dir='ltr'>u.</span> <span class='ocrx_word' id='word_1_429' title='bbox 1153 2607 1219 2647; x_wconf 84' lang='lat' dir='ltr'>dgl.</span> 
     </span>
    </p>
   </div>
  </div>
 </body>
</html>
