1684 2819
184 157 235 195 64
758 152 814 185 DE
839 152 1023 186 OFFICIIS

184 268 321 302 0311115,
352 254 558 305 singularis
580 258 616 291 et
638 253 695 292 vir
715 259 752 292 et
772 253 1001 305 imperator,
1024 255 1063 293 in
1085 254 1290 294 excidenda
1313 254 1518 293 Numantia
1541 253 1595 292 rei

183 312 356 364 publicae
385 310 531 362 profuit
558 321 673 360 quam
701 310 840 349 eodem
869 316 1047 362 tempore
1069 310 1109 349 P.
1133 310 1269 350 Nasica
1290 310 1482 362 privatus,
1506 322 1594 349 eum

183 370 239 408 Ti.
259 368 474 407 Gracchum
496 365 700 405 interemit.
739 367 985 417 Quamquam
1001 367 1096 405 haec
1112 366 1264 418 quidem
1283 380 1344 406 res
1365 379 1444 406 non
1467 367 1595 405 solum

185 439 229 463 ex
251 424 462 462 domestica
483 429 541 462 est
557 422 723 462 ratione:
747 423 898 473 attingit
919 423 1032 462 etiam
1049 422 1237 470 bellicam,
1258 423 1440 473 quoniam
1459 423 1492 461 vi
1510 435 1596 461 ma-

184 492 317 531 nuque
339 480 512 518 confecta
534 484 610 518 est:
639 479 704 517 sed
727 484 857 518 tamen
880 479 917 517 id
939 479 1069 530 ipsum
1091 484 1150 518 est
1171 484 1322 529 gestum
1345 479 1506 518 consilio
1529 491 1596 518 ur-

185 537 286 575 bano
317 536 400 574 sine
427 536 606 574 exercitu.
655 535 750 574 Illud
779 540 905 574 autem
937 535 1130 587 optimum
1158 540 1235 581 est,
1270 535 1309 573 in
1337 535 1441 586 quod
1470 535 1597 574 invadi

185 594 310 632 solere
331 592 377 631 ab
398 592 590 644 improbis
612 597 648 630 et
668 592 807 630 invidis
830 592 962 631 audio:

301 659 445 699 Cedant
460 672 573 698 arma
589 667 714 711 toque,
738 660 918 699 concedat
939 659 1076 698 laurea
1098 659 1215 698 laudi.

188 729 236 767 Ut
257 727 358 766 enim
384 727 477 766 alios
497 727 686 772 omittam,
708 727 823 766 nobis
840 740 920 766 rem
939 727 1128 779 publicam
1149 726 1452 778 gubernantibus
1469 737 1601 764 nonne

187 791 297 835 togae
319 797 427 823 arma
449 782 680 823 cesserunt?
721 785 852 836 Neque
874 784 975 823 enim
999 783 1212 835 periculum
1236 783 1273 821 in
1296 796 1337 822 re
1357 782 1508 834 publica
1532 782 1601 820 suit

187 841 337 892 gravius
373 853 556 891 umquam
585 853 656 879 nec
689 841 814 880 maius
851 841 983 879 otium.
1034 840 1085 878 lta
1125 839 1295 878 consiliis
1333 838 1602 890 diligentiaque

188 903 323 936 nostra
346 897 519 936 celeriter
535 897 581 936 de
599 897 779 936 manibus
798 897 1147 936 audacissimorum
1167 896 1304 934 civium
1323 896 1478 946 delapsa
1495 907 1603 933 arma

191 954 273 1005 ipsa
295 953 524 992 ceciderunt.
568 954 675 999 Quae
697 966 758 991 res
781 953 896 1003 igitur
923 958 1031 1004 gesta
1058 965 1245 1003 umquam
1274 951 1313 989 in
1340 952 1438 990 bello
1466 949 1601 990 tanta?

191 1010 253 1061 qui
275 1009 497 1060 triumphus
520 1008 811 1047 conserendus?
853 1009 957 1047 Licet
977 1008 1079 1046 enim
1111 1008 1224 1053 mihi,
1254 1008 1380 1046 Marce
1403 1007 1472 1053 fili,
1500 1007 1602 1058 apud

190 1072 226 1104 te
247 1065 421 1116 gloriari,
456 1065 500 1104 ad
525 1078 638 1116 quem
662 1071 697 1104 et
719 1065 911 1104 hereditas
935 1064 1050 1103 huius
1080 1064 1223 1115 gloriae
1245 1070 1281 1102 et
1303 1064 1491 1102 sactorum
1515 1063 1603 1101 imi-

190 1122 280 1162 tatio
304 1122 482 1173 pertinet.
524 1122 614 1160 Mihi
642 1122 795 1173 quidem
820 1128 919 1160 certe
946 1122 1004 1160 vir
1025 1121 1228 1159 abundans
1251 1120 1394 1158 bellicis
1415 1119 1604 1165 laudibus,

191 1178 258 1217 Cn.
278 1178 502 1229 Pompeius,
525 1178 655 1216 multis
679 1178 934 1224 audientibus,
958 1179 1032 1216 hoc
1053 1176 1197 1223 tribuit,
1219 1181 1259 1215 ut
1284 1176 1439 1223 diceret,
1463 1176 1605 1215 frustra

192 1248 234 1274 se
255 1235 496 1286 triumphum
519 1234 674 1273 tertium
693 1236 986 1286 deportaturum
1011 1234 1140 1279 fuisse,
1162 1232 1237 1271 nisi
1259 1245 1347 1271 meo
1370 1233 1407 1270 in
1430 1244 1513 1271 rem
1531 1244 1604 1283 pu-

192 1291 329 1330 blicam
358 1291 546 1330 benefieio
575 1291 639 1330 uhi
667 1291 923 1342 triumpharet
958 1296 1061 1329 esset
1094 1289 1310 1328 habiturus.
1360 1289 1459 1327 Sunt
1492 1289 1607 1338 igitur

194 1347 428 1386 domesticae
462 1347 709 1386 fortitudines
742 1360 823 1386 non
865 1347 1067 1386 inferiores
1102 1345 1349 1384 militaribus:
1392 1345 1429 1383 in
1467 1344 1607 1395 quibus

194 1404 280 1455 plus
303 1403 416 1441 etiam
440 1416 555 1454 quam
577 1404 616 1442 in
638 1404 699 1442 his
723 1417 864 1455 operae
886 1403 1079 1454 studiique
1100 1402 1327 1453 ponendum
1352 1406 1421 1439 est.
1466 1403 1472 1406 “

240 1539 280 1570 Ρ.
299 1537 415 1581 Scipio
431 1537 557 1570 Nasica
570 1537 726 1582 Set-apio.
723 1551 730 1558 ·
748 1539 779 1581 ξ.
794 1539 866 1570 10‘).

986 1536 1508 1578 maiuso†111111‚titsere1·l⁴riede.
1523 1535 1611 1567 Hau-

241 1584 379 1616 consilio
396 1584 540 1625 urbano,
566 1584 666 1615 durch
692 1584 784 1616 einen
805 1584 867 1615 Be—

943 1584 986 1624 fig
1010 1584 1099 1615 steht
1123 1585 1228 1615 otwm
1253 1593 1289 1613 so
1311 1582 1360 1613 hei
1381 1582 1516 1613 Sallust.
1537 1581 1610 1612 Cat.

195 1630 324 1661 schluss
344 1629 479 1659 innerer
491 1628 625 1670 Politik
643 1629 704 1660 den
721 1628 804 1661 Rath
820 1629 867 1660 ei-

196 1685 254 1705 nes
273 1674 534 1715 staatsmannes‚
559 1674 601 1705 im
620 1668 809 1715 Gegensatz
828 1685 868 1706 zu

194 1720 321 1751 militat·
324 1730 340 1750 (1
358 1729 446 1751 eous.

243 1765 294 1796 77.
323 1763 450 1796 Cedant
478 1775 587 1796 arma.
622 1764 690 1795 Der
713 1765 800 1797 Yers
826 1764 867 1796 ist

196 1819 255 1841 aus
279 1810 351 1840 dem
375 1809 497 1840 dritten
522 1809 629 1841 Buche
652 1820 715 1840 von
735 1809 870 1841 Ciceros

198 1854 359 1885 Gedichte
373 1854 456 1884 iiber
470 1854 541 1885 sein
556 1854 724 1886 Consulat.
743 1855 869 1896 lamma,

198 1900 258 1931 der
273 1898 527 1930 Lorbecrkranz
552 1900 609 1930 des
635 1900 869 1941 triumphiren-

198 1945 259 1976 den
276 1943 470 1985 Feldherrn,
490 1944 572 1975 wird
588 1945 648 1975 der
660 1945 869 1975 miiudlichen

198 1989 401 2029 Belobigung
425 1989 533 2028 (laus)
560 1994 870 2029 entgegengesetzn

199 2035 262 2065 wie
285 2034 333 2065 sie
353 2033 420 2065 Cic.
439 2045 512 2065 vom
531 2034 633 2066 Senat
652 2035 731 2065 nach
753 2034 872 2067 [inter-

201 2078 372 2119 ‹lriiekung
402 2079 461 2110 der
491 2079 759 2111 catilinarisehen
787 2080 873 2111 Ver-

201 2125 400 2164 schwiirung
416 2125 546 2156 erhielt.
571 2124 649 2156 wic
664 2125 742 2155 sehr
754 2135 791 2156 er
804 2135 873 2155 we-

201 2180 262 2209 gen
272 2169 382 2200 dieses
392 2169 517 2201 Verses
530 2169 873 2212 angeseindetwurde,

203 2215 301 2246 seben
335 2214 398 2245 wir
429 2225 488 2245 aus
514 2215 545 2245 in
570 2215 679 2246 Pison.
705 2214 757 2254 30,
786 2216 827 2245 73
852 2215 873 2247 Γ.

203 2259 286 2291 Phil.
307 2259 343 2300 11,
364 2258 391 2300 S,
410 2259 452 2291 20
478 2258 546 2291 Nec
570 2270 646 2292 vero
665 2262 725 2291 tibi
746 2260 786 2292 do
803 2271 876 2293 rer-

203 2307 295 2336 sibus
327 2305 554 2348 respondebo:
601 2308 732 2337 lantum
767 2306 874 2337 diram

204 2351 359 2388 breviter,
385 2361 490 2391 neque
513 2350 584 2381 illas
606 2362 710 2393 neque
736 2351 821 2382 ullas
846 2354 877 2382 lt·

205 2397 337 2427 omnino
367 2395 500 2427 lium-as
529 2406 644 2437 nosse,
673 2407 727 2427 me
747 2407 806 2427 nec
828 2398 880 2428 rei

203 2440 354 2483 publicae
366 2450 425 2471 nee
434 2442 550 2472 (ιιηίσίε
559 2452 579 2472 11
584 2452 714 2482 mquam
723 2442 878 2481 defuisse

206 2489 266 2516 ‹·ael.
298 2485 433 2516 Manehe
453 2486 577 2517 sassten
597 2487 656 2516 den
673 2486 759 2517 Vers
779 2497 878 2526 sogar

207 2530 392 2571 persiinlich
407 2532 456 2561 als
471 2531 544 2562 eine
555 2531 805 2571 llerabsetzung
818 2533 876 2562 des

207 2575 452 2615 kriegerischen
463 2575 605 2607 Ruhmes
620 2577 677 2608 des
688 2576 876 2618 pompejus.

945 1626 1510 1669 10‚.211‚5.36‚4.5...111§3

987 1674 1173 1716 delapsam·
1175 1675 1312 1716 mai'psa
1319 1672 1449 1704 camden·
1452 1674 1522 1711 unt,
1538 1671 1612 1702 eine

942 1719 1185 1762 pleonastische
1200 1718 1428 1750 Ausdrucksw
1432 1717 1512 1756 eise,
1533 1717 1613 1747 ’111111-

942 1765 1004 1796 11(·11
1025 1765 1055 1795 in
1074 1764 1143 1795 Cat.
1162 1762 1184 1804 l,
1203 1762 1290 1804 6,16
1308 1765 1378 1795 sica
1391 1762 1518 1795 accidit
1532 1771 1614 1793 casu

943 1810 1054 1852 alequo
1073 1812 1106 1841 et
1121 1809 1236 1852 elapsa
1254 1811 1315 1840 est.

991 1854 1043 1885 78.
1063 1854 1268 1886 Lz'cetem'm.
1290 1853 1443 1885 Ditselbe
1458 1851 1591 1885 hurze
1583 1862 1613 1882 111

943 1901 1003 1931 der
1021 1899 1423 1938 Gedankeinerbindung,
1447 1898 1510 1929 uie
1529 1896 1565 1932 11
1584 1896 1615 1930 9

945 1944 985 1974 32
1004 1947 1147 1987 possunt
1165 1946 1250 1975 enim
1267 1946 1456 1985 praeterea.
1492 1942 1541 1974 Zu
1560 1952 1614 1972 er-

944 1989 1134 2029 gaiacum,
1154 1989 1213 2019 ich
1234 1989 1276 2019 rii
1287 1989 1303 2018 11
1313 1998 1368 2019 lue
1386 1988 1504 2027 mich,
1519 1988 1615 2018 denn.

993 2035 1202 2077 triumphum
1220 2034 1367 2065 let-tium.
1388 2032 1512 2064 Zuerst
1526 2033 1616 2063 hatte

948 2079 1123 2121 l'ompejus
1141 2079 1190 2110 als
1206 2078 1408 2120 l'ropraetor
1424 2077 1507 2109 iiber
1520 2077 1616 2108 Hiar-

947 2125 1005 2156 bas
1024 2136 1086 2155 von
1102 2124 1273 2156 Numidien
1292 2124 1356 2154 uud
1374 2124 1436 2155 deu
1452 2122 1619 2154 Marianon·

949 2170 1109 2201 Domitius
1134 2169 1322 2211 triumphirt
1339 2168 1404 2200 (574
1429 2168 1507 2209 (80),
1533 2168 1617 2199 dann

949 2214 1012 2245 1183
1029 2215 1095 2255 (711
1115 2214 1198 2245 iiber
1211 2214 1382 2246 Sertorius
1400 2214 1463 2245 und
1489 2212 1617 2244 endlich

949 2260 1013 2289 (303
1046 2260 1112 2300 (61)
1149 2260 1231 2290 iiber
1259 2260 1310 2290 die
1340 2258 1526 2291 Sem-{inber
1554 2257 1617 2288 und

949 2305 1159 2337 Mithridates
1177 2306 1239 2336 und
1254 2303 1427 2345 Tigranes
1455 2303 1520 2335 sic.
1537 2302 1618 2334 Phil.

951 2351 986 2387 ll
1013 2351 1043 2386 5
1073 2350 1111 2381 12
1135 2352 1283 2381 maffl’umae
1307 2360 1383 2381 ι·(11·(1
1408 2347 1619 2380 consulatum.

950 2407 1059 2427 meum
1087 2395 1113 2426 C
1111 2406 1144 2426 11
1164 2396 1345 2437 Pompeius
1367 2395 1528 2437 p1··',olmttl
1553 2395 1617 2435 qui,

951 2444 987 2473 nt
1003 2452 1056 2472 mc
1070 2443 1218 2483 pr'mmm
1242 2440 1282 2471 dt
1275 2439 1403 2471 cedens
1419 2450 1436 2470 (1
1452 2437 1556 2481 Syria
1573 2439 1620 2470 z·'-1

950 2486 1008 2521 din
1028 2485 1160 2528 comple.
1165 2496 1224 2516 ins
1242 2488 1304 2526 erg
1299 2484 1466 2516 ·-·.m{11!mze
1480 2495 1553 2515 meo
1566 2485 1620 2515 In·-

949 2532 1068 2572 nefict'o
1080 2532 1227 2573 patriam
1236 2531 1430 2561 snt-isuram
1441 2540 1514 2560 csse
1522 2529 1620 2561 (leitil.

984 2575 1237 2617 ⁸l'o7·1⁴2'!11dim².s·.·
1256 2586 1281 2607 s.
1299 2586 1326 2606 z.
1348 2574 1377 2616 ἓ.
1398 2574 1450 2606 41.
