1684 2819
180 116 203 156 g
729 113 1043 155 LtBER1.4,7.

181 230 300 293 polite
330 228 461 281 eloqui
492 241 571 268 non
602 227 749 290 possit·
781 228 850 268 sed
872 228 1058 269 mandare
1089 242 1322 282 quemquam
1355 228 1497 269 litteris
1525 242 1590 270 co-

182 285 394 339 gitationes
416 298 523 333 suas,
548 283 611 336 qui
634 295 701 324 eas
723 297 795 324 nec
816 283 1025 338 disponere
1047 298 1119 325 nec
1140 285 1343 326 illustrare
1365 286 1489 339 possit
1519 298 1590 326 nec

181 341 441 383 delectatione
462 341 589 393 aliqua
608 339 768 380 allicere
785 340 988 391 lectorem,
1009 341 1178 382 hominis
1200 348 1260 384 est
1281 342 1591 396 intemperanter

179 399 376 439 abutentis
399 404 436 437 et
458 397 536 437 otio
561 403 599 436 et
619 396 778 437 litteris.
824 396 958 450 Itaque
980 411 1073 439 suos
1096 398 1250 440 libros
1240 399 1313 453 ipsi
1344 398 1480 452 legunt
1501 413 1587 440 cum

180 456 278 505 suis,
303 467 374 494 nec
396 454 600 505 quisquam
622 452 781 507 attingit
801 460 960 507 praeter
980 466 1065 503 eos,
1101 455 1166 508 qui
1195 455 1356 496 eandem
1389 455 1588 496 licentiam

179 510 375 552 scribendi
398 509 472 550 sibi
494 509 666 563 permitti
686 510 840 550 volunt.
867 509 996 561 Quare
1019 510 1053 550 si
1075 511 1219 564 aliquid
1241 512 1439 553 oratoriae
1461 511 1588 553 laudis

180 575 317 608 nostra
338 566 539 606 attulimus
562 566 771 616 industria,
787 567 908 607 multo
930 567 1147 608 studiosius
1166 568 1438 622 philosophiae
1459 569 1588 609 fontes

178 623 418 678 aperiemus,
443 636 464 667 e
486 623 624 675 quibus
646 623 763 664 etiam
785 623 852 664 illa
874 624 1098 665 manabant.

130 681 158 725 4
289 679 364 719 Sed
398 686 438 720 ut
467 679 719 729 Aristoteles,
752 680 817 720 vir
847 695 999 721 summo
1030 680 1207 735 ingenio,
1240 681 1423 731 scientia,
1456 682 1586 746 copia,

141 747 292 790 7quum
319 743 447 777 motus
469 743 576 777 esset
598 736 782 777 Isocratis
804 737 1021 778 rhetoris‹r
999 738 1142 791 gloria,
1167 737 1300 778 dicere
1323 738 1440 778 etiam
1462 738 1591 793 coepit

178 792 449 834 adolescentes
473 793 614 834 docere
637 800 677 833 et
698 794 943 847 prudentiam
966 808 1051 834 cum
1071 794 1327 848 eloquentia
1317 808 1506 849 iungere·
1532 795 1589 835 sic

179 850 292 891 nobis
315 850 442 904 placet
464 863 536 891 nec
560 850 768 904 pristinum
791 851 944 891 dicendi
967 851 1138 891 studium
1161 851 1358 905 deponere
1390 859 1429 892 et
1457 852 1498 892 in
1520 851 1590 892 hac-

178 907 327 947 maiore
351 914 390 947 et
411 906 594 948 uberiore
617 914 700 948 ¹irte
722 908 892 948 versari.
927 907 957 947 H
962 922 1035 948 mc
1057 908 1160 948 enim
1183 908 1395 962 perfectam
1419 908 1590 963 philoso-

178 962 308 1017 phiam
331 977 487 1017 semper
509 964 695 1013 iudicavi,
714 978 813 1017 quae
835 965 881 1005 de
904 965 1088 1006 maximis
1111 964 1407 1018 quaestionibus
1430 965 1589 1019 copiose

179 1028 313 1073 posset
334 1028 550 1074 ornateque
574 1022 730 1071 dicere,
766 1022 805 1061 in
827 1036 941 1075 quam
965 1021 1296 1062 exercitationem
1317 1022 1372 1062 ita
1404 1035 1476 1062 nos
1506 1029 1589 1062 stu-

179 1076 289 1117 diose
313 1077 504 1126 dedimus,
530 1085 572 1118 ut
599 1078 676 1117 iam
700 1078 817 1118 etiam
847 1078 1003 1119 scholas
1027 1078 1269 1119 Graecorum
1302 1091 1411 1118 more
1444 1078 1589 1119 hahere

179 1133 427 1174 auderemus.
461 1134 509 1175 L‘t
531 1149 654 1188 nuper
677 1142 784 1175 tuum
807 1142 895 1189 post
917 1135 1132 1177 discessum
1155 1135 1195 1174 in
1206 1135 1450 1185 Tusculano,
1472 1149 1588 1189 quum

179 1197 314 1230 essent
336 1191 558 1244 complures
580 1205 733 1231 mecum
757 1192 986 1241 familiares,
1010 1192 1177 1240 tentavi,
1199 1191 1289 1245 quid
1311 1192 1353 1232 in
1375 1205 1422 1232 eo
1444 1198 1589 1246 genere

181 1260 350 1300 possem.
396 1247 445 1288 L’t
467 1248 568 1287 enim
593 1255 709 1288 antea
731 1249 1025 1290 declamitabam
1048 1263 1225 1299 caussas,
1250 1249 1351 1302 quod
1383 1263 1498 1290 nemo
1528 1262 1590 1288 me

174 1375 217 1408 So
247 1376 677 1418 11,221110g11111n‚1·llum
705 1379 842 1421 quidem

175 1433 227 1454 ιιι
231 1432 309 1461 mn
331 1421 392 1453 Ill.
414 1422 468 1460 16,
490 1422 529 1453 35
559 1423 668 1455 tarda
686 1424 749 1456 illa
768 1427 847 1467 qui-

174 1467 252 1499 dem
270 1467 466 1507 mediana,-
493 1466 549 1499 Ν.
566 1468 674 1509 &173
698 1470 847 1502 seltener

962 1379 1080 1410 dicere
1099 1379 1201 1419 hiingt
1214 1388 1275 1410 von
1290 1379 1424 1416 docere,
1441 1378 1513 1410 dies
1525 1379 1591 1410 und

916 1427 1063 1466 iungere
1077 1434 1140 1455 von
1153 1426 1270 1465 coepit
1281 1424 1589 1467 ab3prudenl1'am

917 1481 947 1501 0.
968 1471 1056 1511 eloq.
1077 1472 1223 1511 iungere
1239 1485 1284 1496 =
1301 1470 1519 1512 prudentiae
1536 1470 1587 1511 (d.

173 1515 214 1553 cs,
231 1514 293 1545 wie
308 1512 364 1545 1V.
383 1515 415 1552 ὅ,
430 1512 448 1543 5
464 1515 562 1544 vetas
580 1514 618 1546 id
635 1515 789 1555 quidem.
802 1533 846 1538 —

175 1557 301 1591 Unsere
311 1558 416 1590 Stelle
429 1557 471 1589 ist
483 1558 557 1590 eine
567 1559 775 1601 Anspielung
789 1561 851 1592 aul'

173 1605 388 1644 Amafinius,
403 1602 572 1635 Rabirius
586 1605 653 1636 und
668 1605 774 1647 dergl.
791 1615 848 1648 po-

174 1649 292 1692 puliire
312 1649 521 1691 Epikureer3
542 1660 569 1681 5.
591 1649 647 1682 lv.
669 1651 702 1692 3,
722 1652 741 1684 6
760 1662 794 1683 u.
812 1652 844 1692 73

174 1695 279 1727 Acad.
304 1694 329 1726 1.
351 1696 384 1735 2,
404 1696 437 1726 5.

220 1750 299 1772 eum
323 1742 399 1771 suis
429 1740 518 1780 „mit
536 1739 844 1783 Gleichgesinnteu‚

174 1785 233 1816 mit
251 1786 346 1817 ihren
359 1785 607 1826 Anhiinget·n.“
628 1786 702 1828 Vgl.
721 1788 761 1819 ad
773 1788 844 1820 Att.

175 1829 267 1862 XIV.
284 1831 372 1871 12‚·2:
388 1830 566 1871 Octavius,
579 1843 679 1873 quem
691 1835 751 1864 sai
763 1833 847 1864 Cae-

173 1886 292 1908 sarem
310 1877 535 1915 salutabant,
556 1877 742 1919 Philippus
760 1889 841 1910 non.

221 1922 412 1954 attulimus
425 1946 433 1962 ,
452 1933 500 1953 sc.
519 1923 651 1964 populo
670 1923 841 1956 Romano.

219 1968 285 1999 illa
304 1968 512 2008 manabant,
532 1968 663 2001 Constr.
688 1969 730 2000 ad
748 1980 846 2013 syne-

175 2012 239 2050 sin,
261 2012 324 2045 auf
337 2013 480 2054 aliquid
496 2013 684 2055 beziiglich.

219 2057 259 2094 4.
291 2061 323 2091 ἶ.
362 2059 578 2091 Aristoteles
606 2070 669 2091 von
695 2060 844 2102 Stagira,

174 2104 845 2145 LehrerAlexandersd.Gr.‚nachherin

175 2151 282 2182 Athen
299 2149 420 2182 Stistcr
438 2150 499 2182 der
514 2150 694 2192 peripatet.
709 2151 844 2184 Schulc.

174 2195 251 2238 Vgl.
289 2196 328 2228 de
356 2201 443 2228 orat.
471 2195 528 2228 lll.
557 2197 598 2228 35
614 2221 623 2236 ,
653 2197 733 2228 141:
771 2197 846 2238 lpse

175 2241 409 2282 „tr-astaram,
437 2242 693 2284 quumstorere
709 2243 846 2274 Isocra-

176 2291 244 2319 tem
264 2287 450 2319 nobilitate
467 2287 724 2330 discipulorum
757 2289 846 2320 ride-

176 2336 241 2373 ret,
253 2350 299 2356 —-
311 2336 464 2364 mutavit
479 2337 623 2375 repente
639 2335 846 2376 totamsor-

175 2389 269 2411 mam
285 2389 396 2421 prope
413 2379 624 2421 disciplinae.
640 2390 737 2411 suae.
775 2380 845 2411 Ila-

174 2435 240 2466 (μω
266 2427 410 2456 ornavit
439 2428 474 2456 et
492 2425 693 2457 Illa-stravit
711 2425 844 2457 doetri-

175 2481 256 2502 nam
269 2470 366 2502 illam
379 2481 527 2510 omnem,
534 2480 722 2512 rerumque
732 2473 847 2513 cogni-

176 2518 306 2548 tionem
340 2527 425 2562 earn·
456 2519 631 2549 orationis
670 2519 845 2549 exerc-ila-

177 2564 272 2594 tione
290 2564 492 2594 consumit.

918 1516 941 1548 i.
965 1515 1230 1557 philosophiae)
1267 1515 1499 1558 eloquentiam
1529 1516 1592 1547 ad-

917 1563 1075 1603 iungere.
1110 1560 1190 1592 Also
1210 1559 1506 1603 eutgegengesetzt
1524 1572 1587 1593 von

919 1606 1056 1638 Ciceros
1075 1604 1196 1646 bVege.

963 1654 1163 1692 ornateque
1183 1651 1308 1683 dicere.
1337 1651 1421 1694 Wars
1441 1651 1512 1684 Cic.
1533 1663 1592 1684 un-

917 1702 970 1729 ter
985 1698 1115 1737 „schiin
1131 1697 1265 1728 reden“
1282 1698 1446 1740 versteht,
1464 1702 1540 1739 sagt
1553 1708 1590 1730 er

917 1743 956 1774 dc
976 1747 1063 1774 orat.
1084 1741 1143 1774 lll.
1167 1742 1220 1782 14,
1241 1743 1298 1774 53.

962 1790 999 1819 in
1026 1798 1133 1829 quam
1157 1805 1202 1810 —
1230 1787 1402 1820 dedimus.
1441 1786 1518 1828 vgt.
1549 1788 1588 1820 de

917 1838 1004 1865 orat.
1027 1832 1087 1865 lll.
1112 1833 1163 1873 16,
1185 1833 1249 1864 59:
1273 1843 1380 1875 quam
1397 1844 1434 1865 se
1453 1844 1590 1876 cunque

916 1881 950 1910 in
968 1882 1108 1921 partem
1130 1878 1309 1919 dedisset,
1337 1880 1591 1921 ornniumsuit

907 1925 1023 1966 saee'le
1045 1926 1224 1966 princeps.
1262 1923 1297 1955 In
1325 1924 1414 1956 allen
1445 1924 1586 1957 Hdschr.

916 1969 1007 2001 steht
1039 1980 1100 2000 vor
1132 1969 1291 2001 dedimus
1319 1970 1400 2001 noch
1428 1980 1588 2012 operam,

917 2015 1062 2047 welches
1087 2014 1227 2047 Lambin
1252 2016 1311 2047 mit
1337 2015 1445 2048 Recht
1469 2016 1588 2057 strich,

917 2061 958 2092 da
974 2071 1117 2102 operam
1135 2061 1221 2093 clare
1240 2063 1275 2093 e'n
1293 2061 1390 2103 alqd.
1411 2066 1505 2094 sonst
1523 2062 1589 2093 nir-

916 2107 1020 2147 gends
1046 2106 1254 2148 vorkommt,
1290 2107 1375 2139 auch
1402 2117 1467 2140 nos
1501 2107 1588 2140 daun

916 2152 1119 2192 iiberssiissig
1129 2153 1211 2184 oder
1224 2153 1427 2194 wenigstens
1438 2153 1587 2185 schlecht

916 2197 1051 2238 gestellt
1068 2198 1173 2230 wiire.

962 2243 1103 2275 scholas
1123 2243 1508 2286 „Disputiriibungen“.

962 2292 1060 2320 tuum
1092 2292 1177 2331 post
1210 2290 1415 2321 discessum.
1466 2289 1587 2321 Brutus

915 2334 1033 2366 bekam
1058 2335 1100 2365 47
1128 2345 1160 2366 v.
1182 2334 1262 2366 Chr.
1290 2344 1354 2366 von
1379 2333 1509 2375 Ciisar,
1535 2335 1587 2366 als

915 2379 1026 2411 dieser
1043 2380 1106 2412 den
1126 2380 1377 2411 al'rikanischen
1389 2378 1493 2420 Krieg
1510 2390 1587 2411 vor-

915 2425 1021 2463 hatte,
1045 2426 1164 2457 Gallia
1183 2426 1308 2467 cisalp.
1329 2425 1378 2457 als
1396 2424 1554 2457 Provinz.

962 2470 1239 2503 declamitabam.
1274 2481 1421 2503 caussas
1437 2489 1481 2494 —
1500 2471 1586 2502 haec

915 2516 1143 2549 declamatio.
1187 2514 1301 2549 Neben
1321 2517 1384 2548 den
1405 2515 1584 2557 Uebungen

915 2562 946 2593 in
967 2562 1026 2594 der
1043 2562 1283 2603 gerit-litlichen
1305 2562 1584 2597 Beredtsamkeit,
