1684 2819
614 158 692 191 LlB.
711 157 764 191 111.
801 161 892 194 CAP.
911 161 940 194 8.
960 162 990 193 9.
1426 163 1502 200 175

107 263 270 303 rantium
292 274 413 313 genus
434 262 597 313 pellatur
617 275 637 301 e
657 264 785 302 medio
805 287 858 291 —
876 269 934 303 est
953 263 1055 302 enim
1077 269 1200 303 totum
1223 263 1450 303 sceleratum
1471 269 1507 301 et

108 320 269 371 impium
290 342 363 366 —‚
393 319 457 370 qui
478 319 686 358 deliberant
706 325 835 359 utrum
857 321 895 359 id
918 325 1144 371 sequantur,
1173 320 1275 370 quod
1296 320 1504 358 honestum

107 388 193 414 esse
221 375 384 422 videant,
412 387 459 414 an
487 388 528 415 se
557 375 720 414 scientes
747 377 888 416 scelere
916 376 1194 416 contaminent:
1226 376 1266 414 in
1292 376 1376 426 ipsa
1403 376 1505 414 enim

107 431 343 470 dubitatione
369 432 515 471 facinus
542 433 659 479 inest,
688 432 799 472 etiam
828 433 860 471 si
888 433 933 472 ad
961 433 996 470 id
1025 444 1105 471 non
1133 432 1363 483 pevenerint.
1404 432 1504 481 Ergo

107 500 151 526 ea
179 487 422 528 deliberanda
452 489 611 528 omnino
638 500 719 527 non
747 494 853 536 sunt,
882 490 919 527 111
948 489 1089 540 quibus
1112 494 1170 527 est
1190 488 1313 539 turpis
1334 489 1417 539 ipsa
1440 488 1506 526 de-

105 544 287 583 liberatio.

218 601 342 651 Atque
362 601 474 640 etiam
495 614 539 639 ex
561 601 667 639 omni
689 601 958 640 deliberatione
976 601 1117 639 celandi
1135 607 1171 639 et
1187 601 1400 640 occultandi
1418 612 1509 650 spes

107 656 315 708 opinioque
341 657 573 696 removenda
599 663 667 696 est.
710 657 809 696 Satis
839 657 939 696 enim
968 657 1098 703 nobis,
1125 657 1156 696 si
1178 657 1295 696 modo
1319 657 1358 695 in
1380 656 1507 707 philo-

107 713 244 763 sophia
266 713 403 764 aliquid
426 713 675 764 profecimus,
696 726 926 764 persuasum
951 726 1036 752 esse
1058 713 1182 758 debet,
1203 714 1234 751 si
1257 725 1393 752 01111105
1415 713 1507 751 (1005

105 768 359 820 hominesque
377 770 495 808 celare
510 769 723 820 possimus,
739 769 834 807 nihil
852 775 977 808 tamen
995 781 1116 815 avare,
1135 769 1228 807 nihil
1246 769 1397 816 iniuste,
1414 768 1507 806 nihil

104 825 319 871 libidinose,
340 825 432 863 nihil
455 825 737 863 incontinenter
758 838 843 863 esse
860 825 1085 863 faciendum.
1117 825 1216 863 Hinc
1231 825 1291 863 ille
1308 825 1430 876 Gyges
1447 824 1506 862 in—

106 881 256 919 ducitur
273 893 293 919 a
308 881 478 927 Platone,
502 881 577 931 qui,
600 893 686 920 cum
718 887 817 920 terra
850 880 1094 919 discessisset
1110 880 1261 930 magnis
1278 880 1505 931 quibusdam

106 936 304 983 imbribus,
326 937 522 976 descendit
541 937 581 975 in
602 937 706 976 illum
728 937 871 976 hiatum
892 941 1130 987 aeneumque
1147 949 1301 987 equum,
1323 943 1364 975 ut
1381 938 1509 974 ferunt

104 993 261 1040 fabulae,
276 993 551 1039 animadvertit,
568 994 676 1032 cuius
697 994 736 1032 in
751 993 929 1032 lateribus
947 994 1049 1031 fores
1067 999 1215 1031 essent:
1239 993 1380 1042 quibus
1398 1005 1508 1042 aper-

105 1049 153 1087 tis
183 1062 324 1099 corpus
352 1049 522 1088 hominis
550 1050 692 1088 mortui
720 1049 811 1088 vidit
838 1049 1099 1100 magnitudine
1127 1049 1308 1087 inusitata
1329 1049 1508 1087 anulum-

106 1118 179 1156 que
200 1118 356 1144 aureum
380 1105 417 1143 in
439 1105 569 1156 digito,
592 1118 705 1156 quem
722 1112 764 1144 ut
781 1106 952 1150 detraxit,
977 1105 1060 1156 ipse
1077 1105 1269 1143 11311111-
1286 1110 1367 1143 erat
1383 1110 1507 1144 autem

106 1160 233 1212 regius
269 1167 402 1212 pastor
430 1184 502 1207 —,
540 1166 621 1200 tum
658 1162 695 1199 in
725 1162 927 1200 concilium
958 1174 998 1199 se
1026 1166 1226 1211 pastorum
1254 1161 1409 1211 recepit.
1457 1160 1510 1198 lbi

106 1230 192 1256 cum
213 1218 337 1268 palam
361 1218 443 1256 eius
464 1217 565 1256 anuli
587 1218 631 1255 ad
654 1218 821 1267 palmam
845 1222 1098 1263 converterat,
1123 1230 1143 1255 a
1165 1217 1269 1255 nullo
1303 1217 1511 1262 videbatur,

106 1274 189 1324 ipse
213 1279 339 1312 autem
358 1273 485 1311 omnia
503 1273 670 1311 videbat:
693 1274 792 1311 idem
815 1286 952 1312 rursus
976 1273 1184 1319 videbatur,
1208 1285 1294 1311 cum
1317 1273 1356 1311 in
1378 1273 1509 1311 locum

106 1330 262 1369 anulum
288 1329 503 1368 inverterat.
545 1329 674 1380 Itaque
696 1331 767 1368 hac
788 1330 1077 1380 opportunitate
1104 1329 1204 1368 anuli
1234 1342 1328 1367 usus
1358 1329 1510 1379 reginae

106 1392 284 1437 stuprum
311 1386 437 1424 intulit
464 1398 583 1436 eaque
611 1386 792 1424 adiutrice
818 1398 947 1436 regem
975 1386 1175 1424 dominum
1203 1385 1413 1431 interemit,
1442 1398 1508 1423 su—

105 1442 212 1481 stulit
233 1454 331 1492 quos
354 1441 506 1480 obstare
527 1442 791 1488 arbitrabatur,
813 1454 886 1480 nec
906 1442 944 1480 in
965 1442 1024 1479 his
1048 1455 1135 1480 eun]
1153 1441 1384 1479 facinoribus
1402 1441 1509 1492 quis-

107 1510 220 1548 quam
248 1498 372 1548 potuit
399 1498 537 1536 videre.
580 1498 644 1536 Sic
669 1503 824 1549 repente
852 1498 952 1537 anuli
981 1497 1165 1536 beneficio
1190 1510 1253 1535 rex
1275 1503 1431 1536 exortus
1453 1503 1510 1535 est

105 1554 254 1604 Lydiae.
295 1554 407 1592 Hunc
426 1554 540 1604 igitur
560 1554 689 1604 ipsum
710 1555 865 1593 anulum
889 1554 920 1592 si
942 1554 1078 1592 habeat
1098 1554 1262 1604 sapiens,
1282 1554 1401 1591 nihilo
1422 1553 1508 1604 plus

108 1609 180 1648 sibi
216 1610 327 1648 licere
362 1616 469 1661 putet
504 1622 660 1661 peccare
688 1623 801 1661 quam
831 1611 861 1649 si
889 1610 1161 1649 nowhahoret.
1210 1610 1378 1648 Honesta
1408 1609 1509 1648 enim

106 1666 218 1705 bonis
242 1666 349 1713 viris,
378 1678 458 1705 non
481 1667 626 1705 occulta
648 1672 897 1718 quaeruntur.
939 1667 1061 1717 Atque
1083 1667 1157 1705 1100
1177 1666 1262 1705 1000
1285 1665 1507 1717 philosophi

152 1765 204 1798 37.
231 1767 276 1798 ad
296 1767 332 1799 id
353 1767 449 1798 n’anil.
475 1767 600 1799 facinus
627 1767 772 1799 commit-

108 1811 254 1843 tendam.

845 1768 909 1807 leg.
927 1766 980 1806 111,
1002 1767 1052 1807 18,
1072 1767 1113 1797 40
1138 1770 1175 1798 vt
1197 1767 1265 1798 Ioco
1284 1766 1383 1807 dicat,
1401 1766 1435 1798 id
1450 1769 1510 1807 est,

844 1815 999 1854 rogatus.

151 1856 407 1889 deliberantium
438 1876 480 1880 —
509 1860 567 1899 qai
578 1857 770 1889 deliberant.

107 1902 166 1933 Die
187 1901 448 1942 wiederholung
466 1903 510 1933 ist
527 1903 627 1934 durch
645 1903 697 1933 die
712 1902 773 1933 Pa-

108 1947 262 1978 renthese
281 1947 391 1987 niithig
408 1948 573 1987 gemacht;
596 1947 662 1987 vgl.
681 1946 712 1989 ξ.
729 1946 771 1979 20

106 1992 274 2023 licentiam
292 1991 357 2033 dat,
377 1995 416 2024 ut
429 2010 472 2014 —
489 1992 595 2024 liceat.

152 2030 192 2068 9·
219 2036 272 2068 38.
300 2035 420 2079 Gyges,
445 2038 504 2068 der
521 2037 669 2080 lydische
687 2037 771 2077 Hirt,

106 2082 252 2113 welcher
275 2082 336 2113 den
361 2081 467 2122 K'o'nig
491 2080 679 2113 Handaules
700 2082 772 2113 uid-

107 2131 193 2167 tete,
219 2127 286 2157 sich
311 2127 368 2157 des
386 2126 535 2158 Thrones
556 2127 773 2166 bem‘zichtigte

108 2172 172 2202 und
205 2171 426 2202 Stanunvater
464 2172 523 2202 der
561 2171 772 2203 Mermnaden

107 2216 238 2254 wurde3
255 2215 374 2247 Herod.
384 2215 407 2255 l,
417 2215 536 2247 8—12.
547 2215 631 2248 Plat.
643 2216 693 2255 (de
704 2226 772 2257 rep.

107 2260 134 2292 11
152 2271 182 2302 p.
202 2260 279 2301 359>
299 2261 354 2292 hat
372 2261 423 2292 die
439 2260 630 2301 Erziihlung
644 2261 674 2291 in
690 2260 773 2300 glei-

109 2306 186 2337 cher
204 2305 321 2337 Weise
336 2306 398 2337 wie
417 2305 481 2337 Cic.
501 2306 572 2337 11101·
588 2306 735 2337 benutzt.

151 2350 387 2391 magnitudine
403 2352 573 2391 inusitata,
586 2350 679 2382 Plato
693 2351 773 2394 μεί-

109 2395 177 2433 ζων
196 2392 213 2437 ἢ
233 2392 306 2426 κατ’
328 2391 543 2438 ἄνθρωπον.

151 2442 185 2472 ‘ln
202 2441 324 2482 Iocum,
347 2450 387 2472 311
406 2440 457 2471 die
475 2440 631 2481 gehiirige
650 2440 773 2478 Stelle3

109 2485 199 2516 Brut.
219 2485 271 2525 79,
289 2485 355 2516 274
371 2485 500 2517 nullum
514 2487 583 2517 nisi
597 2485 666 2518 loco
681 2487 774 2528 posi-

110 2533 183 2562 tum
196 2533 228 2561 et
242 2533 409 2572 tamquam
424 2531 640 2563 vermc'eulato
655 2530 774 2562 emble-

109 2577 198 2606 mate
221 2578 391 2608 structum
414 2577 552 2608 verbum
570 2576 706 2608 videres.
735 2576 773 2606 de

891 1859 922 1888 εἰ
936 1857 1058 1888 habeat
1075 1859 1207 1900 sapiens
1224 1875 1268 1879 —
1285 1867 1385 1898 quam
1403 1859 1508 1887 sinon

846 1903 993 1933 liaberet.
1026 1902 1092 1932 Der
1110 1902 1182 1933 eine
1192 1901 1266 1932 Fau
1285 1901 1508 1932 schliesstden

845 1947 968 1978 andern
993 1957 1051 1977 aus
1075 1947 1139 1978 und
1163 1947 1245 1977 wird
1264 1947 1377 1978 darum
1400 1946 1431 1977 in
1450 1946 1509 1977 den

846 1991 963 2023 Modus
974 1992 1031 2022 des
1047 1991 1352 2023 nichtXVirklichen
1368 1995 1510 2031 gesetzt,

846 2037 1003 2067 wiihrend
1021 2037 1080 2067 der
1096 2037 1197 2067 andre
1221 2037 1271 2067 als
1289 2037 1429 2076 lniiglich
1454 2046 1511 2075 ge-

846 2082 942 2113 darht
959 2082 1013 2112 ist.

892 2128 985 2157 bonis
1003 2127 1084 2157 viris
1108 2136 1171 2157 non
1198 2125 1325 2156 occulta
1348 2135 1515 2166 quaermz-.

849 2173 913 2203 tur.
949 2171 1017 2201 Den
1044 2170 1143 2201 Dativ
1171 2169 1255 2201 beiin
1279 2170 1396 2201 Passiv
1425 2174 1512 2201 setzt

847 2215 912 2246 Cic.
933 2225 994 2245 nur
1013 2215 1064 2246 bei
1082 2214 1201 2246 Verbis
1221 2215 1283 2245 wie
1302 2217 1430 2256 quaeri,
1453 2225 1513 2246 aa—

847 2260 934 2297 diri,
959 2270 1009 2290 wo
1028 2260 1087 2290 der
1105 2259 1201 2290 Dativ
1225 2260 1314 2291 nicht
1332 2260 1436 2291 sowol
1454 2260 1511 2290 das

848 2305 985 2345 Subject
1014 2315 1076 2336 von
1095 2305 1185 2344 dem,
1217 2305 1266 2335 als
1292 2304 1345 2335 fiir
1369 2305 1511 2335 welches

848 2354 952 2381 etwas
978 2350 1163 2389 geschieht,
1196 2349 1389 2381 bezeichnet
1421 2348 1509 2388 (Cat.

847 2405 887 2425 111.
906 2393 942 2433 11,
962 2394 1003 2425 38
1033 2404 1165 2437 semper
1195 2397 1281 2425 enim
1308 2396 1341 2425 1⁴11
1366 2395 1417 2425 liis
1441 2396 1513 2425 slu-

847 2439 909 2471 diis
927 2439 1163 2481 laboribusque
1186 2441 1308 2471 viventi
1327 2450 1394 2470 non
1417 2439 1513 2470 intel-

847 2484 1001 2526 legitur),
1027 2485 1091 2516 und
1109 2484 1191 2515 heim
1210 2483 1353 2526 Partieip
1373 2483 1512 2526 perfecti

1538 891 1578 921 :33

1538 1673 1579 1703 39

847 2539 944 2571 pass„
963 2540 1014 2560 wo
1033 2530 1092 2561 der
1110 2529 1207 2560 Dativ
1224 2528 1410 2569 gleichfalls
1429 2529 1512 2560 dati-
1550 2561 1554 2565 ,

846 2584 908 2606 vus
923 2575 1080 2606 commodi
1100 2575 1153 2614 ist,
1174 2574 1253 2605 oder
1272 2574 1344 2605 eine
1363 2573 1512 2605 {ihnliche
