1684 2819
614 176 692 208 LIB.
707 176 760 208 ΙΙΙ.
799 176 891 208 CAP.
912 176 963 208 13.
985 176 1036 208 14.

1442 175 1524 216 207

126 293 204 319 uno
222 280 359 326 modo;
381 279 445 330 qui
462 279 656 330 quoniam,
679 279 767 330 quid
786 279 938 325 diceret,
959 277 1116 328 intelligi
1132 276 1265 324 noluit,
1283 276 1525 315 omittamus:

127 349 196 375 vos
218 341 344 374 autem
367 335 417 373 ita
440 335 574 382 dicitis,
598 347 754 374 omnem
771 335 847 373 vim
864 347 949 373 esse
966 334 1130 384 igneam,
1152 334 1277 384 itaque
1298 338 1334 371 et
1350 333 1525 371 animan-

125 398 195 439 tes,
217 404 335 442 quum
358 392 461 430 calor
482 391 672 438 defecerit,
694 397 776 429 tum
800 391 966 437 interire,
988 395 1024 428 et
1045 390 1084 428 in
1109 389 1215 428 omni
1236 395 1373 428 natura
1395 401 1524 427 rerum

125 449 162 486 id
185 448 326 493 vivere,
354 448 391 485 id
414 448 556 497 vigere,
585 448 687 498 quod
710 448 836 486 caleat.
877 447 958 497 Ego
982 452 1107 485 autem
1128 457 1209 484 non
1231 445 1418 495 intelligo⁷
1447 457 1524 496 quo

125 504 243 542 modo
273 504 396 542 calore
424 504 611 542 exstincto
635 516 798 554 corpora
820 503 1024 549 intereant,
1053 514 1131 540 non
1154 502 1340 540 intereant
1361 502 1526 539 humore

124 565 188 598 aut
216 560 353 611 spiritu
382 560 544 606 amisso,
571 560 796 610 praesertim
824 571 941 609 quum
971 559 1157 597 intereant
1184 557 1297 596 etiam
1318 557 1438 595 nimio
1462 570 1525 596 ca-

124 616 216 654 lore.
261 616 523 663 Quamobrem
548 615 586 653 id
608 616 760 666 quidem
784 627 992 653 commune
1014 620 1072 652 est
1093 615 1139 652 de
1160 613 1301 660 calido3
1329 618 1523 652 verumta-
1553 623 1595 655 36

124 684 214 710 men
242 672 435 711 videamus
467 672 620 710 exitum.
661 671 716 709 Ita
743 670 872 715 vultis,
903 671 1064 720 opinor,
1092 669 1185 708 nihil
1211 681 1296 707 esse
1323 669 1463 708 animal
1491 674 1527 707 et

125 729 294 766 sentiens
315 729 354 766 in
376 733 508 766 natura
525 734 638 778 atque
655 727 801 765 mundo
819 732 968 776 praeter
983 726 1122 776 ignem.
1161 726 1234 772 Qui
1252 725 1388 775 magis,
1411 737 1525 776 quam

124 790 274 835 praeter
300 784 484 829 animam⁷
519 784 620 821 unde
646 782 897 821 animantium
925 794 1080 832 quoque
1108 786 1258 820 constet
1284 781 1452 828 animus,
1481 793 1525 820 ex

124 853 200 890 quo
229 839 365 878 animal
396 837 562 877 dicitur?
611 839 696 885 Quo
725 838 842 876 modo
871 843 996 875 autem
1025 839 1116 882 hoc,
1145 836 1253 887 quasi
1283 837 1524 883 concedatur,

123 895 293 941 sumitis,
320 894 414 933 nihil
437 907 522 933 esse
543 894 716 932 animum
737 894 811 931 nisi
832 892 991 944 ignem‘?
1032 893 1275 931 Probabilius
1297 892 1398 931 enim
1420 893 1524 930 vide-

122 958 185 990 tur
213 951 284 989 tale
311 951 491 1001 quiddam
522 964 607 989 esse
629 951 819 995 animum,
848 955 890 988 ut
911 950 959 988 sit
980 962 1023 987 ex
1045 949 1123 999 igni
1146 954 1257 999 atque
1279 949 1403 987 anima
1425 954 1524 986 tem-

123 1012 309 1058 peratum.
353 1007 500 1053 Quodsi
532 1007 629 1057 ignis
659 1020 701 1045 ex
725 1020 810 1045 sese
832 1006 915 1057 ipse
936 1006 1074 1044 animal
1098 1010 1158 1043 est
1178 1005 1281 1043 nulla
1302 1018 1343 1043 se
1364 1005 1433 1042 alia
1456 1004 1524 1042 ad-

123 1063 309 1101 miscente
331 1069 482 1108 natura,
511 1063 692 1113 quoniam
715 1063 764 1109 is,
788 1075 906 1113 quum
930 1062 1031 1100 inest
1052 1062 1090 1099 in
1112 1061 1343 1112 corporibus
1366 1060 1523 1106 nostris,

124 1119 256 1165 efficit,
287 1124 328 1157 ut
356 1119 586 1157 sentiamus:
614 1131 694 1157 non
723 1124 851 1169 potest
882 1118 963 1169 ipse
991 1131 1074 1156 esse
1097 1118 1179 1155 sine
1202 1129 1332 1155 sensu.
1374 1117 1522 1155 Rursus

123 1176 254 1213 eadem
289 1175 359 1213 dici
387 1180 565 1225 possunt.
608 1175 801 1225 Quidquid
829 1180 887 1212 est
913 1174 1033 1221 enim,
1064 1174 1167 1224 quod
1196 1185 1357 1211 sensum
1378 1172 1525 1219 habeat,

124 1231 160 1269 id
184 1243 344 1269 necesse
365 1236 423 1269 est
445 1230 582 1269 sentiat
602 1237 637 1269 et
658 1231 890 1281 voluptatem
914 1236 949 1268 et
971 1230 1166 1276 dolorem3
1193 1229 1237 1268 ad
1261 1241 1374 1279 quem
1398 1233 1524 1267 autem

123 1287 234 1325 dolor
256 1287 396 1332 veniat7
425 1287 469 1325 ad
498 1287 661 1325 eundem
692 1287 803 1325 etiam
833 1286 1029 1324 interitum
1056 1285 1196 1323 venire.
1237 1285 1291 1324 Ita
1321 1286 1379 1332 fit,
1408 1290 1449 1323 ut
1476 1296 1524 1322 ne

122 1343 251 1393 ignem
279 1343 431 1393 quidem
454 1343 604 1381 efficere
625 1343 786 1394 possitis
808 1348 1020 1381 aeternum.
1061 1342 1160 1388 Quid
1183 1340 1317 1380 enim?
1346 1353 1424 1379 non
1448 1341 1522 1379 eis·
1552 1350 1592 1381 37

168 1467 225 1507 qui
237 1477 278 1507 qu
283 1476 320 1497 on
325 1468 393 1497 iani
405 1468 436 1496 in
443 1465 547 1507 tellz‘gzss
556 1465 673 1505 noluit,
689 1467 786 1497 omit-

125 1513 246 1542 tamus.
290 1510 372 1541 Eine
400 1510 461 1541 Art
492 1520 554 1542 von
588 1510 785 1551 Attraction‚

124 1556 230 1586 indein
254 1555 310 1585 das
334 1554 465 1586 Relativ
493 1555 524 1585 in
554 1555 605 1585 die
630 1555 788 1586 Structur

124 1600 182 1630 des
207 1599 434 1631 Nebensatzes
463 1600 719 1639 hineingezogen
744 1600 789 1630 ist

125 1649 207 1675 statt
240 1645 306 1675 sich
335 1645 406 1675 dem
434 1644 545 1676 Verbo
580 1645 636 1674 des
665 1644 789 1685 Haupt-

125 1693 252 1729 sames,
285 1690 494 1727 omittamus,
525 1689 574 1720 als
600 1688 719 1729 Object
747 1700 788 1719 zu

124 1734 399 1769 accommodiren,
424 1744 539 1775 qnem3
570 1744 606 1764 so
631 1734 706 1764 (lass
725 1745 787 1764 nun

125 1789 199 1810 eum
240 1779 509 1810 hinzuzudenken
548 1779 603 1809 ist.
658 1778 788 1809 Ebenso

124 1823 221 1854 Corn.
240 1823 320 1865 Nep.
341 1823 503 1865 Tlirasyb.
523 1824 552 1861 4,
574 1822 606 1853 1:
637 1824 713 1854 huic
735 1833 788 1854 eo-

123 1879 208 1900 rona
235 1868 315 1899 data
344 1872 411 1908 est;
445 1878 545 1909 quam
573 1868 662 1909 qnod
691 1878 788 1899 amor

123 1914 253 1954 civium,
272 1924 337 1944 non
357 1915 405 1944 ris
418 1916 644 1955 empresserat,
660 1913 787 1944 nnllam

122 1958 240 1989 habuit
251 1957 419 1989 invidiam.
436 1957 588 1988 Dieselbe
597 1958 785 1989 Attraction

121 2003 204 2034 beiin
232 2003 493 2042 Deinonstrativ,
524 2002 661 2034 Sallust.
687 2002 782 2034 Catil.

123 2058 149 2078 c.
172 2047 221 2089 11,
240 2048 276 2078 2:
306 2048 381 2079 huie
399 2050 476 2089 qnia
498 2048 603 2079 bonae
619 2051 711 2079 aries
729 2048 785 2079 de-

123 2096 212 2132 sunt,
230 2092 313 2124 dolis
330 2096 429 2134 alque
443 2093 590 2132 fallaciis
603 2093 784 2124 contendit.

120 2155 165 2159 —
182 2137 290 2169 Ueber
307 2138 363 2168 das
390 2138 533 2179 intelligi
546 2137 654 2169 noluit
675 2138 741 2178 vgl.
760 2136 783 2178 Ι,

122 2181 174 2224 26,
198 2182 250 2212 74.

168 2237 298 2258 onmem.
321 2229 385 2258 vim
403 2238 477 2258 esse
500 2228 646 2268 igneam.
681 2227 785 2258 Deut-

121 2272 223 2302 lieher
238 2273 327 2303 wiire
347 2283 475 2303 onmem
489 2274 554 2303 vim.
569 2272 700 2303 vitalem
714 2283 786 2303 esse

122 2318 272 2358 igneam:
292 2317 373 2348 denn
393 2318 462 2348 dies
476 2327 546 2347 war
563 2317 615 2347 die
630 2316 786 2357 Meinung

123 2362 182 2392 der
200 2362 345 2393 Stoiker.
380 2362 412 2393 S.
434 2361 468 2399 ll,
488 2361 517 2400 9,
538 2361 589 2392 23.
610 2361 662 2392 24.

169 2405 220 2437 36.
246 2407 282 2438 icl
298 2425 340 2429 —
357 2407 397 2438 de
414 2407 533 2447 calido,
554 2407 582 2437 d.
603 2408 631 2437 h.
649 2407 684 2438 sel
700 2406 788 2448 quod

125 2450 164 2482 de
181 2451 284 2482 calido
302 2452 429 2493 (lit-itis,
454 2462 627 2483 commune
644 2452 718 2483 huie
736 2454 788 2482 esc

124 2506 198 2527 cum
210 2496 349 2528 humore
362 2500 395 2528 et
407 2499 537 2540 spiritu,
549 2497 641 2527 oder:
654 2498 786 2540 pariter·

125 2540 164 2571 de
181 2541 318 2573 hamore
334 2545 368 2573 et
384 2544 508 2584 spiritu
526 2542 591 2573 dz'cz'
603 2544 727 2585 potest.

169 2588 324 2628 (mimam,
344 2587 430 2618 unde
442 2606 483 2609 -
498 2589 627 2619 constet
638 2589 783 2618 animus.

860 1465 943 1495 Dass
977 1465 1028 1495 die
1065 1464 1161 1495 Seele
1193 1463 1346 1503 luftartig
1378 1463 1426 1494 sei
1459 1463 1524 1493 und

860 1510 960 1540 durch
990 1510 1050 1540 den
1077 1509 1192 1540 Atheni
1221 1509 1369 1539 erlialten
1399 1508 1522 1548 werde,

859 1565 930 1585 war
953 1554 1025 1584 eine
1050 1564 1113 1585 von
1131 1554 1245 1585 Alters
1270 1554 1330 1583 her
1352 1553 1430 1584 weit
1446 1562 1523 1583 ver-

860 1599 1001 1630 breitete
1031 1598 1195 1638 Meinung.
1235 1597 1309 1637 Vgl.
1335 1597 1469 1628 Tuscul.
1499 1596 1522 1637 I,

861 1644 891 1681 9,
913 1644 967 1674 19:
985 1645 1147 1674 Animum
1165 1645 1276 1674 autem
1294 1642 1353 1673 aliz·
1368 1645 1524 1683 animam,

860 1691 897 1720 nl
919 1689 1006 1729 sere
1037 1690 1149 1720 nostri
1179 1687 1352 1719 declarant
1381 1688 1524 1719 nomine.

861 1732 950 1765 Nam
979 1736 1010 1764 ei
1037 1743 1140 1774 agere
1167 1735 1313 1764 am‘mam
1345 1734 1377 1763 et
1403 1732 1525 1774 efflare

861 1778 1002 1810 dicimus
1018 1789 1076 1808 —:
1103 1779 1173 1821 ipse
1195 1780 1309 1809 aulem.
1332 1779 1466 1808 animus
1484 1777 1524 1807 ab

860 1825 973 1854 αηίηια
995 1823 1107 1854 dictas
1132 1825 1192 1853 est.
1227 1822 1446 1863 Specielleres
1472 1821 1523 1852 bei

858 1868 990 1899 Lobeek
1010 1867 1083 1907 Agl.
1104 1877 1134 1908 p.
1155 1867 1218 1897 755
1234 1866 1265 1897 ff.

904 1912 949 1943 ad
974 1912 1115 1943 eundem
1138 1914 1237 1943 eiiam
1266 1913 1441 1943 interitum
1471 1922 1525 1943 ve-

858 1959 941 1989 nire.
977 1957 1019 1988 lin
1038 1957 1173 1997 vorigen
1194 1956 1309 1988 Gliede
1334 1957 1389 1987 hat
1407 1956 1521 1988 Cicero

857 2003 918 2033 den
938 2002 1135 2043 Con-junctiv
1152 2003 1231 2032 nach
1249 2012 1383 2033 necesse
1400 2005 1453 2033 est
1469 2012 1524 2041 ge-

858 2052 962 2079 setzt:
986 2057 1109 2078 warum
1134 2057 1170 2077 er
1189 2046 1278 2087 jetzt
1302 2048 1363 2077 (len
1381 2047 1523 2077 Infinitiv

857 2093 1018 2131 vonit-ht,
1034 2092 1174 2122 erkcnnt
1186 2102 1257 2122 man
1272 2092 1382 2122 leit—ht.
1407 2091 1523 2122 Allen—

859 2137 934 2168 falls
964 2137 1082 2168 ko'nnte
1112 2146 1182 2167 man
1206 2137 1317 2167 diesen
1348 2137 1429 2167 auch
1458 2146 1522 2166 von

858 2182 929 2212 dein
955 2183 1290 2221 vorhergegangeuen
1320 2181 1435 2212 eadem
1460 2180 1526 2212 diez·

855 2229 1001 2269 possunt
1023 2226 1185 2265 abhiingig
1203 2225 1349 2261 denkem
1376 2226 1455 2256 doeh
1480 2225 1523 2256 ist

859 2272 917 2301 das
950 2271 1098 2310 weniger
1130 2270 1418 2310 wahrseheinlich,
1458 2271 1523 2301 und

855 2316 933 2356 jene
951 2315 1120 2347 Variation
1146 2315 1205 2345 der
1223 2315 1378 2346 Sti-uetur
1400 2315 1524 2346 koniint

858 2361 938 2392 auch
965 2365 1059 2391 sonst
1083 2371 1153 2391 vor.
1186 2360 1260 2399 Vgl.
1280 2359 1378 2391 Arad.
1405 2360 1439 2402 H,
1470 2360 1519 2399 12,

859 2405 915 2436 39:
947 2408 1024 2436 ante
1046 2405 1151 2436 rideri
1172 2405 1296 2446 aliquid
1318 2416 1415 2446 qnam
1439 2415 1522 2446 aga-

857 2461 933 2482 nms
950 2460 1085 2481 neeesse
1108 2452 1171 2491 est,
1196 2452 1288 2491 eique
1311 2450 1400 2492 qnod
1414 2452 1520 2481 visam

858 2497 913 2536 sit,
942 2497 1164 2534 asseniialm‘,
1194 2494 1248 2525 fiir
1275 2497 1448 2526 assentiri.
1482 2495 1521 2525 de

858 2540 952 2572 Finn.
974 2540 1011 2581 V,
1030 2541 1066 2581 9,
1087 2540 1143 2571 25:
1169 2550 1304 2571 neeesse
1326 2543 1391 2580 est,
1412 2540 1523 2582 finem

860 2587 1008 2617 onmium
1032 2586 1118 2617 hanc
1141 2596 1229 2625 esse,
1254 2588 1293 2616 ut
1315 2588 1440 2616 natura
1462 2596 1522 2616 θω-
