1684 2819
90 611 130 643 12

84 1004 123 1037 13

159 165 211 205 34
735 165 791 197 DE
817 166 998 198 orricns

160 279 249 306 sens
266 271 338 314 est,
362 280 403 306 se
420 266 700 313 accommodat,
718 267 890 318 paullum
907 267 1118 307 admodum
1135 268 1305 308 sentiens
1323 269 1572 320 praeteritum

159 329 223 363 aut
240 326 425 363 futurum.
461 323 591 362 Homo
609 328 749 370 autem,
772 323 875 374 quod
891 323 1052 362 rationis
1069 330 1129 363 est
1143 325 1350 376 particeps,
1368 338 1438 377 per
1455 338 1571 378 quam

159 379 434 430 consequentia
463 379 603 425 cernit,
633 392 768 418 causas
796 391 930 418 rerum
958 379 1059 418 videt
1085 393 1292 432 earumque
1315 395 1569 434 praegressus

156 442 193 474 et
209 436 319 486 quasi
334 435 623 474 antecessiones
640 447 721 474 non
737 435 900 486 ignorat,
919 436 1190 475 similitudines
1209 445 1410 488 comparat
1426 439 1567 478 rebus-

157 504 230 543 que
250 491 518 543 praesentibus
539 492 713 543 adiungit
733 497 846 544 atque
867 493 1036 532 adnectit
1056 494 1216 539 futuras,
1240 494 1348 533 facile
1368 495 1488 534 totius
1510 496 1566 534 vi-

155 555 214 587 tae
236 561 396 587 cursum
417 548 519 587 videt
539 549 585 587 ad
608 561 768 600 eamque
786 549 998 599 degendam
1016 555 1219 601 praeparat
1234 562 1296 588 res
1314 552 1565 591 necessarias.

155 604 380 656 Eademque
414 610 548 644 natura
582 605 617 643 vi
645 605 807 644 rationis
838 606 1038 645 hominem
1067 606 1243 645 conciliat
1275 606 1425 645 homini
1455 613 1492 645 et
1520 608 1567 646 ad

155 661 342 700 orationis
370 666 407 700 et
434 661 478 700 ad
507 661 603 700 vitae
625 662 863 709 societatem,
891 663 1164 714 ingeneratque
1190 663 1229 701 in
1257 663 1393 714 primis
1415 663 1567 714 praeci-

153 729 275 768 puum
298 718 504 769 quemdam
527 731 702 757 amorem
725 718 763 757 in
785 731 871 766 eos,
899 719 961 770 qui
984 719 1176 770 procreati
1198 725 1306 765 sunt,
1329 719 1567 771 impellitque

154 779 195 812 ut
223 774 426 813 hominum
451 781 585 813 coetus
605 780 642 813 et
663 775 935 815 celebrationes
959 782 995 815 et
1015 788 1102 814 esse
1123 780 1160 814 et
1180 788 1200 815 a
1222 788 1263 814 se
1286 775 1383 814 obiri
1405 776 1494 814 velit
1516 776 1565 815 oh

153 842 294 882 easque
323 843 457 870 causas
487 831 638 871 studeat
659 844 794 882 parare
816 845 875 880 ea,
904 845 1000 883 quae
1022 832 1271 883 suppeditent
1292 837 1329 870 et
1349 832 1396 871 ad
1419 832 1563 872 cultum

152 891 189 924 et
209 888 256 926 ad
276 887 437 935 victum,
458 899 530 926 nec
551 887 623 926 sibi
646 889 735 935 soli,
764 889 830 927 sed
854 889 1025 939 coniugi,
1054 889 1184 927 liberis
1209 889 1437 940 ceterisque,
1466 901 1565 940 quos

153 955 263 982 caros
284 944 421 983 habeat
441 944 615 994 tuerique
636 945 783 983 debeat.
821 948 926 992 Quae
944 958 1033 984 cura
1050 945 1260 983 exsuscitat
1277 944 1391 983 etiam
1409 945 1562 984 animos

152 1004 189 1038 et
223 999 392 1039 maiores
428 1000 475 1038 ad
502 1013 584 1038 rem
612 1001 816 1050 gerendam
846 1002 943 1040 facit.
992 1001 1035 1039 ln
1062 1001 1278 1052 primisque
1306 1001 1476 1040 hominis
1507 1007 1567 1040 est

149 1055 307 1106 propria
341 1055 421 1095 veri
455 1056 654 1106 inquisitio
694 1063 807 1108 atque
842 1057 1100 1108 investigatio.
1149 1057 1278 1108 Itaque
1308 1069 1397 1096 cum
1427 1069 1564 1096 sumus

148 1112 379 1151 necessariis
406 1112 571 1162 negotiis
601 1113 780 1164 curisque
806 1114 933 1161 vacui,
963 1119 1047 1152 tum
1075 1126 1232 1152 avemus
1259 1113 1401 1164 aliquid
1422 1113 1563 1160 videre,

149 1168 294 1215 audire,
317 1169 525 1215 addiscere,
547 1170 887 1221 cognitionemque
908 1183 1040 1209 rerum
1063 1176 1127 1209 aut
1148 1170 1385 1209 occultarum
1407 1176 1472 1209 aut
1493 1170 1563 1209 ad-

148 1224 378 1263 mirabilium
408 1225 454 1264 ad
485 1225 596 1264 beate
637 1226 839 1265 vivendum
874 1227 1133 1265 necessariam
1162 1226 1353 1265 ducimus.
1401 1227 1455 1265 Ex
1484 1239 1560 1278 quo

148 1280 393 1331 intellegitur,
409 1282 512 1332 quod
530 1295 674 1324 verum,
695 1283 860 1334 simplex
878 1283 1149 1334 sincerumque
1167 1283 1230 1329 sit,
1247 1283 1282 1321 id
1301 1295 1386 1321 esse
1402 1290 1561 1321 naturae

147 1337 317 1376 hominis
354 1337 612 1388 aptissimum.
661 1339 759 1378 Huic
786 1340 864 1379 veri
890 1339 1043 1378 videndi
1071 1339 1270 1390 cupiditati
1296 1339 1474 1378 adiuncta
1503 1346 1561 1378 est

145 1393 330 1444 appetitio
359 1394 549 1444 quaedam
578 1395 837 1446 principatus,
873 1403 914 1435 ut
947 1396 1091 1434 nemini
1120 1408 1256 1446 parere
1282 1395 1435 1434 animus
1463 1396 1561 1434 bene

145 1505 320 1537 zeitlicher
352 1506 502 1538 Hinsicht
534 1517 574 1538 zu
603 1507 814 1539 vcrsth‘rken.

143 1549 269 1592 §.1563
285 1551 324 1582 (le
337 1550 815 1592 orat.11,47,lsssseumanla-

143 1597 217 1627 rius
229 1606 420 1628 maerorem
433 1598 599 1629 orationis
612 1608 706 1629 meae
717 1608 816 1642 prae-

142 1652 220 1672 sens
237 1652 277 1672 ac
293 1641 413 1673 sedens
424 1641 570 1674 multum
582 1645 655 1675 suis
668 1643 815 1675 Iaerirm’s

142 1685 335 1724 adiuvare&
358 1686 426 1727 vgl.
445 1686 578 1727 Madvig
602 1699 642 1719 zu
659 1689 699 1719 de
718 1689 772 1720 fin.
791 1688 814 1729 l,

145 1730 195 1769 17,
215 1731 256 1761 55
280 1742 360 1763 nam
380 1742 522 1775 corpore
537 1733 622 1764 nillil
637 1735 704 1765 uisi
715 1744 814 1777 prae-

141 1787 221 1807 sens
235 1779 268 1807 et
274 1777 364 1818 quod
373 1777 473 1809 adest
483 1789 541 1809 sen
547 1780 611 1810 tire
614 1789 812 1822 possumus.

188 1832 371 1863 earumque
396 1832 626 1865 praegressus
656 1827 689 1855 et
717 1826 815 1865 quasi

140 1868 413 1898 antecessiones:
482 1868 535 1898 die
584 1868 812 1908 Erliiutcrung

139 1911 240 1942 durch
267 1914 514 1944 antecessiones
532 1913 623 1953 zeigt
641 1914 717 1944 dass
736 1924 809 1945 man

137 1966 383 1999 praegressa-e,
415 1957 517 1995 nicht,
548 1958 611 1989 wie
637 1959 687 1989 die
712 1959 809 1990 lldss.

139 2002 279 2033 zumeist
299 2001 421 2041 haben,
445 2012 663 2045 progressus,
685 2003 810 2034 selu-ei-

138 2046 199 2076 hen
214 2057 314 2078 muss.
334 2048 434 2089 quasi
446 2048 490 2078 ist
504 2048 674 2088 beigel‘iigt
687 2059 739 2079 um
747 2049 808 2079 den

140 2090 315 2123 Gcbraucli
348 2103 412 2123 von
447 2095 635 2124 antecessio
671 2093 702 2124 in
737 2094 810 2125 dem

138 2136 238 2167 Sinne
256 2147 318 2168 von
336 2137 373 2169 id
387 2137 477 2179 quod
490 2138 658 2170 antec-edit
675 2148 714 2169 zu
735 2143 809 2170 ent-

137 2181 345 2222 srliuldigen3
364 2182 431 2223 vgl.
446 2183 485 2213 de
504 2182 662 2224 div.l,55,
675 2182 735 2214 127
755 2185 813 2225 qui

135 2226 383 2268 eolligutioumn,
432 2238 616 2260 causarum
661 2230 809 2260 omnium

133 2274 317 2314 peras-periet
331 2274 454 2304 auimo.
486 2284 698 2316 progressus
716 2284 809 2306 caus.

137 2317 221 2348 liisst
238 2317 306 2348 sicli
326 2318 417 2350 nicht
431 2319 627 2359 wolsagen.

184 2362 234 2393 12.
275 2364 309 2394 ri
339 2365 486 2395 rallom‘s
524 2364 692 2396 hominem
730 2376 807 2396 con-

136 2407 226 2438 vileat
241 2408 370 2439 homini
388 2411 420 2440 et
440 2409 487 2440 (ed
511 2411 676 2441 oratinmls·
700 2413 733 2440 et
763 2410 809 2441 ad

135 2454 221 2483 ritae
252 2456 455 2485 societatem.
497 2454 526 2493 ξ
553 2454 594 2484 50
628 2458 680 2486 est
718 2457 806 2486 enim

132 2499 281 2538 primum.
304 2499 392 2540 quod
413 2501 564 2531 cernitur
591 2501 625 2530 ιή
657 2501 808 2531 aniz-ersi

131 2553 197 2581 gen
203 2544 268 2573 eris
277 2544 296 2573 Ιι
301 2555 320 2574 11
325 2554 400 2575 ηιαη
405 2546 561 2575 (societas
564 2556 580 2575 e
589 2556 600 2581 ,·
608 2546 681 2576 eius
690 2556 734 2576 aa
739 2548 803 2576 tem

135 2587 301 2619 vinculum
326 2592 377 2620 es!
400 2592 488 2620 ι’(ιίίο
508 2592 539 2620 et
558 2593 676 2622 oratio.
710 2590 801 2621 Auel·

890 1508 962 1539 hier
979 1508 1069 1549 also,
1093 1507 1145 1539 bei
1170 1508 1230 1539 der
1246 1507 1483 1548 Entwieklung
1500 1508 1560 1539 der

889 1553 1060 1585 einzelnen
1080 1553 1183 1584 Arten
1207 1553 1267 1584 der
1286 1552 1440 1594 Tugend,
1466 1553 1559 1585 stellt

889 1598 956 1630 Cic.
982 1599 1042 1630 den
1067 1597 1169 1629 Trieb
1194 1598 1274 1629 nach
1298 1598 1358 1629 der
1381 1598 1557 1630 menschli-

889 1644 970 1675 chen
1006 1642 1269 1683 Gemeinsehaft,
1303 1653 1367 1674 von
1401 1643 1472 1674 dem
1505 1643 1557 1675 die

888 1689 1079 1730 praktische
1104 1687 1242 1729 Tugend
1271 1688 1330 1720 der
1361 1687 1557 1729 Gerechtig-

888 1734 958 1765 keit
972 1734 1171 1773 hergeleitet
1184 1733 1278 1769 wird,
1295 1734 1366 1765 dem
1381 1733 1556 1765 &Vissens-

886 1779 993 1810 triebe
1013 1789 1136 1817 voran3
1156 1788 1181 1810 s,
1200 1778 1287 1810 Einl.

932 1827 1046 1856 coetus
1075 1824 1119 1855 ist
1147 1825 1206 1855 der
1237 1824 1435 1863 allgemeine
1466 1824 1555 1856 Aus-

886 1869 990 1900 ‹lruek
1033 1869 1087 1899 fiir
1127 1869 1421 1910 §⁷ersan1111lungeu
1456 1869 1555 1910 jeder

884 1914 957 1950 Art,
974 1914 1152 1946 celebratio
1168 1915 1468 1955 =srequentate'0‚
1480 1914 1553 1945 eine

884 1959 1072 1990 zalilreiche
1091 1958 1395 1990 Zusammenkunft.

929 2003 974 2035 ad
995 2004 1120 2035 callum
1144 2006 1176 2034 el
1193 2003 1238 2034 ad
1255 2005 1395 2035 rictum:
1419 2014 1444 2034 s.
1464 2014 1494 2035 z.
1514 2003 1550 2043 Il,

885 2048 916 2085 4,
939 2048 989 2079 15.

931 2093 982 2124 13.
1009 2093 1135 2135 ltaque,
1154 2094 1218 2125 wie
1232 2096 1280 2125 ita
1297 2092 1328 2135 ξ.
1347 2094 1376 2125 ϋ.
1402 2093 1471 2125 Fiir
1488 2094 1549 2125 den

884 2138 1064 2170 Gedanken
1097 2149 1124 2169 s.
1150 2139 1189 2169 (le
1215 2139 1267 2169 fin.
1294 2138 1337 2177 ll,
1366 2138 1421 2178 14,
1447 2138 1489 2169 46
1520 2142 1554 2171 et

882 2185 1039 2225 quoniam
1058 2183 1172 2215 eadem
1190 2187 1315 2216 natm-a
1332 2183 1550 2226 cupiditatem

881 2230 1038 2270 ingenuit
1076 2230 1205 2261 homini
1243 2231 1313 2261 veri
1349 2228 1484 2261 videndi
1505 2247 1550 2252 —

882 2274 970 2316 quod
981 2274 1093 2315 «facile
1109 2277 1267 2317 apparet,
1287 2284 1362 2306 eum
1380 2275 1476 2305 vacui
1492 2284 1549 2305 cu—

883 2321 931 2351 ris
954 2322 1052 2351 eliam
1078 2320 1168 2361 qaod
1193 2321 1225 2350 in
1257 2319 1345 2351 coelo
1360 2319 1431 2361 fiat
1460 2321 1548 2350 πῖνε

879 2375 1030 2405 aremus,
1067 2365 1118 2396 lu's
1145 2364 1277 2396 inducti
1301 2365 1404 2397 mihis
1435 2365 1548 2395 omnia

881 2420 960 2441 vet-a
976 2410 1166 2451 (Ie'lig-inms,
1186 2409 1222 2441 id
1237 2412 1289 2440 est
1301 2408 1435 2450 fidelia,
1461 2411 1544 2440 sim-

876 2455 986 2498 plicia,
1005 2457 1204 2486 constantia.

922 2503 1057 2531 amintas
1090 2501 1170 2531 bene
1201 2500 1410 2539 informatus
1438 2509 1459 2530 α
1486 2510 1547 2531 ηα-

878 2547 967 2576 !ura.
1002 2544 1092 2576 Lael.
1117 2545 1168 2581 13,
1189 2544 1228 2575 47
1248 2546 1355 2575 animi
1369 2546 1450 2575 bene
1467 2554 1544 2576 eon-

876 2592 990 2621 stitatz·
1016 2592 1155 2627 natura,
1192 2600 1242 2620 wo
1269 2588 1381 2620 Nauck
1411 2588 1546 2621 anffilnrt
