1684 2819
591 186 928 227 LlssER11.3‚9.
964 188 1073 227 4,10.
1485 186 1536 226 79

131 318 223 345 suos
247 302 453 355 quisquam
474 302 514 341 in
536 315 675 342 manus
698 302 838 342 sumit:
875 302 931 342 sic
954 302 1024 343 hos
1047 302 1210 342 Latinos
1231 300 1257 341 ii
1280 301 1353 341 soli
1386 301 1536 354 legunt,

131 361 197 414 qui
224 359 292 399 illa
313 366 421 399 recte
445 359 517 399 dici
540 365 691 410 putant.
715 358 837 399 Nobis
859 365 989 399 autem
1007 359 1177 408 videtur,
1199 357 1379 411 quicquid
1401 357 1543 397 litteris

128 415 351 465 mandetur,
376 415 415 455 id
438 416 703 456 commendari
726 416 899 457 omnium
922 415 1169 456 eruditorum
1191 415 1351 455 lectioni
1381 415 1535 454 decere.

125 472 226 522 Nec,
249 473 284 512 si
314 472 353 511 id
384 471 458 526 ipsi
479 472 608 524 minus
633 472 820 525 consequi
843 486 1069 531 possumus,
1092 472 1246 539 idcirco
1260 472 1388 512 minus
1417 471 1453 511 id
1477 471 1541 514 ita

127 529 345 570 faciendum
369 542 458 570 esse
481 529 686 570 sentimus
724 532 850 560 (W
1000 547 1015 554 ⁴
1236 544 1251 549 ”·
1296 544 1306 548 ’
1360 559 1364 562 «
1404 539 1416 551 -Γ

242 586 377 638 Itaque
407 585 500 626 mihi
529 599 685 640 semper
715 584 1066 649 Peripateticorum
1096 542 1411 637 Academiaeque
1448 597 1541 624 con·
1563 591 1583 622 9

128 643 295 683 suetudo
327 643 373 682 de
397 642 576 683 omnibus
608 642 756 682 rebus'
746 656 786 682 1n
809 642 1026 682 contrarias
1049 649 1180 694 partes
1213 640 1433 682 disserendi
1462 654 1541 680 non

130 700 177 739 ob
201 712 287 739 eam
310 713 490 739 caussam
513 698 639 740 solum
662 698 820 751 placuit,
846 698 947 750 quod
969 697 1086 738 aliter
1106 711 1186 737 non
1208 705 1359 751 posset,
1386 696 1509 750 quid
1499 711 1540 736 in

128 769 281 809 quaque
301 769 345 795 re
366 755 454 795 veri
475 754 602 794 simile
625 761 746 804 esset,
779 754 964 804 inveniri,
997 754 1066 794 sed
1089 754 1205 794 etiam
1228 754 1329 808 quod
1362 761 1466 794 esset
1495 766 1542 794 ea
1578 762 1579 765 ’

127 812 304 852 maxima
325 811 477 851 dicendi
501 811 757 860 exercitati03
783 825 857 863 qua
880 810 1061 864 princeps
1083 825 1178 852 usus
1202 818 1262 850 est
1282 810 1537 857 Aristoteles,

127 867 268 908 deinde
301 881 390 907 eum
422 867 487 920 qui
517 868 639 908 secuti
669 874 775 908 sunt.
832 867 981 908 Nostra
1016 874 1146 908 autem
1189 867 1379 907 memoria
1412 866 1537 915 Philo,

126 939 242 977 quem
272 938 345 964 nos
374 923 603 977 frequenter
624 924 861 973 audivimus,
893 925 1063 965 instituit
1092 924 1168 964 alio
1199 931 1376 977 tempore
1404 923 1540 963 rheto-

124 994 213 1021 rum
236 988 443 1035 praecepta
465 982 636 1030 tradere,
662 982 739 1021 alio
761 981 1101 1035 philosophorum.
1130 979 1189 1020 Ad
1213 995 1326 1033 quam
1348 994 1421 1020 nos
1446 994 1540 1019 con-

126 1038 372 1078 suetudinem
397 1052 419 1078 a
442 1038 699 1078 familiaribus
731 1038 879 1078 nostris
908 1038 1063 1077 adducti
1091 1037 1132 1077 in
1155 1036 1402 1086 Tusculano,
1436 1036 1540 1089 quod

126 1094 258 1139 datum
289 1101 349 1134 est
378 1094 566 1149 temporis
591 1094 720 1143 nohis,
747 1095 786 1134 in
810 1108 857 1134 eo
881 1094 1211 1149 consumpsimus.
1257 1095 1392 1147 Itaque
1421 1107 1538 1146 quum

126 1151 447 1207 angffimeridiem
478 1151 640 1192 dictioni
674 1164 831 1204 operam
863 1151 1126 1202 dedissemus,
1161 1151 1261 1192 sieut
1291 1150 1415 1204 pridie
1439 1151 1540 1190 fece-

124 1221 283 1258 ramus,
328 1215 417 1261 post
445 1208 647 1249 meridiem
687 1208 729 1247 in
759 1207 1011 1248 Academiam
1044 1208 1334 1249 descendimus.
1390 1207 1433 1246 In
1465 1220 1541 1259 qua

126 1263 430 1318 disputationem
471 1265 640 1305 habitam
681 1279 761 1304 non
793 1265 906 1318 quasi
935 1272 1144 1306 narrantes
1176 1264 1437 1318 exponimus,
1472 1264 1539 1303 sed

126 1321 273 1362 eisdem
295 1322 379 1361 fere
400 1321 549 1373 verbis,
576 1329 619 1362 ut
639 1328 769 1361 actum
793 1322 1110 1375 disputatumque
1141 1329 1217 1362 est.

239 1377 312 1418 Est
340 1379 460 1432 igitur
481 1378 772 1419 ambulantibus
803 1379 850 1418 ad
881 1378 982 1419 hunc
1006 1379 1161 1419 modum
1184 1391 1315 1418 sermo
1338 1377 1403 1417 ille
1425 1375 1537 1416 nobis
1555 1375 1584 1419 4

123 1435 325 1475 institutus
348 1442 387 1474 et
408 1449 431 1475 a
452 1435 518 1475 tali
542 1436 708 1489 quodam
731 1436 870 1476 ductus
894 1436 1084 1476 exordio:

125 1540 186 1573 ΙΙΙ.
215 1541 290 1582 20.)
334 1541 377 1573 So
404 1547 497 1594 sagte
525 1553 562 1574 er
585 1543 669 1574 nach
699 1543 797 1584 Diog.
916 1543 1017 1574 Philo
1046 1553 1105 1574 aus
1132 1542 1292 1578 Larissa,
1330 1541 1412 1572 nach
1440 1539 1546 1571 Clito-

124 1586 241 1618 Laert.
256 1585 302 1617 X.
324 1586 432 1628 §1312
453 1583 544 1620 ὅταν
559 1581 622 1620 οὖν
620 1589 774 1640 λε’γωαε
780 1598 800 1620 ν

124 1628 257 1672 ἡδονὴν
272 1629 399 1668 τελος(
385 1629 576 1685 ιπάρχειν,
590 1629 631 1664 οὐ
649 1644 712 1669 τας
727 1634 800 1665 τῶν

126 1673 282 1708 ἀσώτων
306 1673 413 1717 ἡδον
398 1689 440 1714 ας
463 1679 525 1710 καὶ
553 1690 616 1714 τας
639 1677 678 1711 ἓν
702 1675 799 1710 ἀπο-

124 1719 253 1754 λαύσει
277 1724 447 1775 κειμένας
473 1724 664 1775 λέγομεν..
678 1748 685 1755 .
707 1720 797 1756 ἀλλὰ

126 1765 166 1799 τὸ
190 1764 282 1821 μήτε
310 1764 431 1812 ἀλγεῖν
454 1780 547 1801 κατα
572 1769 679 1821 σῶμα
703 1780 797 1813 μητε

126 1810 624 1867 ταράττεσθαικατὰψιχήν,
637 1827 670 1846 u
682 1815 795 1857 §1322

129 1856 203 1891 Οὐκ
217 1856 318 1892 {dvm
312 1856 442 1900 ’ἡδέως
456 1860 516 1901 ζῆν
525 1856 571 1892 αἰ)
574 1870 613 1892 ευ
627 1861 689 1892 τοῦ
707 1872 798 1904 φρο-

124 1913 146 1936 ν
149 1906 241 1947 ίμως
254 1905 316 1936 καὶ
328 1905 447 1941 καλῶς
458 1905 520 1937 καὶ
535 1905 696 1943 δικαίως
711 1904 797 1938 οὐδὲ

125 1952 316 2005 φρονίμως
341 1950 404 1982 καὶ
418 1951 537 1989 καλῶς
559 1951 621 1983 καὶ
647 1950 798 1988 δικαίως

125 1992 212 2028 α’νευ
226 1996 288 2027 τοῦ
303 1992 432 2036 ἡδέως·
448 1993 711 2050 συμπεφύκασι
727 2009 797 2041 γαρ

124 2040 163 2072 αἱ
180 2037 316 2094 ἀρεταὶ
328 2043 378 2083 τῷ
394 2042 454 2082 ζῆν
467 2027 580 2083 ἡδέως
596 2043 657 2074 καὶ
677 2039 715 2074 τὸ
737 2043 798 2083 ζην

121 2071 236 2127 ἡδέως
254 2084 394 2120 τούτων
410 2087 512 2120 ἐστὶν
530 2085 753 2132 ἀχωοιστον.

168 2132 413 2175 Metrodorm,
433 2134 504 2165 sein
518 2134 797 2175 Lieblingsschii-

121 2177 174 2210 ler
199 2178 331 2219 (paene
349 2179 445 2211 alter
460 2180 648 2221 Epicurus,
679 2180 718 2212 de
737 2180 794 2212 fin.

124 2222 168 2256 ΙΙ.
189 2223 250 2264 28,
271 2224 350 2265 92),
378 2223 558 2257 Verfasser
584 2225 798 2257 zahlreicher

123 2268 306 2310 Schriften,
317 2270 497 2310 eigentlich
511 2281 571 2302 aus
581 2270 703 2309 Athen,
717 2271 799 2303 aber

122 2315 331 2356 gewohnlich
350 2315 617 2357 Lampsacenus
636 2321 796 2357 genannt,

122 2359 166 2392 ist
190 2360 251 2392 mit
275 2360 349 2392 dem
365 2360 592 2394 Akademiker
608 2360 655 2394 M.
676 2360 717 2404 (Ι.
739 2362 796 2403 24,

123 2405 181 2443 59)
201 2406 292 2438 nicht
309 2416 351 2437 zu
368 2417 460 2438 seru
463 2407 613 2439 echseln.

169 2450 203 2482 9.
215 2452 444 2484 Arzstoteles.
459 2452 579 2485 Cicero
591 2452 721 2496 spricht
732 2463 796 2484 von

124 2495 188 2527 den
213 2506 328 2538 sogen
348 2495 563 2539 ἐπιδείξεις,
588 2498 715 2530 welche
743 2509 797 2530 so-

123 2540 212 2572 wohl
245 2542 298 2573 die
328 2542 465 2585 sp'titern
490 2543 718 2575 Akademiker
747 2544 797 2575 als

127 2584 178 2616 die
211 2585 458 2629 Peripatetiker
495 2600 560 2621 von
593 2589 797 2622 Aristoteles

127 2630 337 2664 herleiteten.

869 1589 1007 1619 machus
1039 1587 1225 1620 Vorsteher
1257 1587 1317 1618 der
1344 1586 1543 1622 Akademie‚

870 1633 931 1664 der
943 1633 1037 1665 diese
1057 1633 1116 1664 der
1130 1633 1210 1665 Stoa
1226 1633 1332 1664 niiher
1346 1642 1387 1663 zu
1402 1630 1543 1671 hringen

868 1678 1006 1710 bemiiht
1022 1688 1106 1719 war,
1136 1680 1199 1710 ssoh
1231 1689 1291 1710 zur
1309 1677 1386 1709 Zeit
1404 1677 1463 1708 des
1481 1675 1545 1708 Mi-

870 1723 1324 1766 thridat.1{rieges(88)aus
1334 1723 1443 1754 Athen
1459 1722 1541 1753 nach

869 1769 963 1809 Rom,
976 1780 1026 1801 wo
1039 1769 1169 1810 Cicero,
1181 1770 1245 1801 wie
1260 1779 1297 1800 er
1309 1769 1417 1800 selbst
1431 1767 1542 1809 (Brut.

870 1815 925 1856 89,
940 1815 1021 1856 306)
1035 1820 1122 1856 sagt,
1141 1819 1252 1847 totam
1269 1825 1305 1846 Se
1325 1816 1357 1845 ez'
1374 1813 1541 1845 tradidit.

869 1860 945 1902 Vgl.
971 1861 1024 1901 11,
1045 1861 1100 1892 26.
1550 1899 1554 1902 ἱ

914 1908 948 1938 in
960 1906 1205 1938 Academiam.
1226 1904 1345 1937 Cicero
1365 1905 1457 1936 hatte
1473 1903 1543 1935 sich

869 1951 931 1984 auf
960 1951 1087 1983 seinem
1111 1950 1341 1983 Tusculanum
1375 1951 1450 1981 eine
1485 1949 1543 1980 der

867 1997 1111 2029 Akademie
1145 1997 1178 2028 in
1206 1997 1314 2028 Athen
1348 1997 1414 2035 (wo
1447 1993 1542 2026 Plato

867 2043 991 2083 lehrte)
1001 2041 1545 2084 'zihnlichePromenade(gymna-

867 2091 979 2129 sium,
1018 2088 1232 2128 ambulatio)
1265 2087 1440 2129 angelegt,
1476 2085 1544 2116 und

868 2134 991 2166 ehenso
1026 2135 1100 2166 eine
1135 2134 1220 2165 nach
1250 2133 1312 2166 Art
1346 2133 1405 2164 des
1440 2131 1543 2163 durch

866 2179 1073 2212 Aristoteles
1099 2180 1296 2211 beriihmten
1315 2178 1499 2221 Lyceum
1514 2186 1541 2207 s.

867 2225 1008 2257 Erstere
1036 2226 1092 2265 lag
1116 2225 1286 2266 niedriger
1312 2224 1369 2266 (de
1389 2223 1492 2255 divin.
1517 2221 1540 2253 l.

869 2272 909 2311 5,
938 2270 994 2311 8);
1032 2271 1137 2302 daher
1171 2270 1245 2302 bier
1273 2270 1338 2302 und
1367 2268 1427 2301 Ill.
1457 2270 1498 2308 4,
1524 2268 1541 2298 7

869 2316 1124 2348 descenszmus

913 2371 982 2394 non
997 2364 1321 2404 mansium-rantes,
1336 2360 1405 2401 vgl.
1419 2358 1445 2391 1.
1459 2360 1494 2400 4,
1508 2358 1539 2389 8.

911 2403 950 2442 4.
986 2408 1043 2440 40.
1080 2408 1182 2439 nobis
1207 2409 1419 2445 znstz'tutas,
1450 2415 1478 2436 s.
1500 2403 1542 2434 ll.

870 2452 901 2494 1,
922 2452 940 2483 2
960 2463 1000 2484 zu
1017 2453 1111 2485 mi‘ln
1124 2453 1248 2485 habit-a
1267 2455 1332 2483 est.

915 2507 935 2529 a
955 2498 1025 2530 talc·
1041 2498 1194 2540 quodam
1216 2507 1304 2530 emor
1307 2497 1422 2528 αἰό-
1377 2510 1422 2514 -
1437 2505 1458 2526 a
1479 2493 1547 2526 tali

857 2543 944 2585 sere
977 2544 1143 2576 eaeorffldzo
1194 2544 1245 2585 Zu
1276 2542 1402 2574 ducem
1430 2539 1540 2581 vergl.

867 2589 962 2621 Brut.
990 2590 1047 2631 60,
1068 2590 1155 2621 218:
1194 2598 1305 2621 omnzs
1336 2587 1396 2618 z'llc
1426 2595 1542 2618 sermo

870 2634 998 2667 ductus
1017 2646 1034 2667 e
1048 2632 1420 2678 percontatc'onefilz'i.
