1684 2819
119 501 159 532 66

183 95 260 134 200
680 92 838 125 LIBER
858 92 912 126 lv.
942 94 1003 133 31,
1025 93 1080 125 66.

181 223 295 251 mune
318 209 505 249 malorum
529 215 566 247 et
587 207 798 258 bonorum,
835 215 898 257 ut,
923 208 956 248 si
977 207 1053 248 iam
1076 207 1223 248 difficile
1246 208 1296 248 sit
1318 209 1568 262 persuadere,

182 267 277 307 nihil
301 280 432 308 earum
454 278 602 314 rerum,
626 277 724 317 quae
746 265 974 318 perturbent
993 267 1160 305 animum
1177 295 1187 313 ‚
1223 272 1289 305 aut
1309 266 1348 305 in
1369 265 1482 306 bonis
1505 274 1571 307 aut

180 324 221 364 in
244 323 354 363 malis
377 334 463 362 esse
486 321 728 369 habendum,
763 327 890 360 tamen
921 321 996 361 alia
1025 321 1072 362 ad
1100 322 1215 362 alium
1246 330 1391 362 motum
1422 324 1570 363 curatio

183 381 234 421 sit
254 378 483 426 adhibenda,
507 377 658 430 aliaque
679 377 832 417 ratione
854 377 1085 427 malevolus,
1110 379 1187 418 alia
1209 386 1375 430 amator,
1396 380 1468 420 alia
1486 394 1575 420 rur-

185 450 251 478 sus
273 435 430 484 anxius,
456 433 532 474 alia
554 434 706 474 timidus
729 433 997 487 corrigendus.

292 491 419 545 Atque
442 498 527 531 erat
549 490 675 541 facile,
701 498 926 544 sequentem
950 504 1033 530 eam
1056 491 1263 542 rationein,
1289 506 1387 546 quae
1404 494 1575 534 maxime

183 548 367 603 probatur
389 549 434 588 de
456 548 568 589 bonis
591 555 629 588 et
650 548 779 597 malis,
806 561 951 602 negare
976 561 1151 600 umquam
1175 549 1319 589 laetitia
1341 550 1439 590 affici
1460 564 1575 604 posse

182 605 449 660 insipientem,
485 605 584 658 quod
609 604 704 645 nihil
735 619 913 658 umquam
946 604 1107 645 haberet
1136 605 1242 645 boui.
1277 605 1350 646 Sed
1383 607 1576 660 loquimur

182 676 284 703 nunc
306 675 414 702 more
436 662 644 703 communi.
680 661 765 702 Sint
786 674 879 702 sane
901 662 974 702 ista
997 661 1122 711 bona,
1158 675 1254 715 quae
1276 669 1483 716 putantur,
1509 663 1577 703 ho-

185 733 325 769 nores,
351 719 535 769 divitiae,
569 719 804 773 voluptates,
830 726 983 768 cetera3
1021 726 1147 758 tamen
1170 720 1209 759 in
1232 719 1286 760 eis
1308 719 1403 773 ipsis
1426 720 1578 773 potiun-

185 777 243 817 ‹lis
266 776 469 817 exsultans
492 776 741 829 gestiensque
764 776 911 816 laetitia
935 775 1056 829 turpis
1079 783 1161 825 est,
1186 784 1248 824 ut,
1282 776 1314 816 si
1336 777 1464 817 ridere
1486 791 1577 817 oon-

186 847 338 874 cessum
361 833 436 882 sit,
461 834 701 887 vituperetur
723 840 852 874 tamen
875 832 1134 873 cachinnatio,
1171 833 1316 873 Eodem
1348 834 1448 873 enim
1482 834 1577 873 vitio

187 898 245 932 est
267 889 403 930 effusio
426 890 545 929 animi
567 891 605 930 in
628 890 799 940 laetitia,
833 904 906 942 quo
935 890 974 929 in
997 890 1130 930 dolore
1153 891 1392 940 contractio,
1425 891 1578 930 eadem-

187 961 259 1001 que
282 947 442 987 levitate
463 947 651 1001 cupiditas
674 954 732 987 est
752 947 791 986 in
815 947 1046 1000 appetendo,
1073 961 1147 1000 qua
1170 947 1313 986 laetitia
1335 948 1373 986 in
1396 948 1576 997 fruendo,

186 1011 224 1044 et
246 1011 286 1043 ut
307 1004 421 1043 nimis
443 1003 571 1044 afflicti
600 1003 804 1052 molestia,
835 1003 891 1043 sio
923 1003 1037 1043 nimis
1067 1004 1156 1043 elati
1186 1003 1333 1043 laetitia
1365 1004 1448 1043 iure
1480 1004 1580 1044 iudi-

187 1067 324 1101 cantur
346 1060 467 1100 leves.
502 1061 551 1100 Et
573 1075 688 1113 quum
709 1060 886 1100 invidere
918 1060 1175 1113 aegritudinis
1198 1060 1274 1109 sit,
1306 1060 1418 1100 malis
1451 1068 1578 1101 autem

186 1117 324 1157 alienis
352 1117 589 1170 voluptatem
619 1130 756 1171 capere
786 1116 980 1157 laetitiae:
1022 1124 1228 1170 utrumque
1267 1117 1505 1157 immanitate
1543 1125 1581 1158 et

188 1174 344 1214 feritate
366 1175 528 1227 quadam
551 1174 800 1228 proponenda
823 1174 1003 1227 castigari
1026 1174 1140 1214 solet.
1165 1174 1290 1226 Atque
1313 1181 1355 1213 ut
1374 1174 1581 1228 providere

189 1232 311 1280 decet,
348 1231 482 1271 timere
505 1245 582 1271 non
605 1231 734 1280 decet3
769 1231 825 1271 sic
847 1232 1016 1285 gaudere
1039 1231 1163 1279 decet,
1193 1231 1329 1270 laetari
1351 1245 1427 1270 non
1451 1231 1577 1281 decet,

190 1287 372 1342 quoniam
395 1288 558 1328 docendi
580 1301 712 1329 caussa
737 1302 759 1327 a
780 1288 920 1341 gaudio
943 1288 1128 1328 laetitiam
1152 1288 1436 1341 distinguimus.

186 1418 323 1454 gensatz
342 1415 378 1444 1'n
397 1413 499 1444 malls
519 1415 675 1455 opinatis
703 1412 850 1455 empsoh-

188 1460 239 1491 len
265 1459 360 1490 wird.
397 1459 548 1499 (Dicere,
570 1458 702 1499 docere,
725 1459 850 1490 ducere

918 1413 1158 1453 miithigkeit‘·‚
1180 1413 1240 1444 wie
1261 1415 1292 1451 li,
1319 1413 1353 1445 tl
1373 1416 1508 1445 animos
1529 1414 1584 1446 de-

919 1462 1069 1490 mittunt
1091 1463 1126 1490 et
1147 1460 1375 1490 contrahunt.
1412 1459 1503 1491 Lael.
1531 1460 1581 1497 13,

187 1505 259 1537 sind
295 1505 327 1535 in
353 1504 413 1536 den
435 1503 574 1536 Hdschr.
602 1505 679 1536 sehr
705 1504 753 1536 ol't
776 1515 851 1535 vcr-

186 1550 356 1590 wechselt,
371 1550 434 1581 wie
450 1561 479 1582 z.
492 1550 526 1582 Β.
543 1550 626 1581 auch
639 1549 696 1586 28,
710 1551 744 1581 (51
764 1560 794 1581 a.
808 1549 847 1582 E.

188 1597 239 1628 die
262 1597 400 1627 meisten
425 1595 616 1638 unpassend
642 1595 775 1636 dicunt,
798 1595 851 1627 ffir

189 1643 334 1681 ducunt,
356 1641 495 1683 haben.)

231 1690 264 1720 si
281 1690 363 1727 iam,
381 1698 463 1729 ganz
478 1697 579 1719 unser
591 1697 710 1727 „wenn
725 1687 852 1718 schon‘<

188 1749 231 1760 z
251 1744 373 1774 „wenn
402 1734 544 1773 auch“;
572 1733 692 1764 ebenso
711 1732 766 1773 35,
789 1733 850 1764 75:

189 1782 221 1811 si
237 1781 305 1810 iam
327 1781 402 1821 Ipsa
422 1780 485 1811 illa
503 1789 670 1810 aec-usare
688 1779 788 1810 nolis.

234 1824 289 1855 66.
309 1826 425 1866 Atque
446 1825 664 1866 eratsaez'le,
685 1834 712 1856 s.
733 1823 852 1866 Zumpt

189 1870 205 1911 ς
227 1870 305 1901 518.

236 1926 312 1947 eam
339 1916 534 1954 rationem,
563 1925 609 1946 sc.
636 1915 849 1955 Staium-mn,

190 1961 231 1993 da
259 1960 350 1992 diese
385 1960 433 1992 als
462 1960 520 1991 das
548 1961 677 2001 einzige
706 1959 772 1992 Gut
799 1961 851 1992 die

191 2006 348 2048 Tugend,
371 2006 419 2037 als
438 2005 496 2037 das
516 2005 643 2047 einzige
665 2004 766 2038 Uebel
793 2006 852 2038 das

190 2052 310 2084 Laster
327 2052 488 2084 ansahen.

235 2100 269 2130 in
298 2100 347 2129 eis
372 2100 457 2139 ipsis
472 2097 671 2138 potiundis,
700 2107 728 2128 s.
750 2096 774 2128 l.
796 2098 851 2138 37,

191 2145 232 2176 90
259 2155 299 2175 zu
326 2145 445 2175 urbem.
472 2146 632 2175 nostram,
654 2145 781 2184 potiri.

237 2190 461 2221 cachinnatio
485 2189 571 2229 „das
598 2188 768 2220 kindische
787 2188 852 2220 La-

193 2236 274 2267 chen
301 2245 360 2266 aus
379 2235 497 2266 vollem
518 2234 661 2266 Halse·‘.

240 2280 357 2312 eodem
385 2282 469 2311 υἰΙιό
498 2284 568 2319 est,
607 2280 681 2311 Abl.
711 2280 850 2321 qualit.:

194 2337 259 2367 „es
286 2326 330 2358 ist
356 2326 387 2357 in
416 2326 575 2365 gleichein
595 2324 703 2357 Grade
734 2325 855 2357 sehler-

194 2371 309 2408 hast“,
338 2371 391 2402 fiir
417 2371 474 2402 das
501 2371 662 2411 gewiihnl.
684 2373 716 2402 in
737 2372 855 2403 eodem

197 2420 279 2450 vitio
308 2421 376 2457 est,
397 2427 509 2458 wegeu
537 2417 594 2448 des
621 2416 793 2457 folgenden
820 2419 855 2448 in

196 2464 351 2495 laetitfa.

242 2511 363 2552 effusio
391 2510 501 2540 anina·
518 2508 598 2548 „die
616 2507 856 2550 Ausgelassen-

196 2555 312 2595 heit“‚
347 2556 458 2586 animi
480 2557 675 2586 contractio
707 2553 857 2595 „Hlein-

918 1505 961 1536 4⁴2
978 1516 985 1535 ε
1022 1509 1061 1536 ul·
1094 1508 1128 1536 ec
1163 1506 1259 1536 bonis
1293 1507 1401 1536 amici
1432 1506 1582 1547 (ant'mi)

921 1552 1027 1592 quast*
1044 1549 1288 1593 d<ffundmztur
1303 1553 1338 1581 ec
1353 1551 1586 1582 incommodis

921 1596 1197 1627 contrahantur.

965 1641 1170 1673 iudicantur
1188 1642 1288 1679 leves,
1310 1642 1376 1682 vgl.
1395 1641 1449 1679 22,
1465 1643 1519 1673 50.
1540 1642 1583 1674 So

922 1687 960 1718 de
980 1686 1035 1719 olf,
1058 1686 1082 1719 l.
1104 1688 1160 1727 26,
1180 1687 1240 1718 90:
1267 1686 1310 1720 Ut
1327 1687 1495 1719 adversas
1513 1698 1580 1728 res,

921 1735 971 1764 sic
987 1734 1158 1765 secundas
1176 1733 1520 1775 [mmodet'ateserre
1538 1734 1586 1766 le—

923 1781 1042 1810 vitatis
1061 1782 1126 1810 θεῖ.

957 1825 1585 1867 imma71itale-swoponencla„durch

921 1868 1128 1911 Vorhaltung
1144 1870 1202 1901 der
1218 1871 1314 1901 darin
1334 1870 1507 1910 liegeuden
1522 1870 1586 1902 Un-

922 1916 1196 1947 inenschlichkeit
1214 1916 1278 1946 und
1298 1914 1482 1947 Rohhew‘.

965 1961 1148 2002 providere
1161 1961 1370 2001 „voi-sichtig
1385 1961 1499 1992 sein“.
1519 1960 1585 1993 No-

923 2005 994 2037 nius
1029 2006 1071 2046 (s.
1092 2017 1123 2037 ν.
1152 2006 1306 2047 ΙιιεΙαι·ί)
1341 2006 1405 2038 und
1439 2007 1581 2039 siiinnitl.

923 2051 1062 2083 lldschr.
1080 2052 1186 2084 haben
1206 2052 1304 2083 duffii·
1323 2053 1509 2093 emfidwe,
1526 2053 1585 2085 mit

923 2098 994 2128 dein
1018 2098 1118 2129 Sinne
1147 2098 1205 2129 der
1223 2098 1327 2130 stelle
1353 2108 1437 2138 ganz
1466 2109 1584 2130 unver-

923 2143 1052 2179 einhar,
1067 2143 1125 2174 der
1137 2144 1188 2175 ein
1203 2144 1405 2175 inilderndes
1417 2143 1584 2188 Synonym

922 2199 984 2219 von
1020 2191 1142 2220 timet-v
1174 2190 1340 2230 verlangt.
1374 2188 1450 2222 wir
1478 2190 1582 2222 haben

923 2233 1090 2275 Tregdcrs
1102 2234 1354 2276 Verbesserung
1371 2235 1430 2267 der
1446 2245 1507 2267 von
1522 2235 1585 2266 Da-

920 2280 1037 2317 visius,
1061 2291 1190 2315 cavere.
1211 2291 1418 2322 vorgezogen
1439 2280 1583 2322 (obwohl

924 2326 1062 2357 temore
1089 2326 1190 2358 durch
1209 2329 1242 2366 63
1266 2328 1304 2358 13
1328 2327 1420 2358 mehr
1436 2326 1584 2369 empfoh-

925 2372 975 2403 len
1009 2372 1115 2414 wird)
1130 2397 1138 2411 ‚
1184 2373 1257 2404 weil
1301 2372 1475 2412 confidere
1508 2372 1585 2403 weit

924 2417 1062 2448 lcichter
1081 2428 1139 2449 aus
1156 2418 1340 2459 providere
1365 2418 1414 2449 als
1442 2427 1502 2449 aus
1529 2428 1586 2449 ca-

925 2473 1000 2494 vem·
1014 2464 1186 2496 entstehen
1203 2464 1322 2495 konnte
1337 2463 1413 2504 (wie
1429 2463 1510 2495 auch
1527 2462 1582 2494 ΙΙΙ.

924 2508 979 2547 25,
1008 2511 1048 2539 tw
1083 2510 1221 2542 cohibet
1249 2509 1301 2541 mr
1321 2510 1489 2551 prohibet
1514 2509 1585 2541 sich

925 2555 1188 2595 eingeschlichen
1209 2556 1294 2596 hat).
