1684 2819
86 684 138 723 29

94 748 135 779 73

96 1252 137 1284 74

166 190 244 229 140
624 187 680 219 DE
705 187 887 221 NATURA
910 186 1093 220 DEORUM

161 290 355 343 appellati:
383 289 485 340 quod
513 299 658 327 nomen
683 289 806 340 patuit
831 293 967 340 postea
994 288 1117 327 latius.
1166 287 1239 335 Qui
1267 292 1395 327 autem
1430 286 1572 334 omnia,

162 359 258 399 quae
292 347 339 386 ad
375 345 519 384 cultum
555 345 718 384 deorum
750 344 1003 396 pertinerent,
1036 344 1234 395 diligenter
1262 348 1511 383 retractarent
1536 348 1574 382 et

164 409 359 454 tamquam
380 401 608 451 relegerent,
637 407 730 440 sunt
751 400 839 441 dicti
858 400 1028 451 religiosi
1048 412 1093 439 ex
1113 400 1330 451 releqendo,
1357 406 1400 440 ut
1419 400 1572 450 elegan-

165 466 220 499 tes
247 472 292 498 ex
319 457 510 509 eliyemlo,
540 457 710 509 itemque
736 471 780 497 ex
803 457 994 509 diligendo
1017 456 1235 507 diligentes,
1262 469 1307 495 ex
1328 456 1570 507 intelligendo

163 515 432 566 intelligentes.
474 514 543 552 His
571 514 673 553 enim
701 514 740 553 in
768 514 894 553 verbis
925 513 1107 552 omnibus
1135 512 1235 551 inest
1260 513 1316 551 vis
1337 513 1486 563 legendi
1507 524 1570 552 ea-

164 572 251 611 dem
289 584 384 622 quae
415 571 453 609 in
481 570 675 621 religioso.
717 571 771 610 Ita
799 572 941 610 sactum
968 575 1026 609 est
1054 569 1095 608 in
1122 568 1394 620 superstitioso
1422 574 1459 608 et
1482 569 1571 608 reli-

165 629 274 679 gioso
304 628 462 666 alterum
486 627 566 666 vitii
588 639 746 674 nomen,
770 627 930 667 alterum
951 626 1085 665 laudis.
1124 626 1181 665 Ac
1200 624 1294 664 mihi
1315 624 1446 663 videor
1467 625 1572 672 satis,

165 690 202 724 et
231 697 315 723 esse
344 685 436 723 deos
467 689 504 722 et
531 684 659 735 quales
688 691 836 731 essent,
867 683 1097 722 ostendisse.
1119 705 1175 710 --
1194 681 1424 721 Proximum
1452 686 1511 720 est
1529 686 1574 720 ut

166 741 325 780 doceam
371 741 534 779 deorum
577 741 815 792 providentia
856 740 1047 779 mundum
1084 738 1357 778 administrari.
1411 737 1572 788 Magnus

166 809 257 837 sane
282 798 390 836 locus
418 802 453 835 et
484 810 503 836 a
532 797 684 844 vestris,
721 798 847 845 Cotta,
881 802 1053 843 vexatus,
1089 809 1131 834 ac
1158 795 1344 833 nimirum
1372 793 1574 832 vobiscum

166 866 281 893 omne
303 859 496 892 certamen
519 860 588 892 est.
620 854 717 893 Nam
736 853 862 898 vobis,
886 853 1014 896 Vellei,
1036 853 1165 891 minus
1188 857 1324 890 notum
1342 857 1410 895 est,
1436 863 1572 902 quem-

166 911 380 949 admodum
417 909 586 961 quidque
618 910 776 949 dicatur.
818 910 951 949 Vestra
980 909 1084 949 enim
1112 909 1239 947 solum
1268 907 1411 958 legitis,
1448 912 1574 946 vestra

165 967 322 1011 amatis,
348 972 497 1005 ceteros
527 979 661 1005 caussa
691 966 885 1015 incognita
913 966 1193 1005 condemnatis.
1235 964 1343 1002 Velut
1371 977 1391 1002 a
1421 969 1457 1002 te
1485 963 1572 1014 ipso

164 1023 346 1062 hesterno
376 1022 436 1061 die
467 1023 613 1061 (lictum
641 1028 698 1061 est
725 1035 841 1061 anum
864 1022 1052 1061 fatidicam
1076 1017 1290 1073 πρόνοιαν
1310 1033 1329 1058 a
1351 1020 1491 1058 Stoicis
1513 1019 1574 1057 in-

166 1079 270 1125 duci,
301 1079 337 1117 id
365 1085 423 1117 est
449 1079 744 1130 providentiam.
792 1079 904 1126 Quod
933 1092 978 1117 eo
1002 1090 1132 1117 errore
1155 1077 1300 1123 dixisti,
1332 1076 1421 1127 quia
1442 1075 1574 1114 existi-

166 1148 250 1175 mas
278 1135 323 1174 ab
350 1135 410 1173 his
431 1135 711 1186 providentiam
736 1135 826 1186 tingi
849 1135 957 1187 quasi
980 1135 1173 1185 quandam
1195 1133 1305 1172 deam
1327 1132 1573 1183 singularem,

166 1205 262 1243 quae
284 1192 475 1230 mundum
498 1204 654 1230 omnem
676 1191 864 1241 gubernet
885 1197 921 1230 et
940 1197 1063 1241 regat:
1087 1191 1154 1229 sed
1176 1190 1212 1228 id
1236 1189 1407 1240 praecise
1424 1188 1572 1227 dicitur.

166 1248 233 1294 Ut,
261 1248 294 1287 si
317 1248 402 1298 quis
425 1248 540 1294 dicat,
562 1248 854 1287 Atheniensium
877 1247 1155 1299 rempublicam
1178 1246 1336 1285 consilio
1359 1245 1455 1296 regi,
1479 1244 1577 1283 desit

166 1305 255 1344 illud
279 1305 485 1355 Areopagi.-
515 1305 582 1350 sic,
606 1318 724 1356 quum
748 1305 911 1344 dicimus
934 1304 1174 1355 prm-identia
1196 1302 1385 1341 mundum
1408 1301 1575 1340 admini—

168 1361 292 1407 strari,
316 1361 449 1399 deesse
472 1361 678 1399 arbitrator
700 1362 879 1407 deorum,
902 1361 1013 1412 plene
1035 1366 1162 1399 autem
1186 1366 1221 1398 et
1244 1361 1408 1410 perfecte
1430 1358 1486 1397 sic
1503 1357 1574 1396 dici

167 1417 395 1463 existiman),
418 1417 658 1467 providentia
680 1418 841 1456 deorum
864 1418 1052 1456 mundum
1076 1415 1346 1455 administrari.
1384 1414 1436 1453 Ita
1459 1415 1576 1453 salem

909 1529 1019 1569 liingst
1042 1539 1105 1559 von
1131 1527 1355 1567 Einsiclitigen
1382 1525 1576 1568 auerkannt‚

909 1574 1017 1606 zumal
1039 1583 1134 1604 wenn
1163 1583 1235 1604 man
1267 1572 1404 1612 erw'tigt,
1435 1572 1510 1602 dass
1541 1581 1576 1602 85

167 1533 408 1569 vorgetfflgene
422 1528 604 1569 Ahleitung
622 1529 679 1560 des
695 1528 835 1561 wortes

168 1585 227 1614 gar
250 1574 345 1605 keine
369 1575 560 1614 Beaelitung
588 1575 761 1613 verdiene,
792 1575 836 1606 ist

168 1620 254 1651 klar:
287 1620 367 1651 aber
390 1619 624 1659 ebcnsoweuig
640 1619 835 1651 bem-titens-

168 1665 273 1696 wertli
303 1665 373 1696 sind
403 1665 468 1695 alle
497 1665 620 1695 andern
650 1675 713 1695 von
738 1665 834 1696 Alten

168 1710 232 1741 und
257 1708 411 1741 Neam-en
443 1709 587 1740 dariiber
616 1710 838 1749 voi-gebrach-

170 1760 222 1786 ten
242 1755 439 1795 Meinungen
465 1755 524 1786 init
540 1754 727 1786 Ausnabme
752 1755 836 1786 viel—

169 1800 267 1830 leit-ht
281 1800 339 1830 der
353 1801 447 1831 einen
464 1810 526 1830 von
542 1799 571 1830 J.
583 1799 716 1835 Grimm,
736 1801 837 1831 Deut-

169 1845 244 1875 svhe
264 1844 402 1886 Mythol.
422 1844 447 1875 11
467 1845 499 1875 S.
520 1845 619 1875 1⁰:39:
647 1847 837 1888 „supersti-

170 1891 225 1927 tio,
243 1899 302 1920 aus
321 1892 504 1932 svmens-lar,
528 1889 718 1920 bezeiclinet
735 1890 786 1920 ein
805 1890 835 1920 in

168 1933 340 1964 einzelnen
383 1934 560 1965 Mensrben
602 1934 838 1965 foi-thesto-

168 1979 316 2011 hendes
346 1978 583 2009 Vei-barren
615 1978 665 2009 bei
696 1979 835 2009 111151811-

169 2028 240 2063 ten,
266 2024 392 2054 welche
412 2024 464 2054 ‹lie
484 2023 654 2054 Metu—zahl
674 2024 732 2054 dei·
752 2023 835 2054 Ver—

168 2069 338 2108 stiindigen
359 2068 472 2100 fabren
494 2069 612 2099 liisst.“

212 2114 364 2154 7·el1].',¹·1'osi
384 2124 406 2144 (ι
428 2113 616 2155 relegendo.
652 2114 686 2145 S.
706 2124 744 2144 zu
765 2113 786 2147 1,
807 2114 835 2153 2,

167 2160 197 2190 3.
226 2159 293 2190 Dei·
308 2169 371 2190 von
389 2158 516 2189 Gellius
532 2158 585 2195 lv,
602 2158 621 2189 9
639 2158 835 2198 angi-stillet(-

167 2205 269 2236 Yers:
297 2204 495 2245 religeutmn
515 2207 650 2246 oportet
672 2214 760 2245 esse,
784 2214 837 2235 re-

166 2249 325 2291 ligios-mn
351 2250 467 2291 nefas,
500 2249 576 2279 darl'
595 2249 684 2280 nicht
707 2249 756 2280 als
779 2248 835 2279 be-

167 2294 314 2325 weisend
342 2294 394 2324 liii·
417 2294 468 2324 die
492 2305 555 2325 1·(111
575 2294 640 2325 (lic.
664 2293 835 2333 gebilligte

166 2339 345 2378 Ableitung
363 2340 529 2379 angesehn
553 2339 702 2380 werden,
727 2340 765 2369 (la
783 2349 836 2370 re-

165 2384 273 2426 ligeles
293 2384 365 2415 kein
386 2384 669 2425 spraehiibliclies,
692 2384 833 2415 sondern

167 2430 217 2460 ein
251 2440 313 2460 nur
343 2429 425 2460 eben
456 2429 555 2469 jener
583 2429 763 2469 Ableitung
795 2439 835 2459 zu

168 2474 268 2506 Liebe
298 2484 359 2505 von
392 2475 462 2505 (1(-111
488 2474 623 2505 Dichter
647 2474 754 2506 selbst
777 2484 835 2513 ge-

167 2520 310 2551 maehtvs
331 2519 433 2550 U'ort
458 2519 511 2550 ist.
545 2519 628 2550 Dass
647 2519 706 2549 der
723 2519 835 2549 Ablei-

167 2570 246 2605 tung
270 2575 333 2595 1ι111
359 2564 505 2607 relegare
528 2564 623 2595 keine
646 2565 835 2603 grammati-

168 2610 243 2640 scbe
261 2609 435 2641 Bcdenken
455 2614 616 2649 entgegen
635 2609 767 2647 stelien,
793 2609 837 2640 ist

909 1620 962 1651 1111·
984 1619 1094 1661 ligure
1117 1618 1189 1649 cine
1214 1618 1320 1649 iiltere
1345 1616 1444 1649 Forin
1473 1615 1578 1660 1ιέἲὶΙέ

909 1664 1057 1705 gegeben
1075 1663 1178 1695 haben
1197 1663 1291 1694 wird.

955 1718 1023 1756 29.
1051 1724 1103 1756 73.
1131 1723 1257 1755 dictam
1276 1726 1337 1755 est.
1371 1722 1404 1754 S.
1423 1721 1452 1763 l,
1474 1722 1504 1763 S,
1526 1722 1575 1753 18.

912 1770 1194 1803 Uel)‹¹1·lze.s·{‹¹1·110
1214 1769 1266 1801 die.
1288 1769 1354 1809 vgl.
1381 1768 1438 1799 das
1464 1768 1495 1798 in
1520 1767 1579 1798 der

910 1815 1101 1855 Einleitung
1118 1815 1151 1845 S.
1171 1814 1212 1845 20
1231 1813 1387 1854 Gesagte.

953 1877 1106 1918 pram-ise
1128 1874 1267 1906 dieitur:
1295 1884 1361 1911 „es
1386 1874 1429 1904 ist
1450 1873 1500 1904 ein
1519 1872 1577 1904 ab·

910 1921 1093 1961 gekiirzter
1110 1919 1323 1952 Aus‹11·uck‘·'.
1348 1918 1454 1949 wobei
1473 1923 1577 1949 etwas

909 1965 1191 2005 weggeschnitten
1217 1963 1260 1994 ist
1277 1973 1346 1994 was
1369 1972 1440 1993 man
1462 1963 1577 1994 hinzu-

910 2010 1036 2040 denken
1063 2019 1162 2039 muss.
1203 2008 1275 2048 Vgt.
1299 2009 1336 2039 ad
1363 2008 1504 2039 Hei-vnn.
1524 2007 1577 2050 IV,

911 2054 963 2091 3⁴),
993 2054 1048 2084 31:
1074 2055 1239 2097 praet-isio
1264 2056 1316 2085 est
1338 2064 1455 2095 quum,
1479 2053 1578 2085 dietis

909 2099 1120 2141 quibusdum,
1136 2098 1298 2139 reliquum
1315 2098 1516 2140 relinquitur
1529 2100 1580 2130 in-

909 2145 1064 2176 choatam
1083 2145 1116 2175 in
1135 2144 1301 2176 ancillor-is
1318 2144 1451 2175 iudicio.

955 2205 1007 2236 74.
1035 2207 1221 2248 Areopagi.
1269 2203 1302 2235 Iu
1330 2202 1477 2235 Cicero's
1501 2203 1578 2235 Zeit

909 2251 999 2282 batte
1023 2251 1083 2281 der
1108 2249 1276 2291 Areopag,
1302 2250 1351 2280 als
1375 2249 1576 2287 staats-ruth,

909 2295 1003 2326 einen
1023 2296 1102 2327 weit
1114 2293 1576 2335 griisserenW'irkungskrels

909 2341 972 2371 und
999 2340 1265 2371 betleutenderen
1285 2339 1427 2370 Einlluss
1451 2338 1510 2369 aus
1524 2338 1576 2369 die

909 2384 1317 2425 Staatsangelegenlieiten
1353 2384 1403 2415 als
1444 2383 1475 2414 in
1517 2383 1578 2414 der

909 2430 1094 2461 Bllitliezeit
1124 2430 1267 2467 Athens,
1297 2439 1347 2459 wo
1379 2427 1576 2459 namentlicli

909 2475 971 2506 seit
992 2474 1141 2506 l‘eriklvs
1167 2474 1258 2505 scine
1285 2474 1475 2513 lledeutung
1498 2473 1577 2504 sehr

909 2519 1110 2551 beseliriinkt
1139 2528 1219 2549 war.
1272 2518 1346 2557 vgt.
1378 2518 1506 2549 Ain-eus
1535 2518 1575 2549 de

909 2565 1027 2596 Athen.
1054 2569 1143 2596 statu
1168 2564 1241 2594 inde
1266 2563 1306 2594 ab
1330 2563 1462 2594 Achaici
1487 2562 1573 2594 foed.

909 2611 1005 2641 inter.
1025 2609 1173 2649 Giitting.
1195 2608 1278 2640 1529
1299 2607 1332 2639 S.
1352 2607 1434 2639 3411'.
