1684 2819
546 175 624 208 LIB.
641 175 695 208 ΙΙΙ.
732 175 824 209 CAP.
842 175 895 208 32.
914 176 967 208 33.
987 176 1039 209 34.
1057 176 1110 208 35.
1449 177 1531 216 233

125 277 242 316 morti
262 276 475 315 illacrimari
497 277 601 316 soleo
624 277 824 317 Platonem
846 277 1008 329 legens?
1046 277 1210 316 Videsne
1232 277 1346 328 igitur
1368 278 1530 317 deorum

125 333 276 379 iudicio,
298 331 329 371 si
351 332 478 371 vident
498 346 560 372 res
582 334 783 382 humanas,
806 335 1013 373 discrimen
1035 347 1117 373 esse
1138 332 1359 373 sublatum?
1390 335 1529 385 Dioge·
1556 338 1610 376 34

124 402 193 428 nes
222 389 376 439 quidem
406 390 567 441 Cynicus
603 390 727 429 dicere
761 391 907 430 solebat
934 391 1158 441 Harpalum,
1195 391 1258 441 qui
1286 390 1528 442 temporibus
1558 399 1600 432 83

122 445 193 483 illis
212 446 355 496 praedo
374 446 459 484 felix
477 446 698 493 habebatur,
722 453 854 486 contra
872 447 965 485 deos
983 447 1251 485 testimonium
1269 447 1406 493 dicere,
1425 447 1529 497 quod

123 502 162 539 in
183 500 240 539 illa
261 502 412 540 fortuna
431 508 506 540 tam
526 502 590 541 diu
609 503 758 542 viveret.
798 503 1017 554 Dionysius,
1041 504 1087 541 de
1104 516 1179 554 quo
1198 509 1284 541 ante
1301 503 1388 549 dixi,
1411 515 1531 553 quum

123 558 253 598 fanum
273 557 531 609 Proserpinae
547 558 679 597 Locris
698 559 948 610 expilavisset,
966 559 1403 610 navigahatSyracusas:
1422 559 1531 609 isque

123 626 241 664 quum
265 615 547 653 secundissimo
569 621 681 653 vento
705 628 861 654 cursum
883 620 1051 661 teneret,
1074 615 1217 660 ridens,
1240 615 1446 660 Videtisne,
1470 615 1530 652 in—

124 669 221 720 quit,
251 671 379 716 amici,
406 683 520 721 quam
548 671 649 710 bona
672 684 691 709 a
714 671 785 709 diis
813 671 1095 709 immortalibus
1125 670 1313 720 navigatio
1337 670 1530 720 sacrilegis

123 724 261 764 detur?
300 726 418 776 quue
444 727 563 764 homo
585 732 719 765 acutus
741 739 860 777 quum
882 726 979 765 hene
1000 727 1186 777 planeque
1207 727 1460 777 percepisset,
1490 726 1531 764 in

122 782 252 820 eadem
276 782 463 820 sententia
485 783 769 832 perseverabat:
798 783 860 833 qui
883 795 1002 833 quum
1025 783 1070 820 ad
1092 782 1408 831 Peloponnesum
1431 783 1529 821 clas-

123 850 202 876 sem
225 838 438 888 appulisset
458 844 495 876 et
515 838 553 875 in
576 839 705 876 sanum
728 839 895 877 venisset
911 838 1012 876 Iovis
1030 838 1208 889 Olympii,
1232 850 1390 877 aureum
1413 838 1445 875 ei
1463 839 1530 876 de-

123 893 235 932 traxit
255 893 458 932 amiculum
482 894 614 943 grandi
637 895 822 945 pondere,
846 907 921 945 quo
944 894 1072 932 Iovem
1096 899 1251 932 ornarat
1272 907 1317 931 ex
1337 893 1529 932 manubiis

121 949 493 999 Karthaginiensium
522 956 707 1001 tyrannus
731 951 860 989 Hiero.
901 951 1026 1001 Atque
1054 950 1093 988 in
1120 963 1165 988 eo
1195 950 1307 988 etiam
1336 949 1528 988 cavillatus

121 1012 196 1052 est,
218 1011 359 1044 aestate
380 1019 493 1056 grave
514 1019 599 1044 esse
621 1019 781 1045 aureum
804 1007 1029 1051 amiculum,
1050 1006 1176 1044 hieme
1197 1006 1377 1056 frigidum
1391 1037 1399 1051 ,
1422 1005 1531 1056 eique

121 1061 272 1100 laneum
294 1062 447 1112 pallium
467 1062 606 1109 iniecit,
628 1075 744 1113 quum
764 1063 800 1101 id
819 1075 904 1101 esse
922 1068 1054 1113 aptum
1071 1062 1116 1100 ad
1136 1074 1252 1100 omne
1269 1062 1359 1100 anni
1376 1067 1529 1112 tempus

122 1117 275 1156 diceret.
315 1118 498 1169 Idemque
519 1119 731 1169 Aesculapii
755 1119 935 1169 Epidauri
961 1118 1119 1156 barbam
1148 1130 1301 1157 auream
1324 1118 1426 1156 demi
1448 1117 1528 1156 ius—

123 1174 182 1212 sit.
223 1173 354 1224 Neque
376 1175 478 1213 enim
496 1174 700 1213 convenire
723 1175 925 1213 barbatum
943 1187 1028 1212 esse
1050 1174 1182 1220 filium,
1206 1186 1324 1224 quum
1342 1173 1381 1212 in
1399 1174 1527 1211 omni—

119 1230 191 1268 hus
213 1230 310 1267 fanis
332 1236 441 1280 pater
461 1230 645 1269 imberbis
667 1236 780 1269 esset.
820 1230 926 1269 Idem
944 1242 1098 1269 mensas
1116 1236 1316 1279 argenteas
1335 1230 1381 1267 de
1399 1230 1526 1268 omni-
1557 1234 1599 1266 84

119 1285 191 1323 bus
213 1285 383 1324 delubris
405 1286 518 1325 iussit
540 1287 691 1333 auferri,
714 1287 752 1325 in
775 1287 916 1337 quihus
934 1299 1052 1337 quum
1071 1299 1180 1324 more
1196 1286 1332 1324 veteris
1353 1285 1529 1324 Graeciae

119 1341 349 1391 inscriptum
371 1349 472 1381 esset
493 1355 682 1381 Bononun
710 1356 889 1390 osonum,
925 1343 979 1381 uti
1009 1355 1050 1381 se
1077 1355 1213 1381 eorum
1241 1342 1412 1380 bonitate
1437 1342 1529 1380 velle

120 1397 279 1436 dicebat.
321 1398 426 1436 Idem
448 1398 675 1437 Victoriolas
698 1411 831 1437 aureas
854 1405 890 1437 et
911 1404 1063 1449 pateras
1085 1404 1122 1436 et
1144 1410 1310 1436 coronas
1325 1429 1333 1443 ,
1357 1410 1452 1448 quae
1474 1398 1527 1435 si-

120 1453 381 1491 mulacrorum
408 1456 596 1504 porrectis
624 1455 802 1493 manibus
834 1455 1140 1499 sustinebantur,
1179 1454 1261 1492 sine
1293 1454 1529 1491 dubitatione

120 1509 277 1547 tollebat
298 1522 416 1560 eaque
438 1522 478 1548 se
499 1511 693 1561 accipere,
716 1523 796 1548 non
818 1512 966 1549 auferre
988 1510 1146 1548 dicebat.
1187 1510 1284 1548 Esse
1305 1509 1408 1547 enim
1430 1509 1528 1548 stul-

120 1565 261 1611 titiam,
285 1578 304 1603 a
327 1566 464 1616 quibus
486 1566 586 1605 bona
609 1579 873 1617 precaremur,
896 1567 942 1605 ab
964 1566 1008 1604 iis
1032 1566 1320 1617 porrigentibus
1343 1571 1379 1603 et
1400 1565 1527 1604 danti-

119 1621 191 1659 bus
213 1621 312 1659 nolle
335 1634 498 1660 sumere.
539 1623 791 1673 Eundemque
813 1624 941 1661 ferunt
960 1623 1064 1668 haec,
1086 1635 1181 1672 quae
1202 1622 1292 1668 dixi,
1315 1621 1460 1660 sublata
1482 1621 1528 1659 de

120 1677 217 1715 fanis
240 1677 278 1715 in
300 1678 426 1715 sorum
448 1679 657 1728 protulisse
679 1685 716 1717 et
738 1691 805 1729 per
825 1690 1056 1730 praeconem
1074 1678 1302 1724 vendidisse,
1323 1683 1528 1727 exactaque

119 1733 280 1784 pecunia
302 1733 477 1779 edixisse,
502 1740 554 1780 ut,
578 1735 682 1785 quod
705 1735 866 1785 quisque
887 1748 906 1773 a
928 1735 1047 1773 sacris
1070 1734 1236 1780 haberet,
1258 1734 1295 1772 id
1317 1739 1405 1771 ante
1427 1733 1527 1772 diem

120 1795 260 1827 certam
290 1789 327 1827 in
354 1802 468 1828 suum
497 1791 664 1841 quidque
691 1792 822 1829 sanum
851 1792 1020 1829 referret.
1067 1790 1121 1828 Ita
1150 1790 1196 1828 ad
1222 1790 1458 1840 impietatem
1486 1790 1525 1827 in

119 1845 212 1883 deos
239 1846 277 1883 in
307 1845 485 1884 homines
512 1847 683 1885 adiunxit
710 1847 899 1886 iniuriam.
941 1847 1053 1885 Hunc
1084 1846 1199 1896 igitur
1225 1858 1297 1884 nec
1324 1845 1524 1896 Olympius
1550 1844 1603 1884 35

857 1959 956 1990 schen
973 1957 1099 2000 Iupiter
1121 1958 1182 1998 gab
1206 1968 1242 1988 es
1266 1958 1347 1988 auch
1371 1967 1411 1988 an
1435 1967 1525 1988 man-

162 1948 231 1987 34·
250 1955 302 1987 83.
320 1956 514 1999 Harpalum.
541 1957 655 1989 Cicero
670 1958 782 1999 meint,

857 2003 936 2034 ‘elien
955 2003 1078 2034 andern
1099 2002 1219 2041 Orten,
1243 2002 1305 2033 wie
1324 2002 1355 2032 in
1375 2001 1524 2044 Syrakus

117 2000 179 2032 wie
208 2011 244 2032 es
278 2001 421 2041 scheint,
457 2003 518 2033 den
552 2003 781 2042 beriichtigten

117 2046 318 2085 Seeriiuber,
356 2047 417 2077 (len
451 2047 582 2078 Andere
617 2048 782 2079 Skirtalos

117 2091 197 2121 oder
214 2091 386 2132 Skirpalos
405 2102 548 2130 nennen,
574 2093 638 2123 und
657 2093 686 2123 in
707 2093 782 2123 des-

117 2146 174 2166 sen
183 2135 316 2166 Handen
328 2135 492 2176 Diogenes
507 2137 613 2168 selbst
628 2138 780 2177 einstge-

116 2190 226 2211 wesen
246 2190 326 2212 war.

161 2236 261 2266 quum
287 2225 332 2256 (ια’
353 2225 622 2267 Peloponnesum
647 2227 684 2258 cl.
704 2237 780 2269 app.

117 2270 193 2300 Dies
211 2270 331 2301 beruht
349 2270 495 2301 offenbar
518 2271 578 2302 aul*
590 2271 695 2302 einem
714 2271 781 2302 lrr-

115 2315 221 2353 thum,
252 2315 335 2346 deun
366 2325 429 2346 von
460 2316 552 2347 einer
580 2316 780 2358 Expedition

115 2360 172 2390 des
192 2360 370 2402 Dionysius
389 2361 469 2391 nach
488 2361 559 2391 dem
573 2360 780 2403 Peloponnes

116 2404 216 2435 weiss
246 2405 297 2435 die
328 2404 521 2437 Gesehichte
550 2406 667 2437 niehts.
715 2406 781 2437 Der

116 2447 255 2480 Irrthum
275 2451 319 2481 ist
336 2450 435 2481 durch
453 2450 513 2481 den
532 2451 703 2482 Beinamen
723 2452 780 2482 des

119 2492 403 2535 Olympischen
430 2495 553 2536 Iupiter
581 2496 780 2533 veranlasst‚

117 2538 224 2569 wobei
254 2539 368 2570 Cicero
397 2550 437 2571 an
468 2539 618 2582 Olympia
649 2541 678 2571 in
710 2541 780 2571 Elis

117 2582 242 2614 dachte.
276 2584 365 2615 Aber
388 2585 524 2626 Tenipel
548 2586 606 2616 des
632 2585 780 2628 Olympi-

857 2048 977 2088 selbst,
1010 2048 1117 2078 wohin
1148 2047 1277 2078 Aelian.
1301 2046 1340 2078 V.
1367 2046 1405 2078 H.
1428 2045 1457 2087 I,
1483 2046 1524 2078 20

857 2093 947 2124 diese
968 2092 1164 2124 Geschichte
1180 2092 1322 2131 verlegt.

902 2137 1078 2180 Epidauri.
1112 2137 1204 2168 Auch
1230 2136 1300 2167 dies
1325 2136 1444 2167 beruht
1469 2136 1528 2167 auf

858 2182 961 2212 einem
980 2182 1137 2221 lrrthum,
1162 2182 1305 2211 dadurch
1324 2182 1522 2222 veranlasst‚

856 2228 932 2257 dass
958 2227 1017 2257 der
1042 2226 1275 2267 Epidaurische
1300 2225 1435 2268 Tempel
1454 2226 1523 2257 Α6-

856 2271 987 2313 sculaps
999 2272 1058 2301 der
1073 2271 1298 2301 beriihmteste
1308 2280 1387 2302 war.
1407 2270 1521 2302 Valer.

855 2315 945 2347 Max.
965 2315 990 2355 Ι,
1013 2316 1039 2357 l,
1057 2315 1086 2353 3,
1106 2316 1165 2346 der
1182 2316 1240 2346 mit
1257 2315 1371 2346 Cicero
1390 2316 1520 2357 stimmt,

854 2361 898 2392 ist
915 2361 1011 2392 keine
1030 2360 1236 2400 Auctorit'at,
1261 2361 1299 2391 da
1324 2370 1361 2391 er
1384 2371 1446 2391 nur
1463 2370 1522 2391 aus

855 2405 970 2436 Cicero
1016 2406 1189 2447 gescho‘pl't
1226 2407 1291 2436 hat.
1341 2405 1519 2447 Dionysius

853 2451 935 2481 wir-d
952 2451 1013 2481 den
1029 2451 1192 2491 Aesculap
1208 2461 1246 2481 zu
1259 2450 1404 2492 Syracus
1419 2450 1519 2480 eben-

855 2506 891 2526 so
911 2496 1019 2526 seines
1036 2496 1151 2527 Bartes
1166 2495 1304 2526 beraubt
1322 2495 1436 2533 haben,
1455 2495 1519 2525 wie

854 2550 891 2571 er
923 2540 1001 2581 ihm,
1034 2541 1114 2571 nach
1141 2541 1329 2571 Athenaeus
1353 2539 1426 2580 XV,
1454 2538 1519 2570 693

855 2585 966 2616 seinen
984 2584 1082 2616 Tisch
1100 2585 1205 2616 nahm.
