1684 2819
579 189 658 221 LIB.
676 188 715 221 11.
752 189 844 222 CAP.
862 189 915 221 65.
935 189 988 222 66.
1008 189 1061 222 67.
1438 190 1515 231 185

122 292 351 331 credendum
373 296 441 329 est.
479 292 583 338 Quae
603 292 698 330 ratio
720 297 855 342 poetas
871 291 1110 342 maximeque
1125 291 1336 330 Homerum
1352 291 1517 342 impulit,

119 356 162 387 ut
176 347 415 399 principibus
432 348 606 395 heroum,
628 347 738 395 Ulixi,
755 348 940 395 Diomedi,
955 347 1246 397 Agamemnoni,
1264 347 1410 394 Achilli,
1433 359 1517 386 cer-

120 410 180 442 tos
202 404 295 441 deos
317 403 584 442 discriminum
606 409 642 442 et
662 404 921 454 periculorum
945 404 1104 442 comites
1126 403 1358 454 adiungeret.
1399 403 1516 442 Prae-

119 465 220 497 terea
248 459 424 510 ipsorum
452 460 612 498 deorum
634 472 747 511 saepe
767 459 1023 510 praesentiae,
1052 459 1183 510 quales
1206 472 1322 510 supra
1344 472 1517 498 comme-

118 515 277 561 moravi,
300 516 489 554 declarant
510 515 556 554 ab
576 515 635 553 his
657 522 692 554 et
714 515 926 554 civitatibus
949 521 985 554 et
1005 515 1164 565 singulis
1181 515 1404 554 hominihus
1423 527 1517 554 con—

118 571 207 609 suli:
231 572 334 622 quod
356 572 509 622 quidem
531 571 750 621 intelligitur
771 572 886 610 etiam
905 571 1249 621 significationibus
1265 584 1395 610 rerum
1412 572 1517 610 futu-

116 639 265 674 rarum,
296 640 390 678 quae
419 633 499 665 tum
528 628 809 665 dormientibus
838 633 920 665 tum
949 627 1190 676 vigilantibus
1218 628 1515 678 portenduntur.

117 683 233 721 Multa
260 689 456 733 praeterea
485 682 666 729 ostentis,
695 683 813 721 multa
834 683 928 720 extis
950 683 1206 721 admonemur
1226 683 1434 733 multisque
1454 695 1516 720 re—

116 738 187 777 bus
210 739 312 785 aliis,
345 751 439 789 quas
461 738 665 777 diuturnus
688 750 782 776 usus
804 738 853 775 ita
874 739 1036 783 notavit,
1069 744 1110 776 ut
1131 743 1252 776 artem
1275 738 1516 777 divinationis

116 795 293 832 efficeret.
334 794 454 832 Nemo
477 794 591 843 igitur
612 794 668 831 vir
687 806 850 843 magnus
873 793 956 831 sine
978 794 1103 845 aliquo
1126 794 1252 831 afflatu
1275 794 1403 832 divino
1425 806 1513 832 um-

115 862 229 900 quam
258 849 338 887 suit.
386 849 465 887 Nec
491 862 580 887 vero
613 849 686 897 [id]
718 849 768 887 ita
795 849 1045 888 refellendum
1074 854 1151 895 est,
1178 855 1236 895 ut,
1264 850 1296 887 si
1324 849 1515 899 segetibus

114 910 177 943 aut
197 904 333 942 vinetis
351 904 564 955 cuiuspiam
580 910 789 955 tempestas
807 905 994 952 nocuerit,
1018 910 1081 943 aut
1098 905 1130 943 si
1149 905 1239 955 quid
1256 918 1276 943 e
1292 905 1389 943 vitae
1407 917 1516 942 com-

114 961 243 999 modis
268 973 378 999 casus
400 960 613 1007 abstulerit,
635 973 741 1006 611111,
764 961 823 999 6111
846 961 934 1012 quid
956 962 1095 999 horum
1119 961 1312 1007 acciderit,
1334 966 1398 999 aut
1418 960 1515 998 invi-

113 1028 199 1054 sum
222 1017 292 1054 deo
314 1022 378 1054 aut
393 1016 607 1065 neglectum
624 1029 644 1054 a
661 1017 731 1055 deo
750 1017 975 1055 iudicemus.
1010 1018 1145 1067 Magna
1163 1017 1213 1055 dii
1232 1023 1377 1061 curant,
1400 1028 1516 1066 parva

113 1072 319 1122 negligunt.
360 1073 506 1122 Magnis
534 1078 659 1111 autem
687 1073 775 1110 viris
798 1085 985 1123 prospere
1008 1085 1160 1123 semper
1181 1073 1360 1111 eveniunt
1381 1084 1516 1110 omnes

113 1140 195 1173 res,
223 1128 412 1178 siquidem
442 1128 533 1166 satis
562 1142 582 1167 a
602 1129 749 1166 nostris
771 1134 807 1166 et
828 1142 847 1166 a
868 1128 1043 1179 principe
1064 1128 1335 1179 philosophiae
1358 1128 1517 1166 Socrate

114 1184 257 1222 dictum
279 1190 336 1222 est
356 1184 401 1221 de
422 1184 658 1222 ubertatibus
680 1184 829 1222 virtutis
851 1191 888 1222 et
910 1184 1044 1234 copiis.

1548 300 1610 332 166

1549 797 1608 829 167

225 1240 326 1278 Haec
347 1240 440 1277 mihi
463 1242 538 1278 fere
560 1240 599 1277 in
620 1246 789 1278 mentem
815 1240 1028 1286 veniebant,
1052 1253 1148 1290 quae
1165 1239 1322 1278 dicenda
1339 1246 1515 1290 putarem
1540 1236 1592 1274 67

112 1295 158 1333 de
178 1300 313 1333 natura
334 1296 507 1333 deorum.
546 1295 603 1333 Tu
621 1302 760 1341 autem,
784 1296 905 1342 Cotta,
930 1295 961 1334 si
980 1308 1040 1333 me
1059 1295 1203 1342 audias,
1226 1295 1385 1334 eandem
1405 1308 1514 1333 caus—

112 1363 193 1388 sam
216 1364 304 1401 ages
326 1357 437 1401 teque
460 1356 495 1390 et
516 1352 731 1402 principem
755 1351 874 1389 civem
896 1358 932 1390 et
953 1351 1175 1402 pontificem
1198 1364 1285 1389 esse
1303 1351 1446 1400 cogites
1465 1356 1513 1395 et,

113 1406 295 1456 quoniam
322 1408 362 1445 in
389 1412 591 1457 utramque
612 1413 762 1457 partem
784 1407 892 1445 vohis
914 1407 1001 1445 licet
1022 1407 1238 1458 disputare,
1264 1408 1363 1445 hanc
1383 1406 1514 1457 potius

112 1475 260 1508 sumaS,
282 1475 441 1512 eamque
463 1463 677 1501 facultatem
699 1463 929 1508 disserendi,
954 1475 1069 1513 quam
1091 1463 1159 1501 11111
1181 1476 1201 1500 a
1222 1462 1424 1500 rhetoricis
1448 1474 1515 1500 ex-

112 1518 398 1556 ercitationibus
422 1525 617 1569 acceptam
638 1518 877 1568 amplificavit
893 1519 1108 1565 Academia,
1131 1519 1208 1557 huc
1228 1518 1357 1569 potius
1382 1519 1513 1557 confe—

109 1695 262 1735 wollten,
286 1696 316 1726 in
335 1696 492 1726 welchem
512 1695 610 1726 Sinne
629 1696 694 1727 Cic.
714 1707 773 1727 uu-

110 1745 164 1771 ten
182 1739 235 1780 HI,
255 1739 295 1770 36
315 1741 375 1771 den
394 1740 489 1772 Cotta
509 1741 607 1771 reden
626 1741 721 1772 l'zisst.

157 1807 229 1838 166.
256 1808 367 1848 quales
384 1818 490 1850 snpra
507 1818 621 1839 comm.
640 1819 667 1839 6.
686 1808 722 1849 2,
741 1809 772 1839 5.

108 1870 152 1874 -—
168 1863 267 1894 saepe
280 1854 503 1895 praesentiae,
521 1852 668 1894 Hyphen.

155 1918 228 1950 167.
257 1919 323 1959 [id]
346 1922 393 1950 ι’ία
414 1920 521 1961 refell.
563 1919 628 1950 Das
645 1919 772 1950 Prono-

106 1973 178 1994 men
203 1964 246 1995 ist
267 1974 331 1995 von
354 1965 415 1995 den
434 1964 572 1995 Abschr.
596 1965 770 2004 ausgelas-

107 2018 180 2046 sen,
199 2008 306 2039 durfte
324 2009 404 2040 aber
420 2009 492 2040 hier
509 2009 598 2040 1116111
613 2008 733 2040 fehlen.

149 2087 275 2118 mag-na
297 2076 347 2108 dle·
369 2080 506 2116 curant,
528 2087 637 2119 parva
663 2077 770 2118 negli-

101 2124 198 2162 gunt.
245 2121 404 2153 Derselbe
429 2121 585 2153 Gedanke
609 2122 640 2152 in
665 2122 769 2152 einem

104 2165 372 2207 Euripideisehen
390 2176 453 2197 von
473 2166 638 2197 Plutarch.
655 2165 768 2197 Praec.

105 2211 169 2251 pol.
195 2222 221 2241 c.
245 2211 283 2241 15
308 2210 415 2250 anges.
433 2210 555 2242 Vei-se:
586 2211 658 2242 τῶν
676 2206 770 2251 ἄγαν

103 2253 172 2297 μὲν
189 2251 341 2287 ἅπτεται
365 2252 464 2293 Θεός,
483 2251 525 2286 τὰ
542 2252 655 2298 μικρὰ
675 2252 705 2285 δ’
719 2255 770 2290 εἰς

104 2296 214 2342 τύχην
233 2296 329 2335 ἀνεὶς
345 2297 397 2341 ἐᾷ.

148 2364 282 2402 magnis
310 2363 394 2393 viris
421 2372 585 2405 prospere
613 2363 770 2393 eveniunt

107 2415 218 2436 omnes
244 2416 316 2446 res,
342 2406 372 2438 d.
390 2408 420 2437 h.
441 2407 501 2437 deu
520 2406 675 2445 VVeisen,
700 2406 767 2437 Tu*

105 2450 315 2489 gendhaften:
345 2451 421 2482 weil
446 2452 583 2482 n‘zimlich
607 2452 687 2482 nach
706 2451 767 2482 deu

106 2494 257 2525 Stoikern
288 2496 400 2527 diesen
430 2496 481 2527 die
506 2495 643 2536 Tugend
666 2496 766 2526 allein

106 2548 166 2568 zur
183 2537 440 2581 Gliickseligkeit
457 2541 589 2581 geniigt,
608 2541 670 2571 und
690 2541 766 2571 'zius-

106 2593 180 2614 sere
209 2583 310 2624 Dinge
340 2586 387 2616 sie
421 2586 534 2617 weder
563 2585 767 2626 gliicklicher

847 1697 928 1726 noch
954 1696 1203 1736 ungliicklicher
1218 1697 1352 1727 macheu
1371 1696 1513 1726 konnen.

846 1741 966 1771 Diesen
992 1740 1104 1772 Grund
1130 1741 1245 1772 deutet
1272 1741 1331 1771 der
1360 1739 1514 1779 folgende

846 1784 925 1816 Satz
942 1795 998 1816 an:
1022 1785 1185 1827 siquidem
1206 1787 1291 1816 satis
1314 1785 1439 1816 dietum
1463 1786 1515 1815 est

845 1832 922 1870 ete„
946 1840 1008 1861 von
1033 1831 1105 1860 deul
1129 1840 1164 1860 es
1188 1830 1283 1860 kaum
1305 1829 1419 1868 nb'thig
1442 1828 1513 1859 sein

844 1874 958 1904 wiirde
978 1884 1019 1904 zu
1037 1874 1230 1913 bemerken,
1257 1874 1333 1905 dass
1352 1884 1390 1904 er
1407 1873 1513 1904 soviel

844 1918 982 1949 1161161116
1005 1919 1071 1949 als:
1103 1918 1147 1950 ad
1169 1919 1254 1949 lianc
1279 1928 1352 1950 rem
1375 1918 1512 1950 demon-

842 1963 1019 1995 strandmn
1032 1966 1116 1995 satis
1131 1963 1257 1995 dietum
1272 1966 1337 1994 est:
1356 1964 1420 1994 und
1435 1963 1511 1993 dass

843 2008 943 2039 damit
967 2008 1054 2039 nicht
1078 2009 1129 2039 die
1154 2008 1258 2039 Sache
1282 2008 1402 2048 selbst‚
1434 2018 1511 2038 sou-

842 2053 922 2083 dern
948 2063 1009 2084 nur
1032 2053 1083 2083 die
1102 2053 1343 2093 Berechtigung
1366 2053 1423 2083 des
1447 2051 1512 2082 Re-

843 2098 980 2137 denden,
1001 2097 1048 2128 sie
1065 2108 1105 2128 zu
1119 2098 1312 2139 bebaupten,
1326 2097 1513 2136 begriindet

843 2143 977 2173 werden
1007 2142 1086 2173 soll:
1116 2152 1211 2172 wenn
1242 2142 1329 2172 nicht
1357 2141 1510 2172 wirklich

842 2187 912 2217 dies
931 2198 993 2217 von
1013 2187 1150 2226 Einigen
1169 2186 1333 2217 verkannt
1350 2186 1452 2216 w'zire.

887 2247 956 2286 67.
999 2253 1071 2284 168.
1107 2255 1140 2284 in
1172 2255 1352 2294 utramque
1376 2255 1510 2296 partem

843 2298 928 2340 disp.
963 2297 1038 2338 Vgl.
1058 2297 1192 2328 Tuscul.
1210 2297 1253 2335 II,
1279 2297 1314 2337 3,
1341 2297 1376 2328 9:
1409 2297 1509 2329 Peri-

838 2345 1064 2385 pateticorum
1081 2341 1349 2383 Academiaeque
1372 2352 1510 2373 consue-

842 2387 938 2428 tado,
962 2387 1002 2419 de
1026 2389 1178 2419 omnibus
1203 2389 1302 2419 rebus
1326 2389 1358 2417 2'72
1377 2389 1510 2418 contra-

842 2435 911 2464 rias
926 2435 1045 2475 partes
1063 2431 1260 2464 disserendi.

885 2497 1101 2540 amplificavit
1116 2496 1311 2528 Academia.
1345 2495 1423 2527 Wie
1441 2495 1509 2526 f‘o'r-

841 2542 964 2573 derlicb
983 2542 1103 2581 ger-ade
1121 2542 1173 2572 die
1190 2541 1418 2572 akademische
1432 2539 1508 2570 Phi-

841 2587 988 2629 losophie
1014 2587 1084 2617 dem
1103 2586 1234 2617 Redner
1251 2585 1432 2617 besonders
1449 2585 1507 2615 da-

1547 1296 1607 1328 168
