1684 2819
622 147 780 180 Linea
800 147 842 179 11.
864 148 918 189 is,
939 148 995 180 42.
1015 148 1069 178 43.
1494 149 1547 188 99

140 277 225 303 rum
258 263 435 316 recipere
467 262 599 302 iussus
632 261 775 301 collum
810 261 1040 301 contraxit?
1091 261 1261 301 Tantum
1295 263 1547 313 exercitatio,

139 318 357 368 meditatio,
383 318 625 359 consuetudo
648 318 767 358 valet.
803 318 908 372 Ergo
932 317 1005 358 boc
1028 319 1173 371 poterit

274 385 456 435 Samnis,
479 400 655 440 spurcus
677 386 811 431 homo,
836 387 921 425 vila
944 387 1017 425 illa
1041 386 1195 440 dignus
1218 387 1409 442 locoque,-

139 454 215 503 vir,
240 462 354 494 natus
371 453 418 493 ad
439 454 621 507 gloriam,
648 453 765 493 ullam
790 460 936 506 partem
956 454 1075 494 animi
1097 461 1175 494 tam
1194 454 1349 494 mollem
1372 453 1545 501 habebit,

138 525 249 563 quam
281 525 358 550 non
381 511 633 550 meditatione
667 517 705 549 et
735 511 889 549 ratione
912 510 1169 550 corroboret?
1188 562 1191 565 Ι
1212 511 1379 551 Crudele
1402 511 1550 564 gladia-

136 573 265 607 torum
298 567 558 621 spectaculum
595 573 630 607 et
662 567 917 606 inhumanum
952 566 1152 607 nonnullis
1180 567 1306 607 videri
1338 567 1466 618 solet,
1511 574 1551 606 et

139 624 239 663 haud
272 625 353 664 scio
376 638 425 663 au
457 623 513 663 ita
535 623 602 671 sit,
638 630 680 662 ut
702 636 803 662 nunc
825 622 880 661 fit.
925 621 1048 671 Quum
1071 636 1168 662 vero
1191 631 1326 681 SEQPS
1350 625 1455 663 ferro
1479 624 1551 663 de-

137 680 378 734 pugnabant,
403 679 562 719 aurihus
585 680 751 718 fortasse
770 678 929 726 multae,
955 678 1075 718 oculis
1095 679 1247 730 quidem
1267 679 1369 719 nulla
1396 686 1551 733 poterat

139 749 227 777 esse
249 736 389 775 fortior
411 742 548 775 contra
572 734 743 774 dolorem
768 740 807 774 et
827 740 994 773 mortem
1018 735 1239 788 disciplina.

251 804 306 843 De
330 802 617 843 exercitatione
650 809 687 841 et
709 802 994 841 consuetudine
1028 809 1066 841 et
1090 803 1421 842 commentatione
1444 803 1539 842 dixi.
1562 803 1620 849 18

135 859 219 913 Age
241 859 313 906 sis,
348 873 451 899 nuuc
474 859 519 898 de
542 859 696 898 ratione
718 858 919 899 videamus
935 889 945 907 ,
980 858 1056 899 nisi
1080 859 1167 912 quid
1192 860 1251 899 vis
1274 859 1321 898 ad
1346 859 1455 899 baec.
1489 859 1547 900 A.
1573 868 1616 900 42

136 916 349 970 EgQth
379 922 416 956 te
448 914 724 968 interpellem?
764 914 823 955 Ne
857 915 929 954 hoc
952 915 1102 967 quidem
1127 915 1294 965 vellem3
1328 916 1383 955 ita
1413 929 1474 955 me
1504 917 1550 954 ad

138 972 371 1013 credendum
404 979 469 1011 tua
500 972 603 1011 ducit
635 972 775 1011 oratio.
838 971 900 1011 M.
946 971 1055 1012 Sitne
1087 972 1209 1026 igitur
1240 972 1383 1012 malum
1417 971 1549 1012 dolere

136 1042 283 1078 necne,
319 1028 441 1068 Stoici
471 1028 667 1077 viderint,
705 1028 766 1080 qui
801 1028 1036 1082 contortulis
1070 1029 1297 1081 quibusdam
1321 1035 1360 1067 et
1390 1029 1550 1068 minutis

137 1085 468 1126 conclusiunculis
491 1099 563 1125 nec
586 1085 632 1124 ad
655 1097 794 1124 sensus
818 1085 1138 1137 permanantibus
1162 1085 1258 1126 effici
1280 1084 1443 1134 volunt,
1470 1099 1550 1124 nou

138 1156 226 1182 esse
248 1142 390 1181 malum
424 1141 614 1181 dolorem.
668 1141 752 1194 Ego
783 1140 900 1190 illud,
936 1141 1119 1194 quicquid
1149 1142 1224 1191 sit,
1262 1149 1411 1182 tantum
1442 1155 1546 1189 esse,

138 1205 323 1251 quantum
348 1199 547 1248 videatur,
584 1212 661 1237 non
693 1205 809 1251 puto,
846 1197 1019 1251 falsaque
1050 1199 1133 1239 eius
1165 1198 1318 1239 visione
1351 1205 1390 1238 et
1419 1198 1548 1251 specie

136 1256 288 1294 moveri
321 1254 499 1295 homines
533 1255 618 1294 dico
649 1254 950 1304 vehementius,
987 1255 1240 1308 doloremque
1274 1268 1428 1295 omnem
1462 1267 1550 1294 esse

136 1311 397 1351 tolerabilem.
443 1311 552 1352 Unde
574 1311 696 1364 igitur
717 1311 881 1351 ordiar?
912 1325 960 1350 an
985 1312 1118 1352 eadem
1142 1312 1318 1353 breviter
1342 1311 1546 1364 attingam,

137 1381 237 1421 quae
259 1368 372 1407 modo
397 1367 493 1417 dixi,
521 1382 596 1420 quo
621 1367 770 1407 facilius
794 1367 921 1407 oratio
944 1368 1128 1422 progredi
1151 1369 1275 1422 possit
1298 1367 1485 1421 longius?

248 1434 355 1476 Inter
372 1449 508 1476 omnes
531 1435 650 1489 igitur
673 1436 745 1475 hoc
766 1442 934 1484 constat,
954 1449 1026 1475 nec
1047 1436 1181 1476 doctos
1204 1436 1384 1476 homines
1404 1435 1545 1483 solum,

135 1491 203 1531 sed
237 1492 354 1531 etiam
382 1493 586 1541 indoctos,
621 1492 795 1531 virorum
827 1505 914 1532 esse
945 1492 1103 1531 fortium
1140 1499 1178 1531 et
1208 1491 1547 1544 magnanimorum

136 1555 174 1587 et
203 1548 430 1601 patientium
463 1556 503 1587 et
534 1548 701 1587 humana
725 1548 981 1596 vincentium,
1014 1548 1229 1587 toleranter
1251 1548 1427 1587 dolorem
1449 1548 1545 1601 pati,

135 1617 207 1643 nec
230 1617 327 1643 vero
350 1605 552 1657 quisquam
577 1604 648 1642 fuit
663 1634 672 1651 ,
711 1604 773 1656 qui
797 1617 884 1643 eum
902 1636 911 1653 ,
949 1604 1013 1657 qui
1035 1604 1088 1643 ita
1110 1611 1327 1657 pateretur,
1363 1618 1441 1643 non
1464 1604 1548 1644 lau—

136 1660 302 1699 dandum
327 1667 497 1713 putaret.
534 1659 642 1710 Quod
661 1674 754 1712 ergo
775 1667 812 1699 et
835 1656 1053 1712 postulatur
1068 1674 1090 1700 a
1107 1660 1272 1700 fortibus
1291 1667 1330 1700 et
1346 1661 1544 1709 laudatur,

136 1730 252 1769 quum
275 1716 343 1766 fit,
377 1717 415 1756 id
445 1724 511 1756 aut
541 1716 805 1756 extimescere
827 1717 993 1757 veniens
1016 1724 1084 1756 aut
1112 1731 1190 1757 non
1214 1718 1318 1756 serre
1341 1730 1547 1770 praesens,

1571 1442 1615 1474 43

169 1858 318 1899 ferrum
335 1861 503 1900 recipere.
526 1858 635 1890 Wenn
651 1859 710 1890 das
721 1858 807 1891 Volk

134 1902 240 1934 einem
257 1903 427 1943 besiegten
438 1902 616 1935 Gladiator
630 1904 719 1936 nieht
732 1915 807 1936 ver-

132 1948 228 1988 zieh,
273 1959 308 1979 so
334 1949 403 1980 ries
433 1960 487 1980 es:
532 1952 648 1990 recipe
675 1951 802 1982 telum!

132 1993 164 2025 d.
186 1994 218 2024 h.
240 1995 401 2036 iugulum
423 1995 468 2026 da
488 1997 628 2026 victori.

176 2039 364 2071 medicatio
392 2040 465 2071 hier
483 2041 548 2071 und
569 2040 658 2072 iifter
684 2040 804 2082 prak-

131 2084 244 2116 tisch
258 2095 274 2116 e
293 2084 556 2126 Vorbereitung.

178 2129 319 2161 Samnis
346 2135 433 2171 etc.‚
464 2141 524 2162 aus
542 2131 652 2162 Lucil.
673 2130 745 2162 Sat.
768 2132 800 2170 4,

131 2175 162 2205 2.
191 2174 253 2206 Die
270 2175 458 2215 Samnitem,
481 2177 532 2207 die
553 2177 703 2213 starken,
723 2176 804 2207 aber

130 2230 244 2251 armen
263 2220 371 2252 Sohne
391 2222 449 2253 des
467 2220 641 2262 Gebirges,
666 2222 803 2253 wurden

130 2265 180 2296 oft
199 2264 431 2299 Gladiatoren.
459 2266 534 2307 Vgl.
557 2267 615 2299 lv.
630 2267 741 2307 21,48
762 2278 803 2298 zu

132 2311 359 2344 Paetde‘anus.

176 2357 326 2388 auribus
358 2375 401 2380 —-
434 2358 590 2398 multae,
640 2368 704 2389 von
742 2357 803 2388 den

130 2402 259 2432 scholis
303 2403 596 2444 philosopho-rum
650 2414 691 2434 zu
729 2413 805 2435 ver-

133 2446 264 2478 stehen.

178 2492 338 2532 quidem,
361 2503 386 2523 s.
410 2504 450 2524 zu
470 2493 495 2524 I.
518 2494 572 2533 27,
593 2495 648 2525 67.

175 2533 239 2570 18.
266 2538 322 2569 42.
359 2542 677 2577 commentatione,
705 2550 730 2570 s.
762 2550 803 2570 zu

133 2578 157 2610 1.
179 2581 234 2621 30,
252 2583 306 2613 74.

924 1859 972 1890 acl
985 1859 1091 1890 haec.-
1118 1869 1243 1899 „wenn
1259 1859 1301 1890 du
1316 1858 1432 1890 Nichts
1446 1869 1551 1899 gegen

878 1904 938 1935 das
956 1904 1133 1945 Bisherige
1160 1904 1400 1936 einzuwendeu
1429 1905 1548 1936 hast“.

877 1949 1085 1990 vg1.1.-1,7
1113 1960 1154 1981 zu
1178 1950 1227 1982 ad
1248 1950 1295 1981 id.

921 1996 1043 2037 Egone
1060 1999 1103 2027 ut
1127 1999 1160 2027 te
1184 1995 1432 2037 interpellem?
1456 1995 1551 2026 siche

876 2040 998 2083 Zumpt
1017 2039 1074 2072 Gr.
1098 2040 1114 2082 §
1131 2040 1195 2072 609
1215 2045 1303 2072 extr.

920 2087 966 2117 acl
976 2087 1419 2128 sensuspermanantibus.
1437 2086 1551 2116 Aehn-

873 2131 937 2162 lich
955 2131 1011 2163 lv.
1032 2132 1062 2171 1,
1079 2132 1116 2162 2:
1137 2132 1371 2174 Pythagorae
1386 2131 1549 2162 doctrina

869 2179 1138 2218 permanavisse
1153 2188 1184 2208 m
1190 2178 1222 2208 ili
1229 2179 1242 2207 ἰ
1253 2177 1329 2208 vide
1335 2180 1370 2207 tu
1377 2187 1395 2208 7·
1409 2179 1444 2207 ἰη
1461 2177 1480 2207 h
1487 2187 1505 2207 α
1511 2186 1529 2206 η
1536 2186 1551 2205 c

876 2224 1054 2253 civilatem
1063 2246 1069 2253 .

921 2268 1162 2309 doloremque.
1183 2266 1252 2299 Das
1267 2268 1298 2298 in
1317 2268 1346 2299 d.
1365 2267 1461 2298 codd.
1481 2267 1551 2296 hier

875 2312 1032 2352 folgeude
1052 2315 1127 2343 eius
1153 2313 1258 2344 haben
1280 2313 1359 2352 wir,
1390 2312 1440 2343 als
1461 2312 1552 2343 sinn-

874 2358 936 2397 los,
958 2359 1016 2389 mit
1034 2356 1185 2399 Tregder
1202 2358 1408 2399 gestriehen.

920 2403 975 2434 43.
1017 2403 1118 2444 Quod
1147 2413 1231 2445 ergo
1260 2408 1325 2435 etc.
1370 2402 1438 2433 Der
1463 2401 1550 2432 Aus-

874 2448 979 2480 druck
1013 2448 1056 2480 ist
1099 2459 1275 2489 ungenaug
1325 2449 1410 2479 denn
1451 2451 1549 2477 unter

874 2494 970 2536 quod
987 2493 1031 2524 ist
1055 2494 1212 2525 dolorem
1235 2495 1430 2525 toleranter
1450 2494 1545 2533 pati,

873 2544 971 2571 unter
995 2539 1033 2570 id
1057 2539 1138 2570 aber
1163 2539 1222 2570 der
1250 2537 1480 2570 d0l01·selbst
1506 2547 1550 2566 zu

873 2584 1067 2616 verstehen.

1300 2638 1352 2674 7*
