1684 2819
100 976 130 1059 1

541 154 668 186 Lien
685 154 1089 196 R111.1S‚39.4o.41.

1442 154 1519 193 137

115 271 325 325 Thyestem
357 270 489 310 levare
513 269 662 322 'poterit
684 276 751 309 aut
772 269 935 310 Aeetam
950 300 960 320 ,
994 269 1039 309 de
1062 282 1137 324 quo
1159 268 1287 322 paullo
1311 275 1401 308 ante
1424 268 1522 318 dixi,
1548 277 1590 309 39

117 334 184 368 aut
206 327 480 374 Telamonem,
514 326 666 379 pulsum
700 326 848 379 patria,
884 326 1134 367 exsulantem
1165 332 1280 378 atque
1315 326 1526 379 egentem?

117 385 156 424 in
189 397 264 437 quo
296 384 392 423 haee
423 382 629 422 admiratio
661 382 804 422 flebat.

261 438 411 479 Hieme
442 445 505 479 esc
533 439 604 478 ille
632 438 814 490 Te'lamo,
840 439 956 479 modo
989 453 1101 494 quem
1130 437 1275 504 gloria
1297 438 1354 478 ad
1372 438 1527 478 caelum

1254 491 1432 535 Amalec?

262 552 384 604 Quem
408 551 731 605 (id-spectabant?
753 552 871 591 olims
894 551 941 590 ob
961 565 1004 590 os
1027 550 1150 591 Graii
1170 549 1245 590 ὀνα
1267 551 1389 590 olmer
1392 548 1530 591 teba'nt

1255 621 1327 646 sua
1340 610 1359 646 ἶ)

123 663 233 714 Quod
266 663 299 702 si
331 663 416 712 cui,
450 671 492 703 ut
521 664 575 703 ait
602 663 731 712 idem,
762 664 887 703 simul
914 664 1073 702 animus
1102 677 1189 702 cum
1214 676 1257 702 re
1281 662 1473 711 concidit,
1511 675 1533 701 a
1554 670 1597 701 40

121 720 305 773 gravibus
327 720 405 759 illis
429 719 599 771 antiquis
617 718 859 772 philosophis
882 719 1049 772 petenda
1070 718 1265 758 medicina
1287 726 1360 766 est,
1384 732 1462 758 non
1484 718 1530 759 ab

120 776 182 817 his
203 776 452 829 voluptariis.
499 775 621 826 Quam
645 775 746 814 enim
777 776 843 816 isti
872 774 1063 815 bonorum
1088 775 1237 828 copiam
1260 774 1423 815 dicunt?
1454 775 1532 814 Fac

122 844 217 872 sane
248 845 336 871 esse
366 845 559 872 summum
581 831 723 871 honum
756 846 834 871 non
858 831 1015 881 doleret,
1050 845 1280 884 quamquam
1303 831 1340 870 id
1362 845 1440 870 non
1461 845 1532 871 vo-

121 895 232 928 catur
252 889 460 941 voluptas,
493 888 560 928 sed
584 901 662 927 non
685 901 850 929 necesse
880 894 941 928 est
962 901 1065 928 nunc
1087 887 1234 937 omnia,
1259 912 1313 917 ——
1336 887 1426 927 idne
1455 894 1530 936 est,

122 959 197 998 quo
221 945 385 984 traducti
407 945 549 985 luctum
573 944 776 985 levemus?
798 945 857 985 Sit
878 958 974 985 sane
992 958 1186 985 summum
1208 944 1350 984 malum
1374 943 1532 993 dolere3

120 1015 161 1041 111
193 1013 240 1040 eo
270 1000 391 1055 igitur
422 1001 485 1053 qui
517 1015 595 1040 non
626 1007 708 1050 est,
742 1001 775 1041 si
806 1001 908 1041 malo
939 1008 1089 1050 careat,
1122 1001 1361 1041 continuone
1391 999 1536 1039 fruitur

122 1071 274 1098 summo
303 1057 434 1097 hono?
464 1057 561 1108 Quid
592 1065 918 1115 tergiversamur,
942 1058 1128 1112 Epicure,
1154 1071 1226 1098 nec
1256 1058 1425 1098 fatemur
1446 1070 1530 1096 eam
1553 1063 1592 1094 41

123 1127 195 1154 nos
227 1114 358 1153 dicere
388 1115 650 1168 voluptatem,
688 1129 802 1167 quam
834 1122 875 1155 tu
905 1115 1032 1165 idem,
1067 1129 1184 1167 quum
1208 1127 1252 1154 os
1274 1112 1533 1167 perfricuisti,

124 1170 228 1211 soles
250 1171 413 1210 dicere?
450 1170 548 1210 Sunt
570 1171 664 1211 haec
687 1178 753 1211 tua
773 1171 896 1212 verba
918 1171 1070 1232 necne?
1106 1172 1149 1210 In
1171 1185 1217 1211 eo
1240 1170 1394 1223 quidem
1415 1169 1533 1218 libro,

171 1283 213 1314 de
228 1293 297 1324 quo
314 1283 440 1323 paullo
459 1288 542 1316 aute
562 1284 660 1319 dz'oez'
695 1284 796 1316 niiml.

127 1328 180 1369 12,
200 1328 256 1360 26.
298 1327 374 1360 Man
402 1329 500 1361 sollte
529 1330 570 1361 de
593 1331 720 1371 qulbus
747 1341 799 1361 er-

124 1352 273 1414 wa'rten,
308 1374 347 1405 da
376 1376 458 1406 auch
486 1375 561 1406 dort
587 1386 649 1406 von
678 1375 798 1407 beiden

125 1420 179 1451 die
198 1418 288 1450 Rede
306 1429 391 1451 war.

174 1463 416 1505 Telamonem,
466 1466 609 1507 pulsum
656 1467 796 1508 patria.

124 1509 238 1542 Zwiilf
256 1510 357 1542 Jahre
387 1511 468 1542 nach
496 1511 714 1552 Beendigung
742 1511 800 1543 des

124 1556 251 1597 trojan.
288 1554 429 1596 Rrieges
472 1557 539 1587 und
572 1555 801 1597 Verstossung

128 1601 239 1632 seines
275 1600 403 1632 Sohnes
437 1600 570 1633 Teucer
608 1602 723 1633 wurde
764 1612 801 1633 er

128 1646 231 1677 durch
260 1645 311 1676 die
326 1646 514 1687 ‚Hinterlist
542 1647 654 1677 seiner
671 1646 800 1678 Feinde

128 1701 188 1722 aus
208 1690 332 1722 seinem
352 1690 474 1722 Reiche
494 1691 686 1732 verdriingt.

175 1738 208 1767 in
228 1746 296 1777 qao
314 1741 379 1768 etc.
402 1735 533 1768 Ebenso
549 1736 588 1768 de
603 1737 659 1768 fin.
676 1736 700 1768 l.
715 1737 799 1777 2,4:

130 1784 165 1813 in
185 1782 310 1823 quibus
329 1782 392 1813 hoc
404 1784 566 1823 primum
585 1786 648 1822 est,
679 1784 711 1813 z'n
731 1793 800 1824 quo

130 1827 308 1867 admirer,-
328 1827 367 1858 de
382 1831 468 1859 orat.
483 1826 506 1858 l.
524 1827 578 1868 11,
591 1828 655 1858 47:
677 1838 746 1868 quo
765 1830 801 1859 in

132 1873 221 1904 libro
247 1874 283 1904 in
309 1872 374 1903 lzoc
400 1874 558 1904 maoez'me
592 1873 803 1905 admirabar

131 1918 328 1957 Platonem,
346 1917 441 1958 quod
458 1922 520 1949 etc.
542 1916 633 1958 (Vgl.
648 1917 674 1956 l,
689 1918 744 1959 21,
758 1919 801 1950 48

132 1973 174 1995 zu
189 1963 350 2004 gloriari
365 1973 398 1994 u.
411 1961 453 1994 V.
472 1963 506 2003 9,
522 1963 565 1994 24
584 1974 623 1995 zu
639 1961 800 2007 vexare.)

175 2009 298 2040 Hicine
317 2012 382 2040 etc.
402 2006 493 2039 Nach
508 2007 657 2041 Ribbeck
676 2009 723 2051 (p.
738 2009 802 2041 329

132 2053 199 2096 sq.)
226 2053 302 2085 sind
319 2063 354 2085 es
371 2053 492 2085 Worte
511 2054 569 2086 des
587 2053 719 2086 Teucer
743 2065 804 2087 aus

132 2100 205 2131 dem
225 2098 487 2142 ,‚Eurysaces“
508 2100 566 2131 des
584 2099 709 2132 Attius.

178 2145 235 2176 40.
256 2154 334 2176 eum
352 2154 446 2176 re=
461 2155 540 2177 eum
557 2145 802 2188 refamilz‘arz'.

135 2189 233 2222 Ovid.
254 2189 351 2221 Pont.
371 2189 425 2221 lv.
452 2190 505 2230 12,
526 2191 567 2222 47
581 2201 651 2233 sq.:

136 2235 243 2268 Crede
277 2236 391 2267 mz'lzz':
432 2238 580 2268 miseros
608 2236 804 2279 prudentia

407 2283 531 2323 prima
551 2282 722 2324 relinquit

130 2336 138 2344 ·
181 2327 228 2358 Ec
249 2336 371 2357 sensus
398 2336 477 2358 cum
493 2336 532 2358 re
550 2328 805 2369 consili-umque

406 2372 526 2414 fugit.
542 2390 588 2395 —

136 2415 216 2449 Ter.
238 2415 326 2448 Eun.
355 2415 399 2448 ΙΙ.
419 2417 453 2457 2,
476 2417 538 2449 10:
566 2418 674 2449 simvl
697 2420 808 2451 consi-

138 2461 223 2494 lium
251 2472 329 2493 cum
355 2472 394 2494 re
419 2464 570 2494 amisti?

185 2507 585 2550 antz'quz'splzz'losophz's,
597 2518 623 2540 s.
640 2508 692 2545 17,
706 2508 749 2540 36
760 2508 804 2539 in.

184 2562 360 2584 summum
395 2554 521 2585 bonum
564 2563 632 2585 non
675 2553 807 2585 dolere.

140 2594 265 2638 Epicur
277 2597 330 2629 bei
345 2597 439 2639 Diog.
453 2597 492 2630 L.
504 2597 549 2630 X.
565 2598 648 2631 128:
670 2596 810 2630 Τούτου

863 1281 978 1336 χάριν
1003 1293 1154 1315 “napta
1188 1293 1413 1338 Ἠραῒῒθμξῖἢ
1442 1292 1542 1318 ΟΤῙως

867 1325 960 1373 μήτε
987 1325 1157 1373 ἀλγῶμεν
1180 1340 1273 1374 μητε
1301 1329 1504 1372 ταρβῶμεν-

915 1385 1008 1406 nunc
1044 1385 1177 1407 omma.
1236 1375 1297 1406 Die
1330 1374 1542 1413 Auslassung

869 1420 953 1452 auch
972 1420 1031 1452 des
1050 1420 1144 1452 lnfin.
1166 1421 1283 1453 dicere
1301 1420 1346 1452 ist
1364 1419 1457 1451 nicht
1474 1418 1541 1449 sel-

868 1470 938 1497 t.en
967 1465 1010 1497 So
1029 1465 1068 1497 de
1087 1471 1154 1497 nat.
1173 1466 1214 1499 D.
1230 1465 1301 1506 Ι.8,
1318 1466 1358 1496 19
1376 1465 1539 1505 Longum

872 1515 934 1551 est,
957 1511 1004 1543 ad
1021 1514 1154 1543 ommssa

917 1556 1115 1597 41.Q1cz'd
1155 1560 1437 1599 ter-'wgamsamm
1473 1558 1539 1585 ete.

872 1600 971 1632 Sinn:
993 1600 1104 1632 VVenn
1124 1601 1167 1632 du
1185 1612 1226 1633 an
1247 1602 1305 1633 der
1322 1601 1417 1633 einen
1438 1598 1542 1631 Stelle

872 1646 925 1677 die
944 1646 1127 1688 voluptas
1136 1647 1239 1678 durch
1258 1657 1326 1678 non
1345 1646 1464 1678 dolere
1490 1654 1541 1676 er-

871 1691 992 1731 klzirst,
1015 1701 1051 1723 so
1070 1691 1143 1723 sind
1170 1692 1228 1724 das
1254 1703 1316 1723 nur
1333 1691 1541 1728 Ausfliichte,

873 1737 913 1768 da
941 1737 982 1767 du
1008 1745 1049 1767 an
1077 1737 1203 1769 andern
1233 1737 1358 1769 Stellen
1388 1747 1427 1767 es
1457 1734 1543 1766 offen

872 1782 1037 1822 gestehst,
1058 1782 1136 1814 dass
1154 1783 1197 1814 du
1216 1783 1268 1814 dir
1286 1783 1460 1819 darunter,
1480 1780 1544 1811 wie

867 1827 968 1869 jeder
995 1825 1152 1868 Andere,
1189 1838 1251 1859 nur
1284 1827 1447 1859 sinnliche
1482 1824 1546 1856 Ge-

873 1872 974 1904 niisse
1001 1871 1133 1904 denkst.

920 1928 957 1949 os
978 1918 1225 1960 perfricuisti.
1275 1918 1319 1950 os
1343 1917 1541 1960 (frontem,

863 1963 1021 2005 faciem)
1041 1964 1184 2006 perfia,
1213 1964 1344 2004 griech.
1371 1963 1546 2006 με”τωποι

875 2010 1008 2051 τρῖψαι
1026 2009 1081 2040 od.
1098 2020 1152 2040 πα
1156 2010 1429 2054 ρατρίψασθαι,
1448 2007 1542 2047 eigtl.

875 2054 945 2086 sich
975 2054 1034 2086 das
1053 2022 1192 2087 Gesicht
1217 2055 1347 2095 leiben,
1367 2064 1420 2085 um
1440 2053 1545 2084 duxch

875 2099 1163 2141 Zuriickdr'angen
1213 2101 1271 2132 des
1321 2079 1436 2131 B'lutes
1495 2098 1547 2128 die

874 2145 1113 2177 Schaamrothe
1132 2157 1175 2177 zu
1191 2145 1404 2185 vertreiben3
1425 2144 1544 2175 daher:

875 2191 964 2232 „das
983 2190 1245 2233 Schaamgefiihl
1270 2190 1457 2231 ablegen‘ffi

921 2246 1037 2277 necne,
1060 2236 1114 2267 fur
1132 2247 1178 2268 an
1195 2246 1263 2268 non
1303 2236 1430 2267 kommt
1454 2237 1550 2266 sonst

874 2278 933 2312 bei
938 2261 1547 2321 Tceffiffiffidirecten

912 2322 984 2330 *uz-1,
994 2325 1027 2331 <⁴-
1045 2324 1054 2329 ω
1064 2324 1106 2331 „2-

866 2325 1005 2380 ‘Frage
1010 2337 1084 2375 vowr.

898 2370 1068 2404 mv‘-
1083 2372 1188 2414 lzbro,
1203 2371 1289 2415 περι
1303 2369 1473 2411 τέλοις(ξ
1485 2368 1545 2400 42:

878 2417 920 2449 de
936 2427 1074 2450 summo
1092 2419 1210 2459 bono).
1245 2418 1307 2450 Die
1328 2416 1431 2448 Stelle
1459 2415 1549 2445 hiess

878 2463 962 2494 nach
988 2462 1111 2495 Athen.
1133 2463 1204 2496 Vll.
1233 2474 1264 2505 p.
1287 2463 1370 2494 280·
1403 2456 1454 2493 Οὐ
1479 2454 1550 2511 ,ἀρ

878 2507 992 2561 ἔγωγε
1026 2504 1192 2563 δύναμαι
1214 2508 1340 2559 νοῆσαι
1370 2500 1548 2556 τᾶγαθόι,

879 2550 1052 2607 ἀφαιρῶν
1067 2552 1137 2597 μὲν
1156 2549 1219 2590 τὰς
1244 2549 1305 2584 διὰ
1323 2551 1447 2603 χιλῶν
1465 2546 1551 2590 ἡδο-

879 2595 962 2637 νάς,
993 2595 1165 2643 ἀφαιρῶν
1183 2597 1222 2631 δὲ
1241 2609 1305 2634 τας
1328 2592 1373 2629 δι’
1393 2592 1550 2641 ἀφροδι-
