1684 2819
209 1081 453 1143 Quamquam
474 1097 524 1139 te,
547 1092 673 1132 Marce
694 1092 757 1139 fili,
780 1104 924 1132 annum
945 1093 1019 1132 iam
1038 1092 1257 1131 audientem
1274 1091 1499 1143 Cratippum
1532 1097 1554 1134 1

96 1149 209 1200 idque
231 1148 386 1187 Athenis
415 1148 610 1188 abundare
632 1154 786 1200 oportet
805 1149 1020 1200 praeceptis
1043 1148 1303 1199 institutisque
1324 1149 1500 1199 philoso-
1534 1159 1548 1189 1

95 1205 207 1256 phiae
224 1210 385 1255 propter
402 1218 596 1244 summam
614 1212 650 1244 et
667 1205 840 1244 doctoris
858 1206 1126 1244 auctoritatem
1144 1211 1181 1244 et
1196 1204 1317 1251 urbis,
1335 1217 1504 1255 quorum

96 1261 190 1299 alter
209 1266 245 1298 te
268 1260 424 1299 scientia
446 1274 583 1312 augere
607 1267 753 1313 potest,
777 1261 891 1300 altera
913 1261 1111 1312 exemplis,
1132 1266 1272 1309 tamen,
1293 1266 1335 1299 ut
1357 1261 1441 1311 ipse
1457 1261 1504 1300 ad

94 1329 219 1355 meam
248 1317 447 1356 utilitatem
476 1331 631 1370 semper
658 1330 744 1357 cum
769 1318 922 1357 Graecis
944 1318 1077 1357 Latina
1105 1316 1286 1356 coniunxi
1313 1328 1438 1368 neque
1466 1317 1506 1356 id

94 1373 133 1411 in
166 1372 415 1424 philosophia
450 1375 595 1421 solum,
628 1375 695 1413 sed
729 1374 841 1414 etiam
869 1375 909 1413 in
938 1374 1088 1414 dicendi
1119 1373 1392 1412 exercitatione
1419 1373 1503 1420 feci,

96 1429 197 1467 idem
220 1429 289 1468 tihi
312 1442 449 1468 censeo
473 1431 700 1478 faciendum,
722 1436 764 1469 ut
785 1443 855 1481 par
876 1431 929 1469 sis
951 1431 989 1468 in
1012 1430 1211 1481 utriusque
1234 1429 1419 1468 orationis
1442 1429 1501 1468 fa-

97 1485 243 1524 cultate.
287 1486 411 1532 Quam
435 1487 589 1537 quidem
611 1488 657 1526 ad
679 1500 761 1526 rem
782 1499 870 1533 nos,
893 1492 936 1526 ut
958 1487 1142 1532 videmur,
1165 1498 1351 1536 magnum
1373 1485 1503 1525 attuli-

97 1554 183 1580 mus
212 1541 475 1581 adiumentum
502 1543 728 1582 hominibus
755 1543 919 1589 nostris,
949 1548 992 1581 ut
1018 1554 1099 1581 non
1126 1543 1245 1581 modo
1269 1541 1504 1581 Graecarum

95 1597 308 1636 litterarum
332 1599 462 1645 rudes,
485 1600 550 1638 sed
573 1600 685 1638 etiam
704 1599 806 1638 docti
823 1599 1059 1650 aliquantum
1077 1611 1117 1637 se
1134 1598 1368 1637 arbitrentur
1384 1598 1502 1649 adep—

96 1659 156 1692 tos
186 1659 221 1691 et
249 1655 295 1692 ad
324 1655 528 1694 dicendum
558 1662 593 1694 et
621 1656 666 1695 ad
689 1655 947 1695 iudicandum.
990 1656 1114 1702 Quam
1137 1655 1186 1693 oh
1209 1667 1291 1693 rem
1313 1654 1436 1693 disces
1458 1660 1500 1693 tu

145 1795 182 1832 1.
203 1801 230 1832 1.
252 1801 432 1844 Cratippus
445 1801 765 1842 standinjeuerZeit

96 1847 155 1877 der
171 1846 450 1888 peripatetischcn
468 1846 586 1877 Schule
605 1847 636 1877 in
655 1846 763 1879 Athen

96 1901 168 1922 vor.
198 1890 263 1922 Cic.
277 1895 351 1931 sagt
368 1901 431 1922 von
449 1891 512 1922 ihm
526 1892 564 1922 de
579 1892 644 1923 div.
660 1891 682 1932 Ι,
699 1892 728 1930 3,
745 1894 762 1923 5

96 1946 193 1977 quem
217 1946 279 1977 ego
296 1946 415 1979 parem
431 1938 575 1968 summis
591 1936 765 1980 Peripate-

96 1982 172 2012 licis
194 1980 304 2013 iudico
326 1981 391 2012 und
416 1981 455 2012 de
480 1981 544 2013 div.
569 1980 606 2021 II,
626 1982 678 2022 52,
700 1982 761 2014 107

95 2027 270 2058 veniamus
293 2037 380 2058 mmo
403 2026 449 2057 ad
471 2029 633 2070 optlmzmz
655 2029 761 2059 rtrum

84 2071 304 2112 familiarem
349 2074 507 2103 nostrum
554 2071 762 2115 Cratt'ppmn.

97 2115 169 2146 Von
188 2116 299 2147 seinen
316 2116 480 2147 Schriften
494 2118 628 2148 werden
644 2117 764 2149 beson-

97 2161 174 2192 ders
189 2160 240 2192 die
254 2161 395 2192 iiherdie
404 2160 629 2201 &Veissagung
638 2173 702 2193 von
713 2163 765 2194 Ci-

98 2215 174 2236 cero
184 2206 335 2237 erwiihnt
348 2206 413 2237 und
428 2206 582 2246 beuutzt,
601 2207 640 2237 de
652 2207 716 2238 div.
728 2207 761 2248 H,

98 2249 150 2291 48,
169 2250 249 2282 100&
259 2250 312 2291 52,
331 2250 410 2289 1073
426 2251 542 2291 vgl.de
558 2251 610 2282 off.
625 2250 717 2292 Ilm,
733 2252 763 2283 5.

142 2294 251 2327 video:
269 2305 295 2326 s.
313 2305 354 2326 zu
372 2294 392 2336 Ι,
410 2295 460 2337 26,
482 2295 535 2329 90.

143 2351 219 2372 eum
259 2339 394 2372 Graecis
433 2340 557 2373 Latina
597 2343 767 2383 conium-i,

97 2386 197 2417 durch
216 2385 382 2427 Sprechen
405 2386 468 2417 und
488 2386 666 2418 Schreiben
686 2387 769 2418 iiber

97 2430 305 2472 Philosophie
324 2430 357 2461 in
375 2431 588 2463 lateinischer
600 2432 664 2463 und
678 2433 767 2473 grie-

99 2474 247 2506 chiseher
260 2475 403 2518 Sprache
416 2487 423 2515 3
442 2477 509 2517 vgl.
523 2476 605 2508 iiber
624 2477 675 2509 die
690 2478 767 2509 red-

99 2519 270 2553 nerischen
280 2521 417 2552 Studien
426 2522 515 2553 Brut.
526 2521 579 2563 90,
594 2521 659 2553 310
675 2533 766 2555 com-

98 2566 275 2597 mentabar
297 2566 513 2599 declamitans
532 2585 569 2590 ——
590 2566 689 2610 idque
701 2569 764 2609 sa-

838 1802 964 1832 ciebam,
986 1801 1130 1832 multum
1155 1802 1256 1831 etlam
1280 1799 1415 1840 Latine,
1448 1798 1509 1831 sed

840 1844 963 1877 Graece
979 1846 1126 1889 saepius.

882 1894 921 1923 ut
941 1893 1013 1934 lpse
1034 1909 1075 1913 ——
1096 1891 1184 1922 idem.
1205 1891 1271 1922 tibi.
1298 1889 1417 1929 Htiufig
1434 1893 1508 1920 ent-

838 1936 965 1977 spricht
988 1936 1060 1968 dem
1083 1940 1120 1967 ut
1143 1940 1225 1967 statt
1248 1935 1294 1966 sic
1315 1935 1416 1966 durch
1434 1933 1507 1965 eine

837 1981 979 2020 gewisse
1004 1980 1226 2012 Anakoluthic
1255 1980 1314 2011 der
1337 1979 1427 2010 Rede
1457 1978 1509 2009 ein

847 2036 1015 2057 ›ronomen
1033 2026 1096 2057 wic
1115 2026 1210 2065 idem,
1228 2025 1269 2064 id,
1287 2026 1358 2063 hoc,
1385 2025 1424 2055 de
1442 2023 1508 2064 leg.

837 2036 874 2109 h,
895 2071 924 2111 6,
947 2071 985 2101 14
1003 2071 1065 2102 sed
1075 2074 1114 2102 ul*
1126 2072 1178 2103 ἰ”ἰν
1191 2069 1512 2110 ἄοοίι”.ς·.ςι”71ιι[3[θοίί

837 2116 944 2156 Plato,
960 2134 1005 2138 —
1018 2116 1053 2147 [d
1075 2117 1158 2147 mila·
1172 2115 1270 2147 eredo
1288 2125 1361 2145 esse
1374 2115 1508 2155 facien-

838 2160 928 2192 dum..
956 2161 995 2191 de
1022 2160 1075 2191 fin.
1094 2159 1149 2200 IV,
1172 2159 1222 2199 13,
1243 2159 1285 2190 34
1307 2161 1347 2190 ut
1367 2157 1509 2190 Phidias

836 2208 950 2248 potest
966 2216 986 2236 α
995 2207 1107 2247 primo
1121 2206 1298 2236 instituere
1311 2206 1448 2245 mgnum
1460 2202 1510 2234 id·
1553 2205 1557 2208 '

839 2261 899 2291 que
914 2251 1088 2294 pmficere,
1101 2253 1217 2294 potest
1232 2251 1272 2281 ab
1289 2249 1354 2280 aleo
1371 2248 1509 2279 incolla-

840 2297 911 2326 tam
933 2294 1085 2338 accipere
1109 2298 1142 2326 eff
1157 2295 1344 2326 absolvere:
1366 2294 1444 2325 huic
1461 2294 1509 2324 si-

841 2340 930 2371 milis
948 2343 1001 2371 est
1015 2342 1189 2383 sapientia.

886 2396 986 2427 quam
1003 2385 1135 2427 quidem
1151 2385 1196 2417 ad
1211 2395 1298 2426 rem,
1316 2385 1347 2414 in
1364 2384 1510 2415 welcher

840 2429 1003 2471 Hinsicht,
1029 2431 1169 2462 niilulich
1193 2430 1224 2461 iu
1248 2430 1359 2469 Bezug
1381 2428 1440 2459 auf
1459 2429 1511 2460 die

839 2475 1157 2507 wissenschaftlichc
1176 2475 1393 2514 Darstellung
1411 2474 1442 2505 in
1461 2474 1511 2505 la—

839 2519 1018 2552 teinischer
1034 2520 1191 2563 Sprache.

882 2565 929 2597 ad
951 2565 1126 2598 dicendum
1150 2568 1183 2598 et
1212 2564 1259 2597 ad
1286 2564 1510 2606 iudicandum,
