1684 2819
657 153 891 186 LIBERIV.
912 156 943 195 3,
964 156 997 188 6.
1019 156 1049 188 7.
1475 158 1552 197 165

152 268 388 322 temporibus
409 267 485 307 illis
510 268 676 308 fuissent
698 268 824 308 studia
848 268 1065 308 doctrinae.
1105 268 1179 319 Qui
1201 283 1318 322 quum
1341 277 1470 310 cetera
1493 271 1554 311 lit-

152 326 247 365 teris
270 325 513 371 mandarent,
539 324 604 364 alii
625 324 685 364 ius
707 324 838 372 civile,
865 325 930 364 alii
954 325 1153 365 orationes
1176 339 1268 365 suas
1283 356 1294 375 ,
1327 325 1395 365 alii
1416 341 1553 367 monu-

151 387 283 420 menta
320 380 534 420 maiorum:
579 380 676 420 hanc
717 381 992 434 amplissimam
1034 382 1205 422 omnium
1247 382 1411 428 artium,
1454 382 1553 422 bene

151 437 310 476 vivendi
339 437 604 490 disciplinam,
636 437 717 477 vita
747 438 869 490 magis
903 451 1017 490 quam
1048 437 1189 478 litteris
1221 439 1415 491 persecuti
1444 446 1550 479 sunt.

150 493 283 546 Itaque
305 493 410 533 illius
433 507 552 534 verae
576 494 843 547 elegantisque
866 493 1133 548 philosophiae
1150 525 1159 543 ,
1185 508 1283 547 quae
1306 495 1419 534 ducta
1440 509 1462 535 a
1485 495 1554 535 So-

151 557 256 590 crate
278 550 317 589 in
334 550 605 603 Peripateticis
622 551 745 590 adhuc
767 550 982 603 permansit
1005 557 1041 589 et
1062 550 1164 589 idem
1187 551 1263 589 alio
1287 551 1400 591 modo
1423 552 1554 591 dicen-

150 606 255 646 tibus
279 606 442 653 Stoicis,
477 621 591 659 quum
616 606 838 646 Academici
869 619 1003 645 eorum
1033 607 1327 647 controversias
1361 608 1555 661 discepta-

151 669 262 711 rent,
299 662 404 702 nulla
427 665 507 702 fere
531 670 621 703 sunt
642 670 709 702 aut
732 676 853 715 pauca
883 662 1090 701 admodum
1112 662 1251 701 Latina
1283 671 1552 713 monumenta,

151 719 236 759 sive
259 727 418 772 propter
439 719 744 771 magnitudinem
773 732 903 758 rerum
936 718 1308 770 occupationemque
1338 718 1551 769 hominum,

150 776 235 816 sive
264 775 381 814 etiam
413 775 513 826 quod
535 774 726 827 imperitis
749 788 794 814 ea
816 773 974 827 probari
997 788 1111 826 posse
1133 788 1210 813 non
1234 774 1550 816 arbitrabantur:

150 845 266 883 quum
297 830 482 878 interim,
514 830 593 871 illis
626 830 858 879 silentibus,
896 830 939 870 C.
966 830 1181 870 Amafinius
1215 830 1371 869 exstitit
1403 831 1553 879 diceus⁷

150 887 258 927 cuius
281 887 391 926 libris
415 886 528 926 editis
551 894 744 926 commota
766 886 972 927 multitudo
995 886 1158 926 contulit
1180 900 1221 926 se
1243 887 1289 926 ad
1307 887 1468 929 eandem
1488 901 1555 939 po—

147 943 342 983 tissimum
374 943 638 996 disciplinam,
667 944 751 983 sive
783 944 883 996 quod
916 950 1001 982 erat
1030 943 1189 996 cognitu
1212 942 1435 996 perfacilis,
1469 937 1555 984 s'ive

150 1001 250 1053 quod
274 999 541 1039 invitabantur
563 999 759 1040 illecebris
777 999 929 1039 blandis
948 999 1183 1052 voluptatis3
1209 1000 1292 1039 sive
1312 999 1445 1049 etiam,
1467 999 1555 1052 quia

148 1056 245 1096 nihil
277 1062 362 1095 erat
390 1056 579 1109 prolatum
611 1057 775 1104 melius,
810 1056 927 1105 illud,
961 1057 1061 1108 quod
1085 1062 1192 1105 erat,
1230 1056 1429 1095 tenebant.
1464 1056 1556 1095 Post

148 1113 383 1152 Amafinium
414 1119 543 1153 autem
574 1113 683 1152 multi
713 1112 888 1152 eiusdem
912 1112 1059 1153 'aemuli
1091 1112 1255 1152 rationis
1286 1112 1406 1152 multa
1439 1126 1556 1164 quum

150 1233 273 1265 fauden
290 1233 343 1264 die
359 1233 590 1265 dreiAthener
606 1244 697 1265 zwar
708 1234 819 1265 vielen

149 1278 293 1318 Beifal13
314 1279 428 1310 indess
447 1279 584 1310 suchteu
599 1278 745 1319 Andere,
766 1280 818 1310 die

148 1335 213 1356 von
241 1324 300 1355 der
325 1323 538 1366 Philosophie
567 1325 626 1355 der
652 1323 817 1356 Griechen

150 1369 277 1402 Gefabr
317 1369 370 1400 fiir
403 1369 455 1400 die
489 1370 654 1401 romische
691 1369 819 1402 Sitten-

150 1420 285 1455 strenge
306 1414 510 1455 ftirchteten,
530 1416 593 1446 wie
615 1416 817 1447 namentlicb

149 1460 232 1492 Cato
245 1461 438 1497 Censorius,
452 1460 542 1492 diese
556 1460 820 1492 Gesandtschaft

121 1526 129 1530 -
147 1506 325 1546 miiglichst
351 1506 428 1537 bald
448 1506 574 1537 wieder
591 1516 654 1537 von
673 1505 752 1538 Rom
779 1517 819 1537 zu

150 1551 340 1583 entfernen.

195 1606 381 1628 monumen
389 1599 426 1627 ta
452 1597 629 1627 maiorum
646 1611 691 1620 z
709 1597 819 1628 histo-

150 1644 245 1673 riam
275 1650 396 1671 reram
426 1651 446 1671 a
473 1641 672 1671 maioribus
698 1644 820 1681 gesta—

151 1697 243 1718 rum.
273 1685 315 1717 So
336 1685 418 1717 Cato
437 1686 469 1716 in
490 1686 605 1716 seinen
625 1685 793 1726 Origines.

198 1734 268 1763 vita
289 1732 404 1772 magis
432 1741 536 1771 qaam
559 1731 705 1762 litteris.
741 1729 818 1762 Mau

149 1778 220 1808 lese
239 1776 384 1808 (131111161-
402 1776 441 1807 de
459 1776 515 1806 fin.
536 1775 590 1807 111.
610 1776 642 1816 3,
660 1776 694 1806 11
718 1777 816 1807 nach.

197 1823 228 1853 6.
257 1822 358 1853 illius
376 1831 479 1852 verae
496 1839 539 1844 —
554 1822 815 1863 philosophiae.

151 1866 226 1909 vgl.
249 1867 273 1898 1.
294 1866 426 1907 23,“55.

197 1913 303 1944 ducta
333 1923 353 1943 a
373 1911 523 1943 Socrate
549 1922 650 1951 „vom
677 1911 712 1942 S.
743 1922 819 1943 aus-

150 1967 341 1999 gegangen3
361 1957 420 1988 mit
438 1957 471 1988 S.
492 1957 727 1998 heginnend‘g
755 1957 818 1988 wie

150 2003 192 2034 ll.
213 2004 246 2043 4,
270 2003 308 2033 10
335 2012 450 2034 sermo
468 2020 514 2026 —
531 2012 552 2033 a
572 2003 641 2033 tali
664 2003 818 2044 quodam

152 2048 278 2080 ductus
298 2047 462 2079 eoeordio.

194 2093 287 2125 idem
305 2093 375 2124 alio
394 2092 511 2124 modo.
549 2092 591 2123 So
618 2093 657 2124 de
676 2092 731 2123 fin.
756 2092 815 2124 111.

154 2139 206 2180 12,
225 2139 289 2170 41:
319 2141 355 2169 in
383 2140 479 2169 omni
504 2139 570 2169 hac
595 2140 817 2180 quaestione,

150 2194 240 2226 qaae
259 2184 299 2216 (lc
318 2184 415 2215 bonis
434 2186 468 2214 et
482 2183 586 2214 malis
606 2183 817 2225 appelletur,

150 2240 217 2262 non
237 2240 310 2260 esse
328 2238 447 2260 rerum
467 2228 599 2260 Stoicis
628 2238 705 2259 cam
725 2228 820 2260 Peri-

94 2315 98 2317 Α
146 2277 314 2317 pateticis
343 2275 642 2313 controversiam,
674 2273 736 2304 scd
761 2283 822 2304 no-

151 2323 299 2352 minum.

196 2365 418 2404 Academici,
464 2363 516 2395 die
549 2363 730 2404 Anhanger
763 2363 822 2394 der

153 2421 170 2440 n
183 2420 199 2441 6
211 2405 258 2441 ιῖ6
272 2420 290 2441 11
308 2409 499 2441 Academie.
520 2407 631 2440 Durch
652 2418 759 2450 qaum
777 2426 821 2430 —

154 2455 409 2497 disceptarent,
442 2454 494 2485 ffir
519 2453 718 2496 disceptare
745 2457 821 2484 sta-

156 2500 277 2532 derent
294 2499 556 2540 (conarentur),
575 2499 668 2530 stellt
681 2498 750 2530 sich
767 2497 821 2528 Ci-

155 2551 230 2575 cero
250 2545 311 2576 auf
325 2546 396 2577 ihre
413 2544 516 2576 Seite.
540 2543 610 2575 Zur
625 2543 730 2575 Sache
748 2542 818 2583 vgl.

155 2588 195 2620 V.
217 2589 272 2629 41,
297 2591 370 2621 120.

946 1234 982 1266 C.
1003 1232 1224 1273 Amafinius,
1252 1233 1335 1264 auch
1363 1231 1562 1263 Amafanius

889 1283 1048 1318 genaunt,
1069 1278 1119 1309 ein
1140 1278 1325 1319 Epicureer
1343 1278 1384 1317 (s.
1408 1277 1460 1308 die
1480 1277 1562 1308 Ein-

890 1324 1046 1365 lcituug),
1067 1323 1197 1355 schrieb
1217 1323 1258 1354 (le
1277 1333 1394 1354 rerum
1424 1326 1559 1354 natm-a

889 1370 968 1410 (wie
997 1369 1081 1401 auch
1109 1369 1163 1400 die
1191 1368 1345 1410 sp'fiteren
1375 1368 1559 1399 rtimischen

889 1415 998 1457 Epic.,
1011 1426 1041 1446 z.
1056 1415 1093 1445 B.
1106 1414 1249 1449 anrez,
1264 1412 1561 1454 zurssekiimpfung

889 1461 946 1492 des
958 1460 1226 1499 Aberglaubens‚
1239 1458 1486 1498 vorzugsweise
1505 1458 1559 1488 (116

888 1505 1014 1548 Physik
1039 1504 1292 1545 bebandelten).
1336 1504 1441 1534 Acad.
1470 1507 1556 1544 post.

890 1551 915 1581 Ι.
944 1552 984 1590 2,
1011 1551 1051 1580 5:
1096 1551 1299 1589 Amafinius
1335 1552 1368 1579 et
1392 1547 1558 1579 Rabirius

888 1596 989 1626 nulla
1008 1598 1086 1626 arte
1105 1595 1265 1625 adscibita
1285 1594 1324 1624 (le
1343 1594 1448 1624 rebus
1476 1596 1561 1624 ante

889 1641 1007 1672 oculos
1044 1642 1175 1681 positis
1217 1639 1362 1680 vulgari
1399 1648 1561 1670 sermone
1609 1666 1619 1674 ,

889 1686 1093 1727 disputant,
1123 1685 1218 1716 nillil
1245 1684 1439 1723 deliniant,
1466 1682 1562 1714 nihil

884 1734 1156 1773 ρανίίιιηΐαν-ἡ
1172 1729 1306 1760 vallam
1328 1728 1475 1768 denique
1500 1738 1558 1758 ar-

889 1780 957 1807 tem
973 1786 1046 1806 esse
1059 1786 1120 1806 nec
1135 1774 1346 1806 (liccndinec
1361 1772 1563 1804 disserendi

884 1824 1032 1863 patant.
1045 1838 1087 1842 —-—
1108 1819 1244 1859 Cic-eros
1260 1817 1389 1850 Urtheil
1407 1818 1451 1848 ist
1470 1818 1560 1848 nicht

887 1866 1071 1905 unbedingt
1097 1865 1346 1903 auzunehmen,
1374 1862 1484 1893 zumal
1517 1862 1558 1892 da

889 1921 925 1942 er
950 1911 1034 1942 oben
1062 1910 1103 1942 ΙΙ.
1126 1911 1157 1950 3,
1179 1911 1195 1941 7
1225 1909 1277 1940 die
1304 1907 1473 1939 Schriften
1501 1907 1561 1938 der

889 1956 1077 1988 riiinischen
1097 1955 1280 1997 Epicureer
1306 1963 1365 1994 gar
1386 1952 1478 1983 nicht
1503 1962 1560 1993 ge-

888 2002 980 2034 lesen
1000 2013 1040 2032 zu
1060 2001 1167 2033 haben
1194 1999 1340 2040 gesteht.

935 2064 1082 2104 cognita
1099 2061 1296 2105 perfacilis.
1332 2060 1374 2091 So
1394 2059 1432 2091 (16
1452 2060 1507 2090 fin.
1530 2058 1558 2089 Ι.

890 2110 922 2149 5,
946 2109 1007 2139 13:
1041 2107 1088 2140 Ut
1111 2110 1232 2139 autem
1250 2105 1472 2146 asacillimis
1501 2113 1559 2135 or—

890 2154 1046 2193 diamur,
1065 2155 1183 2193 prima
1204 2153 1319 2181 veniat
1347 2152 1384 2180 in
1404 2149 1558 2180 mediam

889 2199 1039 2240 Epicuri
1060 2199 1181 2235 ratio,-
1215 2195 1261 2226 ib.
1289 2195 1321 2232 8,
1350 2195 1412 2225 27:
1449 2203 1558 2235 quum

884 2244 1104 2286 praesertim
1137 2241 1203 2272 illa
1237 2238 1396 2283 (Emicurs
1430 2237 1557 2280 Lehre)

886 2287 1088 2331 perdiscere
1113 2286 1217 2317 ladas
1243 2288 1346 2316 esset.

937 2344 1199 2379 invitabantur,
1221 2341 1380 2381 inBezug
1393 2338 1560 2371 aul'mul-

892 2389 1024 2428 tz'tudo,
1054 2388 1116 2419 wie
1144 2388 1195 2418 de'
1210 2387 1265 2418 fin.
1287 2386 1312 2417 Ι.
1330 2387 1363 2425 7,
1380 2385 1444 2415 25:
1468 2383 1562 2415 mul-

891 2434 1077 2466 titudinem
1106 2434 1190 2464 haec
1214 2434 1372 2463 maxime
1397 2427 1559 2470 (caussa)

890 2479 1017 2516 allicit,
1039 2478 1134 2520 quod
1150 2495 1194 2499 —
1207 2479 1357 2518 patant.

936 2541 967 2571 7.
1021 2540 1175 2572 eiusdem
1218 2537 1350 2570 aemuli
1390 2536 1559 2573 rationis,

892 2584 1150 2627 „Nacheiferer
1178 2584 1245 2614 “des
1277 2580 1460 2612 Amafinius
1495 2589 1558 2610 von
