1684 2819
167 160 245 200 108
740 146 796 187 DE
823 154 1006 189 0FF1cns

165 260 297 301 omnia
318 263 542 299 tenerentur
562 269 687 308 neque
708 262 812 296 esset
832 269 999 309 usquam
1021 257 1185 296 consilio
1209 263 1274 297 aut
1290 255 1505 296 auctoritati
1520 256 1579 294 lo-

165 330 252 364 cuS‚
276 317 404 356 socios
427 314 594 365 denique
614 313 780 352 tuendae
800 313 854 352 rei
876 312 1063 364 publicae,
1087 326 1264 353 summos
1286 313 1402 360 viros,
1425 311 1581 351 amisis-

165 386 269 420 sem,
291 386 362 412 nec
385 384 447 410 me
470 370 681 422 angoribus
703 370 848 416 dedidi,
880 369 1019 421 quibus
1042 381 1169 408 essem
1191 372 1410 417 confectus,
1438 368 1514 407 nisi
1535 368 1580 407 iis

166 430 415 475 restitissem,
456 440 528 466 nec
562 439 720 466 rursum
756 426 924 477 mdignis
961 426 1120 464 homine
1156 426 1270 464 docto
1306 425 1582 477 voluptatibus.

118 516 123 525 .
166 488 288 536 Atque
309 485 455 524 utinam
478 497 542 523 res
564 483 715 535 publica
737 483 910 521 stetisset
931 494 1008 533 quo
1031 488 1209 533 coeperat
1231 488 1334 522 statu
1355 493 1427 521 nec
1446 482 1486 520 in
1507 482 1582 520 ho-

164 542 291 581 mines
314 553 395 580 non
420 547 495 580 tam
519 539 881 579 commutandarum
907 551 1021 590 quam
1045 539 1340 577 evertendarum
1360 549 1493 577 rerum
1515 550 1583 577 cu-

164 599 279 650 pidos
296 595 513 637 incidisset!
536 596 713 636 Primum
730 596 846 643 enim,
864 602 906 634 ut
922 600 1048 634 stante
1065 608 1107 634 re
1120 595 1271 646 publica
1289 596 1412 634 facere
1430 593 1584 633 soleba-

165 668 268 702 mus,
282 655 322 693 in
339 654 487 705 agendo
506 654 592 704 plus
610 666 725 704 quam
743 653 782 691 in
799 653 1007 691 scribendo
1026 664 1165 703 operae
1180 663 1431 703 poneremus,
1447 650 1585 689 deinde

165 711 263 764 ipsis
285 711 438 762 scriptis
461 722 542 749 non
565 723 625 757 ea,
649 722 745 761 qnae
766 721 888 756 nunc,
910 708 978 747 sed
1002 709 1175 747 actiones
1197 714 1353 747 nostras
1376 707 1583 746 mandare-

166 781 275 815 mus,
304 773 347 806 ut
373 775 499 818 saepe
518 766 692 805 fecimus.
735 766 831 805 Cum
853 771 981 805 autem
1003 777 1064 804 res
1088 765 1263 817 publica,
1298 764 1336 804 in
1358 777 1431 815 qua
1454 763 1583 802 omnis

167 838 253 864 mea
276 837 377 869 cura,
399 824 597 874 cogitatiO,
621 836 735 874 opera
758 823 852 873 poni
875 821 1033 869 solebat,
1055 822 1157 860 nulla
1179 827 1283 860 esset
1304 821 1479 868 omnino,
1502 819 1584 858 illae

167 881 310 920 scilicet
335 881 480 919 litterae
510 880 781 919 conticuerunt
809 881 985 918 forenses
1015 884 1052 917 et
1079 878 1305 917 senatoriae.
1348 877 1450 916 Nihil
1473 888 1585 927 agere
1634 890 1637 891 ⁷

167 943 296 976 autem
324 950 412 976 cum
436 937 590 976 animus
613 949 693 975 non
715 942 868 987 posset,
896 935 935 973 in
964 934 1024 973 his
1054 935 1192 974 studiis
1215 934 1260 973 ab
1282 934 1390 972 initio
1409 938 1584 972 versatus

166 993 299 1033 aetatis
323 992 536 1032 existimavi
557 992 835 1031 honestissime
856 991 1051 1030 molestias
1071 1003 1190 1042 posse
1212 990 1375 1041 deponi,
1399 989 1431 1028 si
1454 1002 1516 1027 me
1537 989 1585 1028 ad

167 1049 457 1101 philosophiam
482 1049 730 1087 rettulissem.
769 1049 837 1087 Cui
861 1061 948 1087 cum
973 1047 1138 1085 multum
1163 1046 1388 1086 adulescens
1413 1044 1586 1084 discendi

166 1119 280 1146 causa
297 1105 487 1157 temporis
505 1105 739 1152 tribuissem,
756 1111 893 1156 postea
911 1116 1026 1156 quani
1042 1103 1259 1142 honoribus
1276 1102 1461 1141 inservire
1474 1101 1585 1152 coepi

166 1175 306 1214 meque
327 1168 453 1201 totum
477 1162 532 1200 rei
555 1162 730 1212 publicae
751 1162 906 1209 tradidi,
936 1166 1087 1200 tantum
1109 1165 1190 1198 erat
1209 1159 1479 1211 philosophiae
1499 1157 1585 1204 loci,

166 1225 353 1271 quantum
376 1220 621 1270 superfuerat
637 1219 852 1257 amicorum
870 1225 907 1258 et
923 1218 979 1257 rei
995 1216 1169 1268 publicae
1185 1216 1363 1267 tempori.
1396 1215 1437 1254 Id
1455 1220 1584 1255 autem

212 1323 322 1352 socios
339 1321 550 1351 amisissem:
567 1320 607 1351 ad
626 1319 700 1351 fam.
719 1319 774 1359 lv,
796 1319 835 1351 13

166 1376 265 1397 careo
290 1375 365 1396 cum
384 1365 680 1406 smm’le'arisse'mis
708 1365 834 1406 multis,

166 1422 249 1453 quos
279 1413 340 1442 aut
366 1420 461 1442 mors
491 1411 619 1453 erz'puz't
650 1411 747 1441 nobis
776 1413 839 1441 aut

166 1456 445 1497 distr-aoe1·tsuga‚
458 1458 528 1487 tum
544 1456 699 1487 omnibus
712 1456 838 1496 amieis,

166 1511 310 1544 quorum
361 1500 622 1532 benevolentz’am
670 1500 836 1541 qztoizdam

166 1546 363 1579 conciliarat
383 1556 444 1588 per
460 1556 514 1577 me
536 1545 704 1587 quondam.
721 1545 839 1588 (lesen-

167 1603 207 1623 sa
230 1602 286 1623 res
302 1591 446 1635 publica.
480 1590 590 1622 Damit
612 1591 714 1622 meint
738 1601 775 1622 er
799 1590 837 1632 Q.

167 1636 316 1675 Catulus,
332 1636 367 1668 C.
382 1635 470 1676 Piso,
489 1636 540 1667 die
558 1636 674 1667 beiden
693 1635 836 1675 Luculli,

166 1682 360 1724 pompejus,
383 1681 419 1713 P.
439 1681 602 1712 Servilius
628 1681 693 1712 und
716 1681 837 1721 Andre,

164 1728 215 1759 die
238 1727 322 1759 Phil.
346 1726 390 1767 ll,
410 1727 447 1768 5,
470 1725 509 1757 12
533 1726 725 1767 aufgeziihlt
748 1737 836 1757 wer-

163 1773 236 1804 den.

209 1819 415 1858 angom'bus:
439 1816 522 1847 iiber
539 1817 601 1847 den
625 1816 737 1848 Plural
762 1827 792 1847 z.
812 1815 836 1855 l,

167 1862 219 1905 13,
239 1862 291 1893 41.

210 1917 360 1948 rursum,
379 1906 601 1945 andrerseits3
623 1907 662 1937 de
677 1916 724 1937 or.
741 1906 764 1946 1,
779 1905 833 1947 24,

165 1952 229 1983 100
252 1962 312 1983 nec
335 1962 473 1984 rursum
500 1962 572 1983 eam
598 1954 703 1983 totam
734 1962 834 1995 repn-

163 1996 284 2029 diat-et.

208 2042 239 2074 3.
254 2053 317 2084 quo
332 2045 490 2085 coeperat
501 2044 609 2074 statu:
627 2042 765 2075 niiuilieh
776 2052 835 2073 un-

162 2088 334 2119 mittelbar
357 2088 437 2118 nach
454 2087 595 2118 Caesars
610 2086 831 2127 Ermerdung.

161 2132 230 2164 Aus
243 2133 300 2164 das
318 2133 443 2164 damals
462 2132 588 2164 wieder
613 2133 831 2164 erwachende

162 2177 372 2210 Staatsleben
407 2178 540 2209 bezieht
574 2177 641 2209 sich
675 2178 757 2209 auch
791 2178 831 2209 de

163 2223 264 2254 divin.
285 2223 323 2263 ll,
344 2223 374 2263 2,
394 2223 412 2253 7
436 2234 524 2255 mmo
542 2224 700 2265 quoniam
719 2223 760 2255 (Ie
778 2233 830 2255 ra-

158 2269 293 2311 publz'ca
316 2268 448 2300 consuli
474 2270 585 2312 coepti
600 2279 737 2308 snmus,
770 2270 832 2300 tm·-

162 2314 293 2346 buenda
327 2317 381 2346 est
411 2324 514 2357 opera
538 2316 590 2345 rm·
607 2313 760 2357 publicae
782 2314 835 2345 vel

162 2361 269 2391 onmis
286 2362 400 2402 potins
417 2360 452 2390 in
471 2370 510 2390 ea
523 2362 684 2401 cogitatio
700 2361 732 2390 et
748 2369 831 2391 cura

158 2405 326 2448 ponenda.
368 2404 472 2437 [luter
488 2404 638 2436 homines
655 2423 699 2427 —
717 2403 833 2448 capidi

162 2450 233 2481 sind
251 2450 415 2482 Antonius
440 2450 503 2481 und
529 2450 600 2481 sein
619 2450 757 2490 Anhang
774 2460 831 2490 ge-

161 2495 272 2527 meint.

207 2543 373 2582 actiones,
396 2541 448 2572 die
474 2540 686 2572 iiffentlichen
706 2539 830 2580 Reden,

162 2586 225 2617 wie
244 2587 344 2618 sehon
363 2587 420 2618 das
438 2585 592 2627 folgende
615 2585 748 2617 Iz'tteme
766 2586 832 2627 so—

911 1329 1027 1351 renses
1045 1321 1078 1349 et
1094 1319 1287 1350 senatoriae
1305 1317 1410 1357 zeigt,
1435 1317 1493 1348 das
1511 1315 1582 1346 sind

910 1365 961 1395 die
980 1363 1275 1404 ausgezeichneten
1294 1361 1405 1394 Reden
1432 1372 1494 1393 vor
1511 1361 1583 1392 (lem

911 1408 1019 1441 volke
1038 1408 1103 1439 und
1122 1408 1256 1439 senate.

957 1453 1085 1485 scilieet
1099 1471 1145 1475 —
1161 1454 1406 1484 conticuerunt.
1441 1450 1502 1483 Mit
1519 1449 1583 1482 Re-

912 1499 1094 1539 signation:
1121 1498 1169 1529 sie
1186 1502 1335 1529 mussten
1354 1496 1484 1528 freilich
1503 1506 1583 1528 ver-

913 1549 1087 1576 stummen.

958 1589 988 1620 4.
1016 1590 1057 1621 ab
1075 1590 1188 1620 initio:
1207 1598 1234 1619 s,
1254 1599 1282 1620 z.
1301 1586 1324 1628 l,
1344 1587 1395 1630 44,
1419 1586 1492 1618 155.

957 1637 1121 1676 quantum
1143 1634 1369 1677 supmfzaerat
1390 1651 1436 1655 —-
1457 1634 1582 1664 amieo-

912 1689 989 1712 rum
1015 1680 1179 1723 tempori:
1208 1679 1248 1710 de
1273 1678 1337 1710 div.
1361 1677 1397 1717 11,
1421 1676 1452 1715 2,
1479 1677 1495 1708 7
1521 1679 1581 1710 tri—

911 1724 1043 1757 buenda
1059 1728 1111 1756 esc
1133 1734 1236 1768 opera
1262 1726 1315 1756 rei
1334 1722 1502 1767 publicae,
1520 1734 1582 1753 -.·

911 1773 1046 1802 taniam
1072 1770 1148 1802 huic
1179 1768 1293 1801 studio
1318 1767 1581 1811 relinquendum,

911 1818 1076 1857 quantum
1100 1817 1231 1847 vacabit
1258 1825 1280 1846 α
1305 1814 1437 1858 publico
1467 1813 1580 1856 officio

910 1863 944 1891 et
966 1871 1116 1893 munere.
1151 1861 1181 1891 in
1207 1859 1328 1891 Caecil.
1351 1858 1401 1899 13,
1419 1858 1462 1890 40
1486 1869 1582 1891 omne

910 1908 1053 1949 tempus,
1072 1905 1162 1947 quod
1176 1906 1260 1936 mila·
1271 1906 1311 1936 ab
1325 1905 1512 1936 amicorum
1524 1914 1582 1935 ue-

905 1953 1013 1992 gotz'is
1031 1951 1147 1991 datur,
1172 1952 1206 1982 ιή
1234 1951 1288 1981 hic
1304 1949 1427 1981 studiis
1444 1968 1485 1971 —
1505 1959 1581 1980 (¹011-

907 2006 1052 2027 snmam.
1084 1998 1216 2038 tempus
1233 1997 1416 2026 canicorum
1436 1994 1479 2025 ist
1497 1996 1579 2025 tem—

905 2051 981 2084 pus,
1000 2040 1089 2083 quod
1103 2041 1221 2072 mnis-is
1235 2040 1386 2071 debetur.
1406 2039 1465 2070 Die
1480 2044 1580 2079 guten

908 2085 1005 2117 Hdss.
1031 2086 1134 2117 huben
1168 2086 1343 2129 temporis.
1378 2084 1495 2116 Dieser
1513 2083 1579 2116 Ge-

908 2131 999 2162 netiv
1023 2131 1148 2162 miisste
1173 2141 1237 2162 von
1263 2132 1426 2172 qnantum
1455 2129 1578 2161 abhiin-

906 2187 980 2217 geu,
998 2186 1068 2207 was
1087 2176 1205 2207 keinen
1225 2175 1304 2206 Sinn
1322 2175 1414 2216 giebt
1439 2176 1493 2215 (so
1511 2174 1577 2206 viel

907 2221 985 2253 Zeit
1017 2221 1072 2262 fiir
1105 2222 1157 2252 die
1193 2221 1345 2253 Freunde
1379 2220 1441 2252 mir
1481 2219 1579 2260 iibrig

906 2267 1011 2305 blieb,
1036 2267 1231 2298 verwandte.
1258 2267 1307 2297 ich
1334 2265 1393 2297 aul=
1413 2266 1465 2296 die
1484 2264 1577 2296 wis-

906 2312 1112 2351 senschaft);
1143 2322 1215 2343 man
1245 2311 1370 2343 miisste
1403 2311 1487 2341 denn
1517 2319 1576 2341 aus

906 2359 1069 2401 temporis
1086 2358 1147 2388 den
1168 2368 1209 2388 zu
1226 2356 1451 2400 superfuerat
1474 2355 1575 2395 gellii·

906 2403 997 2443 rigon
1015 2403 1122 2441 nativ,
1142 2412 1205 2432 von
1225 2402 1297 2433 dem
1314 2403 1503 2432 amicorum
1518 2399 1575 2431 ab·

906 2449 1019 2488 hinge,
1050 2448 1231 2488 ergiinzen,
1263 2447 1344 2477 doch
1374 2446 1432 2476 (las
1457 2446 1500 2477 ist
1523 2444 1575 2476 bei

906 2494 1017 2525 dieser
1035 2492 1286 2531 wortstenung
1303 2490 1502 2531 unmoglich.
1527 2490 1574 2522 lo-

905 2549 965 2570 cus
998 2539 1061 2569 und
1093 2540 1225 2580 tempas
1253 2536 1357 2576 geben
1389 2536 1460 2567 hier
1491 2545 1574 2576 ganz

905 2593 1090 2627 synonyme
1110 2582 1347 2623 Vt'endungen,
1374 2581 1455 2613 aber
1472 2580 1573 2612 aller-
