1684 2819
63 1010 116 1054 21

68 1415 104 1446 51

145 162 223 202 142

522 161 759 195 LIBER'lll.
793 162 924 203 20‚·19.
963 163 1018 201 21,
1042 163 1174 195 50..51.

141 290 187 317 ea
210 277 296 331 lege
327 278 564 316 frumentum
597 283 726 329 petat,
761 290 876 329 quam
897 277 1143 317 dissuaserit.
1191 277 1387 326 „Nolim‚
1413 278 1553 330 inquit,

141 347 228 374 mea
251 335 370 382 hona,
396 333 586 381 Gracche,
613 332 680 372 tibi
703 332 850 372 viritim
874 333 1049 373 dividere
1071 333 1212 383 libeat3
1248 334 1331 383 sed,
1358 334 1391 373 si
1415 335 1552 383 facias,

139 397 290 444 partem
314 395 495 443 petam.“
519 389 715 429 Parumne
737 389 955 430 declaravit
971 389 1034 430 vir
1055 389 1189 442 gravis
1212 397 1251 429 et
1272 391 1443 444 sapiens,
1468 391 1556 442 lege

141 446 373 500 Sempronia
405 446 681 499 patrimonium
713 445 908 499 publicum
940 445 1172 499 dissipari?)
1213 446 1321 500 Lege
1353 448 1556 487 orationes

71 511 115 542 49
139 502 330 543 Gracchi:
358 510 565 556 patronum
588 502 731 543 aerarii
756 515 845 542 esse
868 502 991 542 dices.
1023 501 1152 555 Negat
1172 502 1363 556 Epicurus
1385 503 1554 544 iucunde

139 572 254 613 posse
276 559 382 608 vivi,
417 559 492 599 nisi
515 574 601 600 cum
624 558 774 600 virtute
796 559 971 608 vivatur,
996 565 1116 613 negat
1137 557 1254 599 ullam
1275 560 1314 599 in
1339 560 1554 613 sapientem

134 617 213 655 vim
233 629 321 656 esse
339 616 537 666 fortunae,
559 623 716 656 tenuem
737 616 882 656 victum
905 615 1076 656 antefert
1098 615 1273 669 copioso,
1296 623 1413 669 negat
1434 616 1553 657 ullum

133 685 222 713 esse
253 679 427 726 tempus,
462 687 536 726 quo
569 673 724 727 sapiens
755 686 834 712 non
864 672 1001 713 beatus
1031 671 1096 712 sit.

1154 670 1293 712 Omnia
1325 672 1556 726 philosopho

139 729 270 782 digna,
306 729 375 769 scd
406 743 492 769 cum
517 730 720 783 voluptate
750 729 978 783 pugnantia.
1005 753 1059 758 —
1089 728 1179 769 Non
1209 729 1323 769 istam
1357 728 1452 769 dicit
1483 743 1555 769 vo-

136 785 342 839 luptatem.
366 810 415 815 —
441 786 553 826 Dicat
576 786 810 839 quamlibet,
837 799 975 840 nempe
997 798 1082 825 eam
1105 785 1213 833 dicit,
1238 786 1278 825 in
1300 800 1375 838 qua
1396 786 1555 826 virtutis

137 842 245 882 nulla
267 856 357 896 pars
378 843 487 883 insit.
532 843 634 897 Age,
661 843 693 883 si
717 843 959 896 voluptatem
991 856 1070 882 non
1100 842 1374 896 intelligimus,
1407 855 1456 881 ne
1486 842 1555 881 do-

138 898 262 939 lorem
294 899 474 952 quidem?
514 899 624 953 Nego
657 899 778 954 igitur
809 899 893 939 eius
927 912 1040 949 esse,
1086 898 1150 952 qui
1183 900 1317 939 dolore
1359 913 1552 940 summum

134 955 279 995 malum
313 956 512 1005 metiatur,
546 957 787 997 mentionem
822 957 950 996 facere
981 956 1156 996 virtutis.

247 1012 297 1051 Et
324 1019 546 1064 queruntur
575 1013 730 1065 quidem
753 1012 962 1066 Epicurei,
988 1012 1064 1052 viri
1097 1011 1232 1064 optimi
1263 1014 1372 1065 (nam
1402 1010 1552 1052 nullum

68 1075 110 1106 50
132 1081 256 1121 genus
280 1075 340 1108 est
363 1069 489 1109 minus
513 1069 787 1121 malitiosum),
815 1082 877 1108 me
899 1068 1075 1109 studiose
1097 1067 1228 1107 dicere
1251 1074 1390 1108 contra
1410 1067 1553 1120 Epicu-

134 1139 236 1164 rum.
270 1125 343 1173 Ita,
366 1125 501 1171 crede,
528 1126 574 1166 de
597 1126 746 1166 honore
769 1132 836 1166 aut
858 1125 904 1165 de
928 1124 1120 1178 dignitate
1142 1124 1431 1165 contendimus.
1454 1124 1551 1164 Mihi

134 1195 326 1222 summum
348 1182 387 1221 in
412 1182 541 1222 animo
570 1183 714 1222 bonum
737 1182 906 1230 videtur,
939 1182 996 1222 illi
1018 1188 1149 1222 autem
1172 1181 1213 1221 in
1235 1193 1423 1234 corpore;
1457 1180 1552 1220 mihi

134 1238 173 1278 in
195 1238 357 1287 virtute,
392 1239 450 1278 illi
480 1238 519 1278 iu
544 1239 762 1293 voluptate.
807 1239 857 1278 Et
885 1238 942 1278 illi
966 1245 1143 1292 pugnant
1164 1244 1204 1277 et
1225 1237 1380 1290 quidem
1403 1237 1553 1277 vicino-

133 1309 219 1335 rum
242 1294 356 1334 fidem
379 1296 616 1349 implorant,
649 1295 759 1335 multi
783 1302 913 1336 autem
936 1302 1042 1343 suut,
1078 1294 1141 1348 qui
1166 1295 1297 1334 statim
1321 1294 1547 1335 convolent.

133 1351 220 1404 Ego
248 1365 331 1391 sum
364 1352 419 1400 is,
454 1352 519 1404 qui
551 1352 675 1392 dicam
708 1365 768 1392 me
802 1365 881 1392 non
912 1351 1107 1400 laborare,
1145 1358 1273 1390 aetum
1307 1350 1549 1398 habiturum,

134 1408 236 1460 quod
260 1408 428 1462 egerint.
466 1408 565 1459 Quid
589 1409 721 1449 enim?
753 1410 800 1449 de
822 1407 923 1449 bello
946 1408 1094 1448 Punico
1117 1407 1273 1460 agitur?
1301 1407 1346 1447 de
1370 1421 1444 1460 quo
1465 1406 1550 1461 ipso

173 1558 294 1591 Nolim
316 1577 345 1582 —-
368 1561 488 1591 tibi—
506 1559 628 1591 libeat.
658 1559 703 1591 Es
723 1560 804 1600 liegt

130 1605 189 1636 der
223 1603 383 1636 Gedanke
419 1615 493 1636 zum
530 1603 688 1645 Grunde,
725 1605 804 1636 dass

129 1648 325 1691 Gracchus,
354 1660 451 1682 wenn
477 1660 513 1681 es
549 1650 615 1682 ihm
648 1650 802 1683 belieben

128 1695 240 1735 sollte,
271 1696 355 1727 auch
391 1696 466 1727 eine
493 1694 716 1736 Vertheilung
743 1696 801 1728 des

128 1739 459 1781 Privateigenthums
519 1741 801 1773 wahrscheinlieh

127 1785 351 1818 durchsetzen
379 1787 507 1818 wiirde.

172 1841 267 1883 Lege
285 1860 330 1865 —
349 1842 462 1880 ἄϊσος-,-
496 1853 523 1874 s.
552 1842 591 1874 ll.
617 1843 668 1882 12,
692 1843 733 1874 28
761 1854 802 1875 zu

125 1897 227 1929 rogo.
264 1885 375 1919 Ueber
403 1886 575 1919 Gracchus
595 1887 705 1920 Reden
732 1889 798 1930 vgl.

127 1933 224 1964 Brut.
246 1933 300 1963 33.

173 1989 229 2021 49.
258 1992 400 2020 tenuem
428 1992 571 2029 vectum,
604 1989 802 2022 feststehen-

128 2034 187 2065 der
204 2034 392 2074 Ausdruck‚
413 2035 475 2066 wie
495 2045 598 2066 unser
617 2060 639 2075 „
653 2035 800 2067 schin-‘ile

126 2078 252 2156 Ιῧοείἑζ,
267 2080 410 2157 ί5,(ἓς)ῐ·ἰεόἰι.
432 2076 548 2121 λεπτὴ
567 2077 702 2112 δίαιτα.
722 2079 797 2122 Vgl.

161 2150 167 2155 .
213 2148 245 2165 ..,
315 2148 323 2156 .

172 2192 355 2224 nempe:
374 2186 481 2223 certe,
518 2179 648 2223 δήπου,
686 2183 797 2221 „doch

124 2227 264 2258 wohl‘·.

170 2284 248 2324 .›lge
282 2288 345 2314 etc.
394 2283 475 2314 Sinn
492 2295 497 2314 z
534 2284 798 2324 Angenommen,

123 2328 186 2359 wir
211 2328 414 2360 verst'anden
443 2329 546 2369 nicht,
575 2338 645 2360 was
672 2328 712 2360 E.
744 2340 800 2361 vo-

126 2373 248 2415 luptas
275 2378 386 2413 neunt,
408 2384 442 2404 so
462 2374 506 2405 ist
524 2374 606 2405 (loch
626 2374 713 2404 wohl
743 2375 797 2406 <lie

124 2419 321 2460 Bedeutung
331 2429 394 2450 von
409 2419 511 2450 dolm-
523 2418 795 2460 unzweil'elhal't3

124 2464 164 2495 da
185 2474 221 2496 er
239 2475 303 2496 nun
324 2464 437 2496 diesen
464 2464 522 2495 das
541 2466 672 2505 griisste
693 2463 798 2496 Uebel

125 2514 239 2549 neunt,
256 2520 292 2541 so
312 2509 443 2551 ergiebt
461 2510 544 2549 sich,
563 2510 638 2541 dass
657 2510 722 2541 ihm
743 2510 797 2542 die

124 2555 289 2595 voluptas
307 2555 371 2586 und
393 2555 483 2586 nieht
503 2555 554 2587 die
575 2555 715 2596 Tugend
739 2556 797 2587 das

123 2602 254 2640 griisste
276 2600 339 2632 Gut
369 2601 424 2631 ist.
470 2626 474 2629 .

921 1556 985 1594 21.
1020 1559 1076 1589 50.
1110 1559 1297 1599 Epicurei,
1332 1556 1465 1598 Riimer,
1494 1558 1550 1589 die

876 1605 947 1635 dein
967 1603 1221 1646 Epicureismus
1247 1603 1422 1644 huldigen.

922 1651 990 1681 viri
1005 1651 1145 1691 optimi,
1176 1659 1203 1680 s.
1225 1659 1267 1680 zu
1286 1648 1327 1680 ll.
1353 1648 1406 1688 19,
1426 1648 1482 1680 44.

919 1694 1080 1726 studiose
1107 1718 1132 1733 ‚‚
1146 1693 1438 1726 leidenschaftlich
1451 1694 1474 1711 “
1503 1708 1548 1719 =

875 1740 1046 1772 iracunde
1073 1739 1090 1782 §
1110 1740 1165 1771 51.
1198 1739 1275 1781 vgl.
1295 1738 1454 1771 Tacitus:
1475 1741 1550 1771 sine

874 1789 930 1817 ira
950 1789 984 1817 et
999 1785 1134 1817 studio.
1431 1794 1444 1798 ⁴

918 1831 975 1863 Ita
989 1845 1034 1856 ==
1049 1830 1221 1861 studiose.

920 1876 961 1908 de
980 1894 1023 1898 —
1043 1875 1233 1917 dignitate,
1256 1876 1347 1907 nicht
1364 1875 1445 1907 aber
1465 1875 1550 1907 iiber

873 1920 1202 1953 wissenschastliche
1226 1919 1475 1961 Gegenstande.

917 1967 965 1998 Et
991 1966 1050 1998 ille?
1071 1969 1238 2007 pugnant
1263 1971 1326 1997 etc.
1365 1964 1468 1997 Sinn:
1490 1964 1547 1997 sie

872 2011 981 2043 bieten
1002 2011 1085 2043 alles
1104 2010 1270 2051 Mogliche
1299 2010 1367 2051 aul',
1395 2020 1448 2042 um
1473 2010 1546 2042 ihre

872 2056 1103 2090 feststehende
1129 2056 1269 2088 Ausicht
1297 2067 1337 2087 zu
1365 2056 1548 2087 vertheidi—

872 2113 956 2143 gen3
984 2103 1036 2134 ich
1065 2102 1227 2143 dagegen,
1257 2102 1310 2132 ein
1329 2100 1544 2141 Eklekfiker,

870 2148 939 2187 bin,
960 2158 1056 2179 wenn
1074 2147 1123 2179 sie
1142 2147 1226 2179 mich
1246 2147 1467 2186 iiberl‘iihreu,
1491 2146 1545 2178 be—

871 2194 949 2234 reit,
977 2193 1084 2225 meine
1103 2192 1246 2224 Ansicht
1271 2203 1313 2224 zu
1340 2193 1434 2224 ihren
1455 2191 1547 2224 Gun—

871 2244 942 2270 sten
969 2238 1193 2278 aul'zugeben.

916 2295 983 2316 nou
1022 2284 1188 2315 laborare
1222 2282 1352 2324 „keine
1383 2282 1546 2314 Austren-

869 2339 999 2370 gungeu
1027 2329 1216 2361 1naehen“.

913 2378 1033 2406 actum
1060 2375 1289 2406 habiturum.-
1317 2372 1461 2413 „indem
1489 2372 1541 2403 ich

870 2420 929 2451 (las
954 2420 1005 2451 als
1024 2419 1223 2460 abgemacht
1249 2418 1395 2449 ansehen
1414 2418 1541 2458 werde,

870 2475 939 2497 was
958 2467 1051 2496 —‘⁴.

914 2511 968 2542 51.
1018 2510 1058 2542 de
1093 2510 1179 2541 bello
1213 2509 1348 2541 Punico
1387 2509 1543 2549 agitur?

868 2555 969 2587 Sinn:
1011 2555 1158 2587 Haudelt
1191 2564 1227 2586 es
1261 2554 1329 2585 sich
1366 2553 1448 2584 denn
1484 2562 1538 2584 um

868 2601 942 2633 eine
969 2611 1004 2633 so
1024 2601 1180 2641 wichtige
1198 2599 1329 2631 Saehe?
