1684 2819
646 146 891 179 LIBERIII.
918 147 974 188 32,
996 148 1051 180 77.
1476 151 1555 189 157

149 260 355 301 detrahere
386 260 493 300 illam
524 259 746 313 opinionem
769 261 985 310 maerenti,
1022 261 1054 300 si
1085 274 1127 301 se
1149 262 1272 301 officio
1303 262 1412 316 fungi
1443 270 1554 316 putet

148 317 253 358 iusto
276 324 394 369 atque
417 317 562 357 debito.
607 316 706 356 Sunt
728 317 860 366 etiam,
886 318 950 371 qui
973 317 1069 357 haec
1093 319 1220 359 onmia
1242 331 1389 373 genera
1412 333 1552 359 conso-

148 373 251 413 landi
283 373 468 426 colligant
500 373 619 425 (alius
649 373 752 413 enim
783 373 859 414 alio
889 375 1004 415 modo
1036 380 1255 428 movetur),
1291 383 1333 415 ut
1366 376 1448 415 fere
1480 389 1551 417 nos

147 430 276 470 onmia
298 430 338 469 in
352 430 670 471 Consolationem
688 444 802 471 unam
821 431 1080 481 coniecimu83
1107 438 1193 472 erat
1214 432 1375 472 enimin
1399 440 1552 473 tumore

147 486 299 526 animus
322 494 359 526 ct
380 487 506 527 omnis
529 487 569 526 in
592 499 638 527 eo
659 487 883 528 tentabatur
904 489 1066 527 curatio.

259 555 333 595 Sed
366 556 595 595 sumendum
625 561 778 607 tempus
801 561 861 595 est
882 569 960 595 non
982 554 1111 594 minus
1141 555 1180 594 in
1204 556 1421 596 animorum
1447 570 1552 596 mor-

145 611 204 650 bis
228 625 340 664 quam
363 612 402 651 in
427 626 648 666 corporum.
686 612 733 652 Ut
755 612 1011 651 Prometheus
1034 611 1098 650 ille
1121 610 1320 666 Aeschyli,
1348 613 1409 653 cui
1433 627 1549 666 quum

144 668 287 708 (lictum
310 675 438 708 esset:

257 733 410 790 Atqui,
438 734 694 784 Promethea,
721 741 759 773 te
780 734 857 774 lzo'e
880 741 1017 774 tenere
1041 733 1259 785 existumo,

257 791 428 832 Mede'm·
440 804 561 846 posse
583 789 782 830 ra'tz'onom
807 790 1067 839 iramtndiae,

142 858 341 912 respondit
359 875 366 897 :

313 924 526 980 Siquidem
550 928 624 981 qui
643 925 922 980 tempestivam
947 926 1190 966 medicinam
1215 925 1433 967 (idumaeas

313 983 409 1023 Non
432 981 487 1022 a'cl
502 997 755 1037 gravescens
779 982 922 1022 munus
945 981 1083 1022 illicleit
1103 997 1262 1023 manus,

252 1050 338 1090 Erit
361 1051 479 1103 igitur
500 1051 539 1091 in
561 1051 896 1091 consolationibus
919 1050 1042 1104 prima
1066 1051 1274 1099 medicina,
1301 1051 1455 1099 docere,
1483 1050 1618 1095 aut32

141 1107 288 1148 nullum
311 1107 454 1146 malum
477 1120 564 1148 esse
587 1114 655 1148 aut
676 1108 882 1148 admodum
913 1121 1097 1161 parvum3
1134 1107 1257 1147 altera
1273 1137 1283 1156 ,
1318 1115 1356 1146 et
1377 1108 1423 1146 de
1446 1121 1550 1147 com·
1573 1117 1612 1147 77

140 1165 246 1204 muni
280 1164 502 1204 conditione
532 1165 637 1204 vitae
667 1171 704 1204 et
737 1165 918 1218 proprie,
954 1164 986 1204 si
1016 1164 1106 1217 quid
1140 1164 1191 1203 sit
1222 1164 1268 1204 de
1299 1164 1445 1217 ipsius,
1483 1164 1547 1216 qui

139 1228 333 1271 maereat,
359 1220 654 1274 disputandum3
679 1221 819 1270 tertia,
847 1235 1037 1262 summam
1061 1233 1147 1261 esse
1170 1220 1376 1260 stultitiam
1400 1221 1547 1261 frustra

139 1277 275 1317 confici
308 1291 509 1327 maerore,
544 1292 661 1331 quum
692 1278 916 1331 intelligas,
960 1277 1057 1317 nihil
1088 1290 1203 1331 posse
1235 1277 1385 1329 profici.
1446 1277 1546 1317 Nam

140 1333 349 1374 Cleanthes
382 1334 535 1387 quidem
565 1335 783 1388 sapientem
806 1334 1056 1383 consolatur,
1091 1334 1155 1386 qui
1177 1334 1446 1374 consolatione
1468 1348 1546 1373 non

139 1399 242 1444 eget.
283 1390 391 1431 Nihil
421 1392 523 1431 enim
546 1405 635 1432 esse
658 1392 799 1432 malum
815 1423 825 1441 ,
860 1391 961 1444 quod
994 1398 1108 1444 turpe
1132 1405 1209 1430 non
1233 1391 1303 1438 sit,
1340 1391 1371 1430 si
1396 1390 1545 1443 lugenti

137 1447 382 1501 persuaseris
397 1478 406 1496 ‚
433 1461 510 1487 non
533 1455 575 1488 tu
597 1448 652 1488 illi
674 1448 834 1497 luctum,
860 1449 927 1489 sed
951 1447 1155 1488 stultitiam
1179 1447 1424 1496 detraxeri53
1450 1447 1546 1486 alie-

137 1518 227 1544 num
260 1511 389 1544 autem
423 1511 574 1558 tempus
607 1505 784 1545 docendi.
828 1505 877 1544 Et
898 1512 1028 1544 tamen
1051 1517 1128 1543 non
1151 1503 1247 1543 satis
1272 1503 1366 1542 mihi
1390 1503 1545 1544 videtur

136 1560 283 1601 vidisse
305 1560 377 1600 hoc
394 1560 620 1610 Cleanthes,
646 1561 794 1614 suscipi
817 1560 1025 1613 aliquando
1047 1560 1333 1613 aegritudinem
1356 1573 1471 1613 posse
1493 1573 1546 1600 ex

136 1696 208 1716 men
223 1685 351 1716 wiirde.
379 1684 428 1715 Da
447 1694 512 1715 nun
532 1684 584 1715 bei
603 1684 664 1715 den
682 1683 806 1715 andern

874 1680 960 1716 Ἐάν
985 1695 1039 1720 τις
1068 1681 1107 1715 ἓν
1130 1684 1246 1728 καιρῷ
1278 1693 1320 1725 γε
1343 1680 1547 1729 μαλθάσσῃ

135 1731 318 1762 Ansichten
354 1730 406 1761 die
433 1728 559 1761 Namen
594 1729 653 1760 der
684 1729 805 1771 philos.
978 1728 989 1735 χ

1197 1730 1284 1772 κέαρ

137 1776 280 1808 Schulen
299 1775 479 1815 angefiihrt
499 1775 592 1814 sind,
621 1785 656 1806 so
674 1775 731 1806 hat
749 1775 809 1806 der

136 1821 301 1862 Herausg.
322 1822 381 1852 mit
399 1820 582 1852 Riicksicht
608 1819 671 1851 auf
694 1820 746 1857 13,
764 1819 805 1851 28

135 1867 200 1898 und
213 1867 267 1907 22,
279 1867 334 1906 52,
349 1866 430 1897 nach
443 1864 806 1906 Tregdersvorgange‚

135 1913 187 1944 die
206 1911 460 1951 Verbesserung
476 1921 540 1941 von
556 1910 717 1942 Davisius
747 1921 806 1941 un-

134 1957 330 1989 bedenklich
354 1956 622 1997 ausgenommen.

181 2014 415 2057 Chrysippus.
457 2011 534 2054 Vgl.
555 2023 596 2044 zu
615 2012 640 2044 I.
661 2013 717 2053 45,
741 2012 803 2044 los

133 2071 166 2090 u.
187 2058 244 2091 111.
265 2059 321 2099 22,
343 2059 397 2090 52.

176 2117 210 2147 si
228 2133 272 2138 —
288 2118 408 2156 putet,
428 2114 624 2158 Epexegese
644 2126 685 2146 zu
703 2115 802 2146 illam

132 2163 347 2202 opinionem.

177 2208 213 2238 in
242 2210 380 2238 tumore
414 2205 475 2245 „in
503 2204 682 2247 Giihrung,
718 2205 803 2238 Auf-

133 2252 301 2292 reguug“,
322 2251 385 2282 wie
407 2251 460 2292 12,
480 2251 536 2282 26.

157 2308 357 2349 'Aeschyli.
402 2306 510 2338 Prom.
541 2307 643 2338 viaet.
671 2306 736 2338 377
750 2317 801 2349 sq.

133 2353 261 2392 spricht
279 2352 453 2384 Oceanus:

138 2393 287 2437 Οὔκουν,
309 2397 526 2442 Προμηθεῦ,
547 2397 651 2449 ’[οῇτο
669 2392 805 2440 γιγνώ-

458 2451 565 2480 σκεις,
586 2454 644 2474 οτι

136 2483 246 2531 ὀργῆς
276 2484 455 2530 νοσούσης
479 2487 574 2520 εἰσὶν
599 2488 719 2532 ἰατροὶ
743 2485 804 2520 λό-

476 2545 529 2571 οι,-

137 2577 200 2609 und
219 2577 439 2611 Prometheus
455 2544 657 2611 {intworteu

876 1774 938 1806 καὶ
953 1772 1005 1818 μὴ
1025 1775 1236 1818 σᾳριγῶντα
1261 1770 1384 1818 θυμὸν
1407 1773 1548 1816 ἶσχναί-

1197 1829 1239 1863 2‘51
1257 1821 1332 1861 βίᾳ·

923 1865 1103 1906 Siquidem
1141 1865 1224 1906 «ula.-
1252 1875 1347 1896 wenn
1366 1865 1452 1904 —“‚
1483 1865 1546 1896 wie

876 1910 917 1942 ΙΙ.
941 1911 993 1949 17,
1015 1910 1220 1952 393q112'=
1236 1913 1330 1951 qm's.

920 1963 987 2002 32.
1017 1967 1070 1997 77.
1099 1966 1237 2007 altera,
1265 1967 1409 2008 ergi‘iuze
1429 1967 1548 2008 dispu-

874 2016 952 2044 tare
978 2022 1039 2043 aus
1058 2012 1131 2043 dem
1150 2012 1326 2053 folgenden
1347 2015 1547 2044 δι’-εἰὶ-

875 2057 1144 2099 disputandum.

918 2114 1059 2145 videtur
1069 2114 1205 2145 vidisse.
1224 2112 1303 2145 Dies
1316 2114 1368 2146 die
1381 2113 1546 2155 gewo'hnl.

873 2159 1028 2199 Stellung
1045 2158 1096 2190 bei
1124 2160 1183 2191 der
1200 2158 1418 2200 Verbindung
1436 2159 1547 2191 dieser

873 2205 994 2237 beiden
1015 2203 1135 2236 Worte
1168 2205 1250 2246 (vgl.
1272 2204 1296 2236 I.
1321 2205 1381 2244 18,
1402 2205 1467 2236 42:
1505 2208 1547 2236 ut

870 2252 1096 2291 potissimum
1107 2250 1221 2281 videri
1231 2250 1329 2281 video
1341 2250 1543 2290 Panaetio)3

873 2305 935 2326 nur
949 2305 1043 2326 wenn
1060 2295 1176 2326 videre
1190 2296 1354 2337 pragnant
1365 2310 1411 2321 Ξ
1425 2305 1542 2327 coram

874 2340 990 2372 videre
1016 2340 1078 2381 ist,
1107 2341 1206 2382 pssegt
1231 2351 1268 2372 es
1287 2350 1391 2372 voran
1417 2351 1457 2372 zu
1476 2345 1545 2371 ste-

874 2386 957 2423 hen,
988 2396 1019 2417 z.
1041 2385 1077 2418 Β.
1108 2385 1146 2417 de
1175 2386 1229 2417 fin.
1251 2385 1291 2417 V.
1313 2386 1353 2426 2,
1373 2387 1409 2417 4:
1437 2384 1544 2416 Modo

873 2431 1055 2472 enimsait
1068 2430 1189 2471 (lebte)
1209 2431 1422 2470 Carneades,
1442 2440 1545 2470 quem

872 2476 988 2508 videre
1005 2476 1139 2507 videor.

917 2532 1111 2574 aliqnando
1156 2531 1434 2572 ‚‚manehma1⁴‘‚

873 2577 971 2609 oster.

1478 2530 1544 2561 wie
