1684 2819
584 149 606 180 L
623 150 631 181 l
647 149 744 181 BER
763 149 787 180 Ι.
810 150 864 190 17,
885 149 939 181 39.
960 150 1016 182 40.
1451 150 1502 188 27

95 265 293 316 multaque
325 263 457 304 sccula
489 270 627 317 postea
657 263 714 304 sic
743 263 869 317 viguit
892 264 1231 319 Pythagoreorum
1262 277 1426 312 nomen,
1461 271 1502 304 ut

95 321 191 362 nulli
213 320 278 360 alii
301 320 404 360 docti
427 320 670 360 viderentur.

216 376 293 416 Sed
314 377 432 416 redeo
456 377 503 416 ad
526 376 724 429 antiquos.
770 377 974 417 Rationem
998 376 1055 417 illi
1077 376 1298 417 sententiae
1320 389 1415 416 suae
1438 390 1515 416 non
1535 376 1586 419 17

94 434 176 472 fere
198 432 438 481 reddebant,
474 433 549 473 nisi
580 433 669 486 quid
692 440 778 473 erat
798 435 971 474 numeris
993 440 1060 473 aut
1082 432 1410 487 descriptionibus
1433 445 1504 472 ex-

93 489 327 542 plicandum.
370 489 570 530 Platonem
603 491 760 538 ferunt,
792 498 834 531 ut
854 491 1122 545 Pythagoreos
1145 496 1429 544 cognosceret,
1462 488 1502 529 in
1522 497 1563 528 39

93 546 242 585 Italiam
266 546 425 586 venisse
448 555 485 585 et
507 546 690 587 didicisse
712 547 960 600 Pythagorea
989 547 1117 586 onmia
1134 577 1144 596 ,
1182 547 1427 599 primumque
1457 546 1503 585 de

92 602 312 642 animorum
334 602 572 643 aeternitate
594 617 672 643 non
696 603 821 643 solum
845 603 1021 643 sensisse
1042 602 1159 651 idem,
1187 604 1288 655 quod
1305 602 1503 656 Pythago-

91 673 197 708 ram,
237 660 305 699 sed
337 659 528 699 rationem
564 660 679 700 etiam
709 660 906 699 attulisse.
964 659 1111 709 Quam,
1158 659 1233 699 nisi
1266 659 1355 711 quid
1388 658 1498 706 dieis,

91 716 446 769 praetermittamus
479 723 517 754 et
547 715 645 755 hanc
677 722 798 755 totam
830 709 937 769 spem
968 715 1274 755 immortalitatis
1303 715 1502 768 relinqua-

91 786 193 812 mus.
246 772 307 812 Α.
348 771 409 810 An
446 778 511 821 tu,
537 786 654 824 quum
687 785 748 811 me
779 771 820 810 in
849 786 1039 811 summam
1071 771 1404 825 exspectationem
1435 772 1502 811 ad-

91 827 270 877 duxeris,
305 828 495 868 deseres?
525 829 672 868 Errare
695 827 918 868 mehercule
942 829 1042 868 malo
1066 842 1150 867 cum
1174 828 1354 878 Platone,
1389 841 1502 881 quem

90 891 132 924 tu
153 884 288 937 quanti
311 884 432 924 facias
455 884 537 925 scio
562 892 600 925 et
621 898 733 938 quem
758 898 809 925 ex
839 891 906 925 tuo
939 899 1007 925 ore
1040 885 1234 933 admiror,
1268 899 1382 937 quam
1414 898 1500 925 cum

88 940 178 981 istis
200 954 296 981 vera
318 941 482 981 sentire.
518 940 582 981 M.
607 942 732 982 Macte
750 942 919 983 virtute!
946 955 1018 995 ego
1037 941 1140 981 enim
1158 942 1241 995 ipse
1261 955 1348 981 cum
1365 942 1501 981 eodem
1519 950 1561 980 40

88 997 174 1051 ipso
207 1011 285 1037 non
316 997 464 1038 invitus
496 999 728 1038 erraverim.
770 998 872 1039 Num
900 999 1020 1051 igitur
1049 998 1295 1048 dubitamus,
1331 1012 1380 1038 an
1403 998 1501 1038 sicut

89 1054 303 1107 pleraque?
342 1068 572 1110 quamquam
604 1055 677 1095 hoc
707 1054 861 1108 quidem
894 1055 1077 1095 minime:
1122 1055 1359 1108 persuadent.
1398 1055 1499 1095 enim

90 1111 377 1160 mathematici,
413 1118 557 1152 terram
587 1111 628 1151 in
659 1112 787 1151 medio
817 1113 961 1153 mundo
993 1113 1107 1152 sitam
1131 1113 1177 1151 ad
1200 1111 1377 1151 universi
1402 1111 1498 1151 caeli

90 1167 336 1221 complexum
361 1168 472 1221 quasi
493 1169 625 1222 puncti
647 1169 773 1209 instar
795 1168 996 1217 obtinere,
1031 1168 1131 1221 quod
1156 1166 1332 1222 κέντρον
1352 1168 1407 1207 illi
1430 1182 1500 1207 vo-

89 1231 200 1273 cant,
227 1238 311 1264 eam
329 1239 447 1278 porro
470 1232 648 1265 naturam
673 1238 760 1266 esse
784 1233 970 1278 quattuor
993 1225 1121 1264 omnia
1145 1225 1389 1278 gignentium
1412 1239 1500 1264 cor-

88 1294 226 1334 porum
242 1311 252 1330 ,
287 1289 350 1331 ut,
384 1282 496 1334 quasi
521 1282 662 1335 partita
687 1283 856 1322 habeant
877 1283 981 1322 inter
1002 1296 1044 1322 se
1067 1296 1111 1321 ac
1136 1282 1261 1322 divisa
1284 1288 1496 1330 momenta,

91 1344 249 1378 terrena
267 1345 303 1378 et
324 1338 476 1378 humida
498 1346 635 1392 suopte
659 1346 753 1379 nutu
777 1346 815 1379 et
836 1354 907 1380 suo
931 1339 1103 1393 pondere
1126 1339 1171 1378 ad
1195 1352 1309 1392 pares
1332 1338 1500 1392 angulos

88 1394 129 1434 in
150 1400 297 1434 terram
323 1401 362 1435 et
382 1394 422 1434 in
442 1408 551 1435 mare
570 1397 761 1445 ferantur,
787 1396 966 1449 reliquae
985 1397 1082 1435 duae
1099 1403 1244 1449 parteS,
1270 1409 1348 1435 una
1366 1396 1497 1448 ignea,

89 1451 212 1491 altera
244 1451 449 1501 animalis,
491 1459 534 1492 ut
564 1453 654 1493 illae
685 1453 911 1506 superiores
941 1453 981 1493 in
1011 1453 1181 1493 medium
1211 1452 1337 1492 locum
1368 1451 1501 1492 mundi

88 1507 281 1560 gravitate
304 1509 482 1548 ferantur
504 1516 542 1549 et
563 1510 757 1563 pondere,
793 1510 848 1550 sic
883 1510 955 1550 hae
984 1523 1138 1549 rursum
1172 1509 1288 1549 rectis
1322 1508 1436 1548 lineis
1459 1508 1500 1547 in

90 1565 300 1606 caelestem
333 1565 458 1605 locum
489 1565 722 1615 subvolent,
757 1567 840 1606 sive
870 1566 955 1619 ipsa
986 1572 1126 1605 natura
1157 1566 1361 1619 superiora
1383 1578 1499 1618 appe-

135 1680 195 1719 17.
217 1684 265 1715 ad
278 1687 457 1726 antiquos,
475 1695 515 1715 zu
534 1685 596 1716 (len
615 1685 758 1717 'alteru
831 1685 894 1715 wir
920 1684 1002 1715 auch
1032 1684 1102 1715 dies
1131 1684 1161 1715 in
1188 1684 1329 1716 Zweifel
1365 1684 1427 1715 wie
1466 1694 1501 1715 so

90 1728 355 1773 Pythagoreern.

135 1775 296 1816 mansere
311 1775 520 1807 reddebant.
543 1774 598 1806 Sie
614 1775 761 1816 begniig-

89 1825 142 1851 ten
156 1821 223 1852 sich
236 1820 441 1861 gewohnlich
452 1821 511 1852 mit
522 1820 589 1851 dem
599 1819 758 1862 Spruche:

54 1892 58 1895 .
88 1862 211 1902 Αὐτὸς
230 1867 292 1906 (sc.
313 1865 537 1909 Pythagoras)
558 1864 643 1908 ἔφα.

135 1911 430 1952 descriptionibus
478 1935 504 1952 ‚,
518 1911 760 1952 geometrische

91 1955 373 1997 Zeichnungen“.
413 1956 455 1988 So
483 1958 522 1989 de
548 1957 604 1988 fin.
632 1956 672 1988 V.
705 1956 757 1997 19,

89 2003 154 2034 50:
187 2003 420 2034 Archimedes
447 2003 528 2034 dum
556 2005 590 2033 in
612 2003 759 2044 puluere

90 2048 263 2090 quaedam
289 2048 459 2080 describit
482 2051 680 2088 attentius,
717 2059 759 2079 ue

84 2095 248 2135 patr-lam
297 2093 438 2136 quidem
495 2097 637 2135 captam
689 2104 761 2125 esse

88 2140 212 2170 sensit.

135 2184 190 2216 39.
218 2195 297 2216 cam
320 2186 423 2225 istis,
458 2184 517 2216 mit
550 2185 677 2221 denen,
707 2184 759 2215 die

90 2229 143 2261 die
164 2228 455 2262 Unsterblichkeit
479 2230 636 2271 liiugnen.

126 2275 182 2307 40.
195 2285 263 2307 non
274 2278 404 2307 invitas
417 2277 610 2307 errauerz'm
624 2274 687 2306 soll
699 2285 762 2305 nur

92 2319 227 2352 Ciceros
253 2321 357 2352 hohes
384 2320 557 2352 Zutrauen
581 2331 622 2351 zu
646 2320 761 2352 Platos

91 2365 244 2398 Einsicht
271 2366 494 2398 ausdriicken.
526 2365 690 2406 Vg1.21,
718 2366 760 2396 49

92 2414 132 2442 ‘ut
150 2414 240 2442 enim
261 2417 326 2444 etc.

136 2455 230 2488 Nam
278 2459 395 2498 igitur
442 2457 648 2489 dubitamus
693 2461 758 2489 etc.

95 2500 199 2539 „Wir
217 2502 370 2534 zweifeln
390 2503 472 2534 doch
489 2503 580 2534 nicht
595 2507 680 2534 etwa
692 2503 762 2543 (er-

94 2546 196 2586 g'zinze
229 2558 288 2580 aus
324 2548 397 2580 dem
422 2547 637 2589 Folgenden:
677 2550 759 2590 quin

96 2594 192 2623 terra
220 2611 264 2616 —
289 2595 490 2634 obtineam?
526 2594 606 2625 oder
640 2594 760 2625 stellen

830 1729 945 1762 Vieles
971 1730 1070 1767 (nach
1099 1729 1212 1761 Weise
1238 1730 1298 1761 der
1320 1729 1503 1761 Akademi—

831 1776 929 1816 ker)?
959 1775 1039 1806 Hier
1064 1776 1193 1806 konnen
1219 1775 1282 1806 wir
1307 1774 1440 1807 freilich
1468 1785 1502 1806 es

831 1831 882 1852 am
902 1821 1205 1861 allerwenigsten“
1225 1831 1257 1851 u.
1280 1831 1307 1852 s.
1328 1831 1369 1850 w.

875 1869 908 1898 ιή
928 1866 1044 1897 medio
1063 1866 1194 1897 mundo
1212 1868 1331 1905 sitam,
1347 1866 1430 1897 nach
1444 1865 1504 1897 der

831 1912 954 1952 irrigen
973 1910 1192 1952 Vorstellung
1211 1911 1270 1943 der
1286 1912 1398 1943 Alten.
1423 1910 1499 1952 Vgl.

831 1957 887 1996 28,
908 1956 961 1988 63.

876 2003 923 2034 ad
932 2020 971 2025 —
983 2000 1499 2044 completum.Vgl.Liv.XXII.

830 2048 892 2079 22:
921 2049 1057 2080 bomini
1079 2058 1146 2079 non
1166 2048 1214 2079 ad
1232 2051 1349 2079 cetera
1366 2048 1501 2079 Ptmz'ca

830 2096 973 2135 ingenia
1001 2093 1154 2133 ealle‘do;
1182 2092 1253 2124 Cic.
1283 2094 1322 2125 de
1347 2098 1434 2124 orat.
1458 2092 1500 2124 ll.

831 2140 863 2179 6,
877 2139 919 2170 25
933 2153 939 2171 ;
961 2141 1077 2170 υίνωη
1096 2149 1163 2170 non
1180 2139 1428 2175 illitteratam,
1442 2138 1505 2170 sed

831 2185 928 2216 m'hz'l
944 2184 992 2216 ad
1008 2185 1181 2216 Perseum.

876 2234 1056 2261 momenta
1085 2229 1179 2260 hier:
1209 2230 1504 2270 „Bewegungsge-

830 2281 934 2315 setze,
954 2275 1209 2316 Richtungen“.

876 2321 924 2352 ad
938 2331 1044 2362 pares
1070 2321 1219 2362 angulos
1246 2319 1499 2361 ‚‚senk1·echt“.

877 2376 1021 2398 rursum
1049 2366 1344 2405 „andre1·seits“,
1372 2366 1497 2407 griech.

812 2406 889 2443 “αὖ.
930 2410 1006 2451 Vgt.
1034 2411 1099 2452 20,
1123 2412 1186 2442 45:
1222 2415 1259 2443 et
1291 2411 1499 2443 habitabiles

830 2459 991 2499 regiones
1028 2460 1062 2487 et
1095 2467 1239 2488 rursum
1273 2459 1371 2488 omni
1403 2457 1499 2488 calta

832 2506 1015 2540 earentes;
1040 2503 1123 2533 auch
1147 2501 1207 2534 ΙΙΙ.
1231 2502 1284 2539 15,
1306 2502 1360 2532 33.

876 2551 952 2589 ipsa
991 2550 1124 2580 natura
1159 2558 1206 2579 sc.
1243 2550 1427 2588 ignearum
1467 2550 1502 2578 et

831 2593 1038 2626 animalium
1055 2596 1233 2635 partium.
1407 2594 1410 2597 ’
