1684 2819
1212 99 1231 119 ·:
1263 80 1277 124 ’ἑ
1309 78 1356 127 w}

1320 186 1346 207 *l*
1353 190 1373 204 Ν

1320 208 1333 216 ψ

104 142 156 182 60
533 139 821 181 LlssER1.4o,
842 140 898 172 97.
934 141 990 201 ⁴0¹⁹
1010 140 1066 171 τις

644 204 730 228 aeffs
784 224 787 226 v
831 211 845 220 ⁴-
905 185 1046 219 »nm-⁴
1111 197 1163 223 xt.

99 251 183 291 Etsi
207 250 309 291 enim
333 249 489 296 flemus,
515 261 632 300 quum
639 218 837 300 legimus,
875 255 1007 288 tamen
1038 261 1118 288 non
1151 247 1432 288 miserabiliter
1451 247 1514 287 vir

101 308 232 348 clarus
265 306 471 346 emoritur.
516 303 588 354 Qui
619 317 758 355 quum,
803 304 1004 344 coniectus
1036 305 1075 345 in
1108 317 1307 345 carcerem
1350 303 1513 357 triginta

101 365 210 405 iussu
241 371 523 424 tyrannorum,
558 372 753 400 venenum
786 366 829 399 ut
859 361 996 401 sitiens
1029 361 1283 410 obduxisset,
1319 360 1511 413 reliquum

101 421 159 461 sic
183 433 204 460 e
227 419 366 473 poculo
388 417 520 464 eiecit,
556 423 597 455 ut
625 416 662 456 id
693 422 925 465 resonaret·
959 431 1035 468 quo
1067 425 1198 457 sonltu
1231 417 1382 458 reddito
1412 416 1515 456 arri-

102 477 223 517 dens:
251 474 447 528 Pr'opmo,
468 472 709 525 inquit,l10c·
725 472 921 536 pulchro
927 470 1103 522 Critiae,
1128 473 1192 526 qui
1215 474 1254 514 in
1277 487 1364 515 eum
1388 474 1518 513 fuerat

101 532 367 573 taeterrimus.
401 529 540 570 Graeci
564 529 667 570 enim
691 530 728 569 in
751 529 944 569 conviviis
967 528 1096 569 solent
1117 531 1335 579 nominare,
1360 529 1423 570 cui
1447 544 1515 583 po-

101 590 226 629 culum
252 586 434 628 tradituri
457 587 550 627 sint
584 586 697 626 Lusit
717 585 782 625 vir
804 585 989 639 egregius
1012 587 1194 626 extremo
1216 587 1371 640 spiritu,
1397 600 1514 638 quum

100 645 177 685 iam
201 643 443 698 praecordiis
466 650 691 697 conceptam
724 649 890 683 mortem
914 641 1152 692 contineret,
1176 655 1348 695 vereque
1374 642 1427 691 ei,
1457 643 1516 682 cui

100 715 298 742 venenum
320 700 585 755 praebiberat,
623 706 789 740 mortem
814 713 901 739 eam
924 705 985 739 est
1006 705 1239 752 auguratus,
1271 712 1370 752 quae
1402 698 1516 739 brevi

42 770 82 801 97
102 765 312 799 consecuta
344 764 419 798 est.
467 756 562 808 Quis
596 756 693 797 hanc
725 756 843 797 animi
875 755 1039 796 maximi
1082 756 1319 809 aequitatem
1362 755 1402 795 in
1432 755 1516 808 ipsa

100 822 227 856 morte
245 815 438 863 laudaret,
456 815 487 855 si
506 821 673 853 mortem
694 813 838 853 malum
856 813 1074 853 iudicaret?
1090 812 1274 853 —Vadit
1291 813 1331 853 in
1349 812 1514 852 eundem

101 885 301 912 carcerem
327 879 443 924 atque
465 872 504 910 in
528 871 692 910 eundem
715 870 849 923 paucis
874 876 962 923 post
983 870 1097 909 annis
1120 869 1309 923 scyphum
1331 869 1516 909 Socrates

101 929 238 969 eodem
271 928 422 969 scolere
452 927 639 976 iudicum,
675 941 749 979 quo
785 934 1042 981 tyrannorum
1067 925 1350 969 Theramenes,
1409 925 1516 976 Quae

101 993 162 1025 est
191 986 314 1038 igitur
335 985 420 1024 eius
443 983 584 1032 oratio,
611 997 685 1036 qua
710 983 799 1023 facit
830 996 918 1023 eum
942 982 1050 1022 Plato
1073 995 1187 1039 Qm
1217 983 1317 1036 apud
1347 982 1514 1031 iudices,

101 1042 177 1082 iam
210 1048 338 1081 morte
370 1040 607 1080 multatum?

218 1098 403 1151 „Magna
426 1110 502 1145 me,
529 1096 669 1149 inquit,
696 1109 784 1150 spes
818 1102 941 1144 tenet,
966 1095 1131 1144 iudices,
1165 1095 1265 1135 bene
1298 1094 1391 1134 mihi
1425 1107 1518 1135 eve-

100 1156 210 1205 nire,
235 1155 336 1207 quod
358 1154 490 1194 mittar
511 1154 559 1193 ad
582 1159 763 1197 mortem.
804 1152 981 1193 Necesse
1004 1159 1062 1192 est
1085 1152 1187 1192 enim
1211 1152 1261 1193 sit
1282 1151 1448 1191 alterum
1471 1151 1518 1191 de

100 1211 273 1252 duobus.
316 1218 358 1250 ut
387 1218 454 1251 aut
484 1224 626 1251 sensus
666 1210 825 1249 omnino
856 1223 992 1250 omnes
1022 1223 1130 1250 mors
1162 1210 1337 1256 auferat,
1381 1215 1449 1248 aut
1476 1208 1516 1248 in

100 1267 218 1309 alium
241 1267 432 1321 quendam
464 1267 590 1307 locum
615 1279 668 1306 ex
699 1266 757 1306 his
788 1266 884 1307 locis
907 1272 1033 1306 mo1te
1065 1265 1273 1319 migretur.
1321 1264 1516 1315 Quamob-

100 1338 207 1374 rem,
242 1325 328 1365 sive
350 1337 490 1365 sensus
514 1323 807 1377 exstinguitur,
825 1335 1026 1387 morsque
1048 1323 1084 1362 ei
1113 1336 1252 1362 somno
1277 1321 1415 1361 similis
1438 1327 1513 1370 est,

101 1383 166 1435 qui
196 1395 488 1434 nonnumquam
521 1380 637 1420 etiam
677 1380 763 1420 sine
794 1379 891 1420 visis
928 1379 1170 1420 somniorum
1209 1378 1514 1432 placatissimam

101 1438 270 1492 quietem
294 1438 428 1479 affelt:
456 1437 508 1477 dii
531 1437 644 1477 boni!
680 1436 769 1500 quid
793 1436 889 1476 lucri
915 1443 975 1475 est
996 1435 1142 1475 emori!
1179 1442 1245 1476 aut
1268 1449 1383 1488 quam
1405 1435 1517 1475 multi

101 1495 184 1536 dies
214 1495 378 1549 reperiri
409 1501 598 1548 possunt,
635 1494 698 1547 qui
730 1493 798 1533 tali
821 1493 925 1533 nocti
956 1492 1270 1556 anteponantur?
1313 1491 1385 1532 Cui
1409 1491 1442 1531 si
1465 1491 1516 1531 si-

99 1552 202 1592 milis
226 1553 354 1592 futura
378 1558 440 1592 est
468 1550 711 1604 perpetuitas
735 1550 862 1590 omnis
885 1550 1162 1602 consequentis
1185 1548 1396 1602 temporis,
1430 1548 1517 1601 quis

39 1618 80 1650 98
98 1622 160 1649 me
189 1609 369 1650 beatior?
409 1606 477 1648 Sin
500 1620 597 1648 vera
618 1614 732 1657 sunt,
768 1619 866 1660 quae
889 1605 1095 1655 dicuntur,
1130 1605 1406 1659 migrationem
1429 1617 1518 1645 esse

28 1100 82 1145 41

145 1739 319 1780 legimns:
347 1736 436 1769 Xen.
458 1737 545 1770 Heu.
568 1736 608 1769 11.
632 1739 664 1768 3.
890 1740 1000 1778 atque
1018 1739 1053 1767 ιή
1071 1736 1215 1767 eandem
1241 1736 1435 1780 scyphum,
1463 1735 1526 1766 εἰη

144 1794 772 1835 obdas-isse!„eingeschlii1·sthatte“.

143 1856 301 1898 Propzno
327 1861 392 1887 etr.
436 1854 525 1887 Xen.
557 1856 629 1888 1.1.
659 1856 676 1897 §
705 1857 770 1887 56:

96 1904 234 1945 Κριτία
253 1897 346 1933 wv’t
367 1900 460 1933 ἔστω
480 1901 529 1942 τῶ
547 1902 658 1942 καλῳ.
692 1900 771 1932 Dies

97 1947 256 1989 Adjectiv
291 1947 333 1979 ist
368 1947 443 1978 eine
477 1946 529 1978 bei
567 1947 628 1977 den
659 1946 769 1978 seiuen

96 1993 267 2025 Athenern
287 1992 516 2034 gewohnliohe
534 1991 772 2024 Hossichkeits-

99 2038 230 2071 formet.

140 2100 395 2153 praebiberat
389 2111 420 2131 in
437 2100 469 2132 (l.
485 2099 590 2131 klass.
605 2098 771 2130 Latinitiit

97 2147 150 2178 ein
166 2140 267 2183 cirta}
282 2141 491 2190 λεῃοαετοι
510 2144 771 2187 furp7·op1'·na1‹

97 2192 342 2237 (aponum)

143 2255 241 2285 brevi
271 2257 457 2285 consecuta
493 2256 556 2284 est.
609 2250 698 2284 Noch
738 2252 768 2282 in

98 2299 290 2331 deinselben
324 2299 426 2330 Jahre
468 2298 523 2329 fiel
558 2298 684 2329 Critias
727 2298 768 2328 im

97 2343 239 2388 Kampfe
259 2355 363 2385 gegen
382 2342 590 2386 'rhx-asybut.

144 2409 201 2439 97.
227 2409 321 2438 εἰ-
340 2406 547 2438 iudicaret?
582 2405 646 2436 Ein
669 2405 771 2436 unbe-

100 2453 285 2494 rechtigter
321 2451 481 2490 Sehluss3
522 2451 606 2482 denn
646 2451 769 2491 gerade

99 2509 194 2530 wenn
209 2498 427 2530 Jemand‘den
437 2496 507 2528 Tod
529 2496 582 2527 fiii·
600 2497 651 2527 ein
668 2495 769 2528 Uebel

99 2544 182 2585 halt,
214 2544 296 2575 wird
317 2554 354 2576 cr
373 2541 582 2575 Gleichmuth
603 2542 654 2573 bei
682 2542 768 2574 dem-

100 2590 213 2621 selben
234 2599 284 2621 am
304 2589 443 2621 meisten
463 2587 683 2620 bewundern.

845 1781 1007 1823 Zeugma.
1049 1780 1140 1812 Statt
1168 1781 1267 1813 vadit
1292 1781 1416 1813 iniisste
1445 1780 1519 1813 hier

843 1828 970 1859 e'neide't
988 1827 1040 1858 od.
1063 1826 1170 1867 dergl.
1193 1827 1323 1858 stehen.

888 1884 1015 1915 Plalo:
1041 1882 1140 1924 Apol.
1162 1882 1257 1914 Socr.
1277 1893 1307 1914 c.
1329 1882 1384 1914 32.

888 1936 951 1975 41.
977 1950 1055 1981 spes
1073 1957 1116 1963 —
1137 1940 1218 1971 bene
1237 1941 1384 1970 evenire.
1405 1937 1515 1971 XVeun

842 1996 964 2027 spero,
997 1996 1091 2027 spem
1120 1986 1230 2016 habeo
1256 1990 1320 2016 etc.
1356 1983 1517 2025 „huffend

842 2036 947 2062 etwas
963 2031 1159 2070 annehmen,
1177 2030 1245 2062 sich
1262 2030 1517 2062 schmeicheln“

841 2077 969 2116 heisst,
1015 2086 1051 2107 so
1090 2075 1176 2107 kann
1211 2076 1270 2107 der
1303 2075 1365 2107 lnf.
1400 2074 1514 2107 Praes.

841 2122 979 2161 stehen,
1009 2132 1039 2152 z.
1061 2122 1096 2152 B.
1124 2121 1165 2152 ad
1194 2120 1274 2153 sam.
1300 2120 1324 2153 1.
1347 2121 1387 2162 6,
1408 2121 1448 2152 2:
1477 2124 1518 2152 ut

841 2178 974 2208 sperem
1005 2171 1039 2199 te
1064 2167 1156 2198 milti
1178 2169 1380 2208 ignoscere,
1415 2176 1518 2207 sogar

842 2211 1094 2251 derlnffflerf„
1118 2212 1312 2244 z.B.unten
1325 2211 1365 2244 11.
1380 2212 1512 2253 27‚67:

841 2269 963 2301 meque
988 2268 1093 2300 spero
1120 2258 1308 2289 liberatum
1328 2260 1447 2298 metu5
1472 2257 1515 2288 ad

841 2305 912 2336 An.
934 2304 958 2336 1.
981 2304 994 2334 l
1014 2308 1116 2335 extu:
1137 2313 1240 2346 spero
1260 2304 1326 2335 te‘bc
1341 2313 1396 2335 me
1414 2313 1516 2334 eaus—

841 2360 917 2381 sam
934 2350 1118 2391 probasse.

887 2408 958 2437 sire
981 2416 1103 2436 sensns
1135 2407 1390 2447 exstinguitur.
1432 2403 1514 2436 Dem

841 2451 1029 2493 entspricht
1044 2456 1111 2482 erst
1128 2450 1221 2492 §952
1239 2451 1303 2483 Sin
1320 2460 1400 2482 vera
1414 2453 1512 2481 sunt.

840 2496 1002 2529 Aehnlich
1023 2496 1128 2528 Acad.
1153 2495 1175 2526 1.
1196 2496 1228 2536 2,
1250 2497 1266 2526 7
1285 2507 1291 2527 :
1320 2495 1401 2528 Sive
1422 2497 1513 2526 enim

841 2543 1015 2574 Zenonem
1039 2551 1189 2583 sequare
1205 2559 1249 2564 —
1266 2543 1301 2572 si
1324 2550 1406 2572 vero
1423 2541 1515 2572 Aca-

841 2589 991 2620 demiam
1010 2596 1280 2629 persequamur.
