1684 2819
67 741 128 775 123

66 1247 127 1279 124

157 185 209 224 86
732 179 788 211 DE
815 179 997 214 orricns

155 284 277 325 vereri
298 295 418 335 exque
440 282 485 321 iis
508 281 672 332 deligere
695 281 866 333 optimos
889 287 926 321 et
947 283 1261 334 probatissimos,
1283 296 1451 336 quorum
1474 297 1569 325 con-

159 341 243 380 silio
274 346 386 391 atque
415 338 641 378 auctoritate
668 337 830 377 nitatur:
862 339 1031 378 ineuntis
1054 339 1156 378 enim
1178 340 1312 380 aetatis
1332 341 1485 381 inscitia
1506 354 1569 381 se-

157 410 251 437 num
274 394 543 436 constituenda
565 400 601 433 et
620 395 788 446 regenda
809 396 1012 447 prudentia
1033 402 1102 435 est.
1145 396 1308 435 Maxime
1327 403 1456 437 autem
1477 398 1571 438 haec

157 458 260 492 aetas
288 465 307 491 a
335 451 558 491 libidinibus
581 452 746 491 arcenda
767 457 826 491 est
846 453 1135 504 exercendaque
1157 452 1197 490 in
1215 452 1345 492 labore
1366 454 1570 505 patientia—

157 522 230 560 que
259 514 295 548 et
324 507 442 547 animi
470 513 507 546 et
536 508 735 559 corporis,
763 514 805 547 ut
832 522 967 549 eorum
997 509 1093 548 etin
1114 508 1258 547 bellicis
1280 514 1317 548 et
1337 509 1376 549 in
1397 510 1570 551 civilibus

155 565 291 604 officiis
321 565 444 615 vigeat
472 564 674 604 industria.
731 565 856 617 Atque
885 566 998 605 etiam
1027 578 1115 605 cum
1144 565 1314 604 relaxare
1349 566 1502 605 animos
1533 572 1572 606 et

157 622 247 661 dare
275 634 316 660 se
345 621 573 660 iucunditati
594 621 738 668 volent,
766 629 924 662 caveant
943 622 1297 673 intemperantiam,
1324 622 1574 662 meminerint

155 678 418 724 verecundiae,
442 678 547 728 quod
569 677 639 716 erit
662 678 820 726 facilius,
844 679 876 718 si
899 679 937 717 in
960 681 1041 718 eius
1060 678 1166 717 modi
1184 678 1338 729 quidem
1355 679 1470 718 rebus
1487 692 1571 719 ma-

157 735 259 774 iores
282 739 373 773 natu
395 735 524 773 volent
544 734 741 773 interesse.
781 735 951 775 Senibus
973 741 1101 774 autem
1122 735 1272 774 labores
1296 736 1475 786 corporis
1497 736 1572 774 mi-

156 791 317 839 nuendi,
354 791 645 830 exercitationes
684 791 802 830 animi
839 793 953 831 etiam
991 791 1185 843 augendae
1213 791 1408 830 videntur:
1447 792 1573 831 danda

159 861 247 887 vero
279 860 395 899 opera
419 853 459 885 ut
481 852 518 885 et
540 847 686 885 amicos
709 854 744 886 et
766 848 1003 887 iuventutem
1026 856 1063 886 et
1084 848 1251 887 maxime
1272 860 1353 886 rem
1375 848 1572 899 publicam

157 904 319 943 consilio
342 910 378 942 et
399 903 604 954 prudentia
626 916 739 954 quam
764 905 972 956 plurinmm
995 905 1185 943 adiuvent.
1222 904 1323 942 Nihil
1340 913 1468 943 autem
1486 917 1571 943 ma-

156 961 213 1011 gis
243 960 455 999 cavendum
484 966 542 998 est
565 960 752 999 senectuti
775 974 890 1011 quam
912 973 960 999 ne
982 961 1155 1011 languori
1178 974 1218 998 se
1240 960 1482 1011 desidiaeque
1504 962 1572 999 de-

157 1018 229 1056 dat.
280 1016 445 1055 Luxuria
467 1028 557 1054 vero
581 1029 668 1054 eum
692 1017 799 1055 omni
821 1017 932 1055 aetati
955 1018 1079 1067 turpis
1102 1023 1184 1055 tum
1209 1017 1400 1055 senectuti
1423 1016 1572 1055 foedis-

156 1073 254 1112 sima
290 1078 357 1111 est.
408 1072 475 1110 Sin
512 1073 638 1111 autem
677 1072 789 1112 etiam
827 1073 1030 1112 libidinum
1067 1073 1365 1124 intemperantia
1401 1073 1575 1118 accessit,

156 1130 297 1180 duplex
319 1129 461 1168 malum
486 1134 555 1175 est,
577 1128 680 1179 quod
703 1134 741 1167 et
764 1143 847 1181 ipsa
870 1135 1048 1169 senectus
1066 1129 1232 1168 dedecus
1251 1129 1420 1180 concipit
1435 1135 1471 1168 et
1488 1129 1575 1168 facit

156 1185 460 1225 adulescentium
490 1185 819 1236 impudentiorem
842 1186 1190 1237 intemperantiam.

270 1242 323 1280 Ac,
346 1254 393 1280 ne
414 1241 502 1280 illud
526 1241 681 1292 quidem
704 1242 866 1281 alienum
890 1249 966 1288 est,
989 1243 1034 1280 de
1058 1242 1351 1293 magistratuum
1376 1243 1423 1281 de
1444 1242 1571 1293 priva—

155 1305 298 1345 torum,
322 1299 368 1336 de
391 1298 528 1337 civium
551 1298 596 1336 de
618 1299 911 1349 peregrinorum
931 1298 1066 1337 ol'liciis
1084 1298 1220 1337 dicere.
1261 1298 1328 1336 Est
1344 1298 1460 1348 igitur
1476 1311 1570 1348 pro-

154 1355 285 1406 prium
309 1366 452 1393 munus
476 1355 724 1405 magistratus
747 1356 965 1405 intellegere
988 1368 1028 1394 se
1050 1367 1181 1405 gerere
1207 1367 1416 1405 personam
1440 1354 1570 1393 civita-

156 1412 204 1450 tis
232 1411 447 1461 debereque
475 1411 555 1449 eius
586 1411 808 1461 dignitatem
839 1417 876 1450 et
904 1412 1020 1450 decus
1050 1412 1259 1456 sustinere,
1287 1423 1437 1449 servare
1458 1411 1571 1461 leges,

155 1467 239 1506 iura
274 1467 509 1514 describere.
546 1481 585 1506 ea
617 1468 703 1506 fidei
732 1480 822 1506 suae
852 1468 1062 1507 commissa
1090 1467 1326 1506 meminisse.
1376 1466 1571 1506 Privatum

156 1530 283 1563 autem
313 1529 467 1575 oportet
497 1536 618 1575 aequo
642 1529 677 1562 et
699 1525 781 1575 pari
806 1537 893 1564 cum
917 1524 1062 1563 civibus
1084 1525 1165 1563 iure
1187 1524 1310 1562 vivere
1331 1536 1456 1574 neque
1478 1523 1571 1562 sul»-

901 1660 1011 1700 hiiutig
1028 1659 1282 1691 vorkommende
1304 1658 1507 1691 constructio
1532 1659 1572 1690 ad

901 1715 1034 1736 sensum
1057 1704 1116 1735 aul'
1129 1707 1234 1736 (zetas.
1275 1704 1307 1745 ξ.
1326 1704 1385 1735 117
1406 1706 1438 1735 in
1454 1705 1572 1746 quibus

900 1750 959 1781 aul'
970 1760 1064 1793 pars.

201 1652 269 1691 34.
299 1659 371 1690 122.
399 1659 721 1701 eu‘qneiisdelzgere.
741 1659 828 1691 Vor-

155 1705 269 1736 nehme
289 1704 637 1745 romischeJiinglinge
656 1704 827 1736 sclilosscn

156 1750 224 1780 sicli
258 1761 299 1781 an
335 1749 540 1781 bedentende
575 1750 828 1781 Staatsmiinner

155 1805 212 1833 an,
239 1805 290 1825 um
310 1805 374 1825 von
394 1795 489 1825 ibnen
512 1795 600 1826 nicht
620 1805 682 1826 nur
700 1795 828 1837 prakti—

155 1840 232 1870 sebe
252 1838 482 1879 Erl'abrungen
507 1840 560 1870 l'iir
589 1840 647 1870 das
677 1840 827 1880 kiinl'tige

155 1884 366 1915 Staatslebcn
401 1895 440 1915 zu
474 1885 648 1921 sannneln,
683 1885 826 1916 sondern

155 1930 236 1960 auch
256 1930 285 1960 in
306 1929 396 1959 ilirer
413 1940 537 1968 gaiizen
559 1929 726 1961 sittliclien
746 1929 826 1961 Per-

155 1974 354 2005 siinlicltkeit
383 1974 451 2004 sicli
477 1975 555 2004 nach
581 1974 674 2005 ihnen
701 1986 741 2005 zu
765 1975 826 2005 bil-

156 2019 229 2049 dcn.
280 2019 312 2049 S.
337 2019 388 2049 die
415 2019 635 2057 Schilderung
663 2020 715 2051 bei
744 2019 826 2051 Ptin.

156 2075 206 2105 ep.
225 2063 316 2098 Vlll.
346 2063 395 2094 14.
431 2064 473 2094 So
505 2064 632 2095 scliloss
663 2065 729 2095 sicli
762 2064 828 2096 Cic.

157 2112 271 2140 zuerst
294 2118 333 2139 an
358 2109 419 2139 ‹lcn
438 2108 571 2148 Augur,
603 2109 686 2140 daun
705 2119 745 2140 an
767 2110 827 2140 den

156 2153 310 2185 Pontifex
331 2153 493 2184 Scaevola
509 2164 565 2194 an,
590 2164 630 2184 an
649 2154 828 2185 denselben

154 2198 190 2231 P.
209 2197 354 2230 Rutilius
389 2198 431 2239 ll,
454 2198 508 2239 13,
526 2198 578 2229 47.
627 2199 670 2229 So
695 2210 735 2230 an
762 2199 827 2230 Cic.

157 2243 263 2275 selbst
293 2243 335 2274 M.
367 2243 498 2274 Caelius
531 2247 601 2286 (pro
621 2243 710 2275 Cael.
729 2244 762 2285 4,
783 2246 828 2284 ὓ),

156 2288 199 2320 Μ.
218 2288 396 2320 Terentius
417 2289 474 2329 (ad
494 2287 567 2320 sam.
588 2288 676 2329 xm,
699 2289 779 2329 107)
798 2301 828 2321 u.

154 2333 299 2365 Andere.

202 2379 452 2420 cousiituenda,
488 2379 518 2408 d.
544 2379 561 2409 i.
596 2379 829 2419 confirmanda,

157 2423 363 2454 stabilienda.
390 2424 422 2455 S.
439 2422 534 2454 Hritz
554 2433 582 2454 z.
601 2424 756 2465 Salblug.
776 2424 829 2464 35,

160 2468 197 2499 17
222 2471 369 2500 maiores
388 2470 492 2501 vestri
517 2469 666 2511 parandi
688 2471 774 2501 iaris
799 2473 832 2502 et

157 2514 410 2546 constituendae
422 2516 673 2546 ⁷11aiestt1lisbis
683 2536 710 2538 -ω
720 2516 832 2548 Acen-

159 2561 263 2590 {inimi
283 2570 496 2603 occupavere.

203 2615 321 2636 corum
354 2604 483 2637 bezieht
516 2606 584 2637 sich
619 2605 720 2637 durcli
757 2605 829 2637 eine

945 1794 1141 1827 iucunditas
1158 1794 1202 1826 ist
1219 1795 1376 1826 milderer
1396 1793 1571 1825 Ausdruck

901 1840 955 1871 liir
969 1840 1138 1883 voluptas,
1158 1841 1241 1871 denn
1260 1839 1422 1881 voluptati
1436 1849 1472 1871 se
1491 1838 1574 1871 dare

901 1885 1016 1916 wiirde
1046 1885 1118 1915 eine
1150 1885 1302 1916 tadclnde
1332 1884 1572 1916 Nebenbedeu-

902 1935 981 1969 tung
998 1930 1247 1961 einscliliessen.

946 1974 1294 2015 1⁸11eiusmodiquidem
1305 1987 1315 2005 :
1333 1973 1464 2016 quidem
1485 1973 1574 2004 nicht

901 2019 1187 2059 einsehrankend‚
1222 2020 1363 2050 sondern
1398 2019 1573 2058 betonem,

902 2065 1035 2104 ‚gerade
1056 2064 1106 2094 bei
1127 2063 1283 2095 solclten‘.

952 2109 1023 2140 124.
1051 2111 1128 2141 iura
1151 2109 1351 2150 describere,
1380 2109 1431 2140 die
1449 2107 1573 2139 Rechte

902 2155 961 2185 der
990 2154 1171 2185 Einzelnen
1201 2154 1472 2196 unterscheiden‚
1501 2152 1573 2184 aul'-

903 2200 996 2230 recht
1014 2199 1135 2230 halten.
1178 2199 1253 2239 x'gt.
1274 2199 1303 2240 ξ.
1323 2198 1361 2230 21
1383 2198 1573 2242 descriptio.

901 2243 980 2285 ]1‚4‚
996 2244 1045 2275 15.
1077 2243 1122 2276 Im
1142 2243 1331 2284 Gegcnsatz
1350 2245 1434 2275 dazu
1451 2243 1574 2275 bedeu-

904 2294 953 2321 tet
981 2289 1071 2331 leges
1094 2300 1230 2321 sert-are
1257 2289 1309 2321 die
1333 2287 1575 2321 Staatsversas-

905 2345 988 2375 sung
1008 2335 1199 2376 bewabren,
1225 2335 1264 2366 de
1283 2345 1330 2365 or.
1350 2333 1501 2374 11,16,65
1519 2335 1577 2375 qni

903 2382 996 2420 iura,
1016 2382 1072 2421 qui
1085 2379 1194 2421 leges,
1213 2381 1271 2422 qni
1285 2381 1435 2411 civitates
1452 2380 1576 2410 consti-

906 2428 1052 2456 tuerunt.
1096 2425 1129 2456 ln
1154 2425 1260 2456 einem
1287 2425 1410 2455 andern
1442 2423 1573 2464 Gegcn-

905 2474 998 2501 satze
1017 2471 1105 2501 steht
1121 2469 1178 2502 Ieoe
1195 2470 1259 2501 und
1277 2472 1329 2502 ius
1348 2469 1399 2509 ΙΙΙ,
1422 2469 1471 2510 17,
1490 2468 1543 2500 «59.

951 2525 1055 2557 aequo
1075 2518 1107 2546 et
1128 2517 1209 2559 pari
1223 2517 1306 2547 iure.
1342 2515 1400 2546 Die
1419 2515 1573 2557 Synony-

903 2569 975 2592 men
1001 2560 1073 2591 sind
1098 2570 1158 2591 zur
1181 2560 1414 2600 Verstiirliung
1436 2560 1494 2591 des
1512 2559 1574 2590 Be-

903 2604 995 2645 griffs
1009 2605 1068 2637 mit
1082 2605 1238 2637 einander
1252 2605 1460 2646 verbunden,
1486 2603 1574 2637 velt.
