1684 2819
121 296 143 339 1

121 360 134 390 1

134 977 151 1009 ΙΨ

167 141 245 180 162
639 135 1089 175 LIBER1V.1‚1.·2.3.

277 263 436 350 Quum
460 289 592 328 multis
616 288 712 327 locis
735 294 962 327 nostrorum
985 288 1184 328 hominum
1208 287 1366 338 ingenia
1390 286 1577 325 virtutes-

171 363 260 403 que,
286 350 420 394 Brute,
446 345 556 385 soleo
579 344 730 391 mirari,
758 351 835 382 tum
860 344 1032 383 maxime
1055 344 1094 382 in
1117 345 1162 383 iis
1185 344 1337 391 studiis,
1364 355 1463 395 quae
1486 354 1577 381 sero

169 406 374 446 admodum
408 401 583 454 expetita
614 401 654 440 in
687 399 786 439 hanc
819 399 1018 439 civitatem
1041 412 1061 438 e
1085 398 1249 439 Graecia
1272 398 1574 439 transtulerunt.

168 462 267 503 Nam
293 474 408 512 quum
432 472 452 497 a
476 457 599 511 primo
623 456 736 497 [vbis
766 462 856 495 ortu
887 455 1007 508 regiis
1040 455 1255 503 institutis,
1291 456 1428 508 partim
1461 455 1576 495 etiam

169 518 336 570 legibus,
362 514 552 568 auspicia,
577 513 858 561 caerimoniae,
885 512 1059 558 omnnia,
1086 512 1403 564 provocationes,
1429 518 1578 563 patrum

171 572 401 620 consilium,
437 571 608 624 equitum
642 570 894 624 peditumque
923 568 1159 621 descriptio,
1193 575 1273 607 tota
1304 580 1368 607 res
1400 567 1581 607 militaris

171 630 358 670 divinitus
382 634 489 668 esset
509 627 744 667 constituta:
787 633 866 665 tum
895 625 1122 679 progressio
1146 623 1389 664 admirabilis
1412 623 1581 663 incredi-

172 686 335 738 bilisque
366 698 507 725 cursus
544 685 591 724 ad
628 696 781 723 omnem
813 683 1089 722 excellentiam
1127 682 1250 721 factus
1287 686 1347 720 est
1382 680 1582 719 dominatu

173 743 283 796 regio
306 741 504 794 republica
526 741 702 780 liberata.
734 739 817 780 Nee
838 752 935 779 vero
967 739 1026 778 hic
1058 738 1166 778 locus
1197 745 1280 786 est,
1314 744 1355 776 ut
1386 736 1432 775 de
1464 737 1581 775 mori-

174 800 245 839 bus
269 798 536 850 institutisque
558 797 750 836 maiorum
773 803 811 836 et
828 795 1031 849 disciplina
1049 809 1093 835 ac
1112 794 1393 848 temperatione
1412 793 1584 833 civitatis

173 856 401 909 loquamur3
438 855 524 894 aliis
555 855 650 894 haec
686 854 780 894 locis
811 853 905 893 satis
938 860 1121 892 accurate
1155 866 1176 891 a
1209 851 1321 891 nobis
1351 850 1453 889 dicta
1474 856 1580 896 sunt,

175 912 425 964 maximeque
457 911 497 950 in
528 911 576 950 iis
610 925 684 950 sex
715 910 847 956 libris,
880 923 976 962 quos
1009 909 1058 948 (le
1081 908 1308 962 republica
1331 906 1580 959 scripsimus.

175 969 258 1008 Hoc
281 975 409 1007 autem
430 967 516 1007 loco
540 966 805 1007 consideranti
829 965 922 1005 mihi
950 965 1075 1005 studia
1106 965 1309 1004 doctrinae
1339 963 1457 1003 multa
1489 977 1585 1002 sane

177 1030 413 1071 occurrunt,
450 1037 520 1062 cur
550 1036 596 1063 ea
629 1035 781 1075 quoque
812 1023 1002 1062 arcessita
1031 1021 1186 1061 aliunde
1210 1034 1334 1072 neque
1357 1020 1482 1059 solum
1514 1033 1586 1058 ex-

174 1081 309 1135 petita,
336 1080 404 1118 sed
427 1079 546 1118 etiam
568 1085 802 1119 conservata
826 1085 865 1118 et
886 1078 986 1118 culta
1008 1078 1230 1118 videantur.
1266 1078 1359 1116 Erat
1381 1076 1484 1115 enim
1508 1075 1587 1115 illis

178 1150 301 1191 paene
324 1137 363 1176 in
386 1142 598 1189 conspectu
622 1135 837 1189 praestanti
869 1135 1063 1188 sapientia
1096 1141 1134 1175 et
1164 1133 1367 1173 nobilitate
1390 1132 1587 1187 Pythago-

178 1208 268 1240 ras,
295 1193 358 1245 qui
383 1193 456 1233 fuit
477 1193 517 1232 in
541 1192 648 1232 ltalia
671 1191 912 1245 temporibus
934 1192 1094 1239 iisdem,
1129 1191 1267 1243 quibus
1293 1190 1332 1230 L.
1358 1190 1500 1229 Brutus
1524 1204 1586 1242 pa-

180 1252 293 1290 triam
317 1249 522 1298 liberavit,
559 1249 784 1302 praeclarus
806 1254 943 1288 auctor
966 1248 1179 1288 nobilitatis
1202 1255 1305 1288 tuae.
1343 1246 1588 1300 Pythagorae

179 1314 309 1347 autem
333 1307 509 1345 doctrina
534 1320 651 1358 quum
675 1305 789 1357 longe
814 1304 969 1357 lateque
994 1305 1147 1352 flueret,
1176 1303 1470 1357 permanavisse
1495 1303 1588 1341 mihi

180 1363 337 1403 videtur
358 1363 397 1402 in
421 1363 520 1402 hauc
543 1361 757 1410 civitatem,
778 1361 892 1413 idque
911 1375 1025 1413 quum
1050 1361 1275 1400 coniectura
1295 1359 1493 1413 probabile
1512 1367 1587 1404 est,

182 1427 264 1460 tum
287 1419 516 1472 quibusdam
540 1418 656 1458 etiam
688 1417 865 1469 vestigiis
896 1417 1101 1457 indicatur.
1147 1416 1239 1467 Quis
1273 1417 1374 1455 enim
1409 1423 1491 1463 est,
1527 1416 1588 1468 qui

182 1482 305 1530 putet,
330 1490 447 1528 quum
470 1476 631 1515 floreret
651 1475 690 1514 in
714 1474 824 1513 ltalia
848 1473 1013 1514 Graecia
1035 1473 1318 1527 potentissimis
1345 1480 1383 1512 et
1405 1472 1590 1512 maximis

183 1532 360 1580 urbibus,
386 1544 432 1571 ea
454 1545 552 1584 quae
576 1545 717 1585 magna
740 1530 840 1570 dicta
863 1537 938 1580 est,
970 1530 1009 1569 in
1033 1530 1159 1582 iisque
1182 1529 1346 1584 primum
1369 1529 1492 1582 ipsius
1515 1528 1590 1582 Py-

182 1590 397 1642 thagorae,
432 1588 572 1628 deinde
603 1595 736 1641 postea
760 1587 1099 1641 Pythagoreorum
1122 1594 1269 1626 tantum
1294 1600 1434 1626 nomen
1466 1593 1588 1629 esset.

183 1652 410 1685 nostrorum
439 1645 638 1685 hominum
659 1645 706 1684 ad
729 1657 866 1684 eorum
889 1643 1136 1684 doctissimas
1159 1657 1277 1683 voces
1299 1656 1415 1683 aures
1438 1642 1591 1682 clausas

185 1702 331 1743 fuisse?
362 1701 463 1752 Quin
497 1702 612 1741 etiam
644 1700 840 1749 arbitror,
874 1707 1034 1754 propter
1055 1700 1393 1754 Pythagoreorum
1424 1699 1595 1739 admira·

227 1802 260 1839 1.
286 1805 314 1840 1,
336 1804 462 1835 multis
481 1805 569 1835 loeis
586 1804 649 1844 „in
668 1804 777 1835 vielcn
795 1804 854 1835 sse-

185 1850 415 1890 ziehungcn“.

226 1896 513 1937 provoeatiolle‘s,
534 1905 581 1925 sc.
602 1894 650 1925 ad
662 1895 851 1936 populum.

184 1939 269 1971 Dass
299 1939 511 1980 dergleichen
547 1940 630 1970 auch
665 1945 764 1970 unter
791 1939 853 1970 den

184 1984 334 2027 litinigen
370 1985 470 2016 sehon
501 1984 732 2025 stattl'anden,
767 1985 855 2016 lehrt

185 2030 304 2063 Cicero
332 2031 372 2061 de
398 2040 468 2072 rep.
498 2030 537 2061 ll.
558 2030 614 2064 31.
635 2031 691 2061 54.

231 2076 400 2108 divinitus
426 2075 492 2106 und
521 2075 652 2115 divine,
684 2076 725 2106 im
753 2075 853 2106 Sinnc

183 2131 246 2152 von
278 2121 484 2163 praeclare,
529 2121 619 2152 nicht
652 2121 759 2152 selten
802 2120 854 2152 bei

185 2166 316 2198 Cicero.

230 2212 419 2254 disciplina
437 2222 478 2243 ac·
496 2214 756 2253 temperatione
774 2214 856 2243 civi-

187 2260 273 2288 tatis
296 2257 380 2297 „die
399 2257 608 2297 Verfassung
622 2258 691 2296 *und
711 2256 855 2297 Organi-

187 2302 295 2333 sation
315 2303 373 2333 des
393 2301 572 2342 Staates“;
591 2303 661 2342 vgl.
684 2302 708 2333 1.
730 2303 782 2339 10,
799 2302 854 2334 21.

233 2347 275 2378 de
310 2358 347 2378 re
375 2348 518 2387 publiea
551 2350 759 2388 scripsimus
772 2373 780 2383 ,
815 2349 857 2379 5⁴

188 2403 219 2423 v.
242 2391 321 2424 Chr.
360 2392 430 2423 Yon
452 2393 575 2424 diesem
593 2392 719 2425 &Verke
744 2403 857 2425 waren

190 2437 306 2469 l'riiher
322 2448 384 2469 nur
395 2438 546 2469 einzelne
558 2438 787 2471 Bruchstiicke
802 2439 859 2470 be-

188 2483 305 2521 kannt,
326 2483 485 2514 w'ahrend
505 2484 781 2525 wirjetztdnrch
795 2484 861 2515 An-

189 2529 264 2568 gelo
278 2527 376 2560 Mai's
388 2527 568 2560 Verdienst
586 2529 638 2561 die
658 2535 770 2562 ersten
789 2530 861 2561 bei-

190 2574 251 2605 den
263 2573 394 2605 Biic-her
408 2574 470 2605 l‘ast
482 2574 858 2615 vollst'zindigbesitzen.

970 1804 1254 1844 2.1·ll1·sp‹1e›w1·11
1268 1806 1468 1843 eonspvctn.
1483 1803 1595 1834 Aehn-

923 1848 987 1879 lich
1016 1848 1089 1879 Cat.
1113 1847 1154 1879 M.
1179 1849 1233 1880 21.
1257 1849 1316 1879 75:
1351 1848 1590 1889 quliagoram

922 1894 1257 1935 I’ylliagoroosqae,
1306 1894 1441 1924 incolas
1480 1903 1593 1934 pacm·

924 1942 1079 1970 nostros.

971 2003 1034 2042 qni
1055 2001 1141 2041 fail*
1174 2005 1238 2031 ctc.
1282 1998 1359 2040 vgl.
1398 1999 1422 2030 1.
1455 2000 1507 2035 16,
1536 2000 1592 2030 3⁸.

925 2044 1036 2077 [leber
1070 2045 1198 2089 PythJs
1233 2045 1400 2078 Zeitalter
1444 2045 1594 2077 weichen

923 2092 976 2122 dic
995 2092 1153 2132 Angabcn
1182 2102 1217 2122 so
1243 2091 1321 2122 sehr
1340 2091 1393 2129 ab,
1422 2091 1499 2122 dass
1523 2091 1593 2122 sein

925 2136 1151 2177 Gebnrtsjahr
1168 2137 1335 2168 zwisehen
1354 2137 1418 2167 (305
1435 2136 1499 2167 und
1515 2137 1593 2171 570,

923 2182 994 2213 sein
1017 2181 1207 2223 'l'odcsjahr
1240 2182 1407 2214 zwischen
1438 2182 1502 2212 497
1532 2181 1597 2212 und

924 2228 989 2259 472
1010 2239 1041 2259 v.
1060 2228 1140 2259 Chr.
1170 2228 1357 2260 schwankt.

973 2294 1100 2322 anrlor
1127 2291 1327 2322 nobilitatis
1356 2293 1439 2322 luae
1464 2289 1536 2320 hier
1562 2300 1598 2320 so

927 2336 992 2367 vicl
1021 2336 1082 2367 wic
1113 2336 1208 2374 „der
1234 2335 1459 2367 Stammvater
1484 2334 1598 2365 deines

927 2382 1023 2412 edein
1045 2380 1316 2413 Geschlechts“.
1350 2380 1482 2412 Ebenso
1502 2379 1597 2411 Brut.

932 2427 985 2465 Η,
1007 2428 1070 2458 ἦῑίε
1098 2427 1137 2459 l..
1160 2427 1274 2459 Bruto
1301 2426 1368 2465 illi,
1395 2425 1597 2457 nobilitatis

930 2476 1069 2504 vestrae
1092 2474 1256 2514 principi.

977 2529 1023 2560 ad
1056 2529 1108 2561 bei
1143 2529 1284 2561 clausus
1318 2528 1399 2559 nach
1433 2527 1598 2568 Analogie

929 2585 993 2605 von
1014 2575 1200 2617 disputare
1217 2574 1264 2606 ad
1280 2574 1378 2616 alqd,
1402 2584 1428 2605 s.
1452 2573 1476 2605 l.
1499 2574 1531 2613 4,
1551 2573 1582 2603 Τ.
