1684 2819
138 165 192 204 96
638 165 1012 208 LissEnn.1c‚33.

138 293 218 318 non
239 278 326 333 plus
350 285 582 326 numerant,
617 291 731 331 quam
755 279 963 331 humeros,
998 281 1194 330 lacertos,
1229 295 1381 321 manus.
1424 280 1545 321 Arma

139 335 242 375 enim
273 335 447 375 membra
477 334 612 374 militis
643 347 732 376 esse
762 335 908 376 dicunt.
955 336 1062 388 Quae
1084 337 1238 390 quidem
1270 338 1324 379 ita
1354 345 1548 392 geruntur

137 398 248 445 apte,
276 399 335 440 ut,
368 391 402 431 si
425 404 519 431 usus
542 391 667 440 ferat,
703 390 867 433 abiectis
889 393 1097 441 oneribus,
1122 394 1316 447 expeditis
1339 395 1483 442 armis,
1510 401 1551 434 ut

140 447 341 495 membris,
361 461 537 502 pugnare
555 447 725 501 possint.
753 448 879 499 Quid?
897 450 1129 489 exercitatio
1146 450 1345 504 legionum
1358 476 1409 481 -
1429 451 1549 504 quid?

138 504 203 543 ille
226 517 382 553 cursus,
407 518 640 554 concursus,
666 504 828 554 clamor,
854 505 990 558 quanti
1013 505 1158 547 laboris
1181 509 1262 546 est!
1298 508 1363 547 Ex
1385 507 1458 547 hoc
1480 507 1549 547 ille

137 560 291 600 animus
323 560 363 599 in
395 561 554 614 proeliis
586 569 745 615 paratus
768 562 815 602 ad
838 562 1022 603 vulnera.
1064 562 1200 602 Adduc
1230 563 1314 616 pari
1335 565 1467 604 animo
1489 564 1551 604 in-

72 622 114 656 38
137 616 400 656 exercitatum
428 617 618 658 militem:
652 619 793 659 mulier
812 618 1024 660 videbitur.
1089 618 1169 658 Cur
1199 625 1351 660 tantum
1382 619 1551 661 interest

137 673 243 712 inter
264 687 410 713 novum
443 681 483 714 et
501 681 679 715 veterem
703 675 949 725 exercitum,
987 682 1173 728 quantum
1206 675 1360 729 experti
1389 676 1551 717 sumus?

137 728 258 770 Aetas
291 730 460 770 tironum
502 731 732 784 plerumque
761 733 926 783 1nelior3
971 733 1039 773 sed
1077 733 1180 772 serre
1212 732 1386 773 laborem
1403 762 1413 782 ‚
1458 746 1552 772 con-

138 793 315 826 temnere
337 787 480 829 vulnus
503 790 746 829 consuetudo
768 790 897 829 docet.
933 788 1034 839 Quin
1057 788 1174 829 etiam
1192 789 1371 830 videmus
1394 802 1447 828 ex
1469 788 1553 829 acie

142 842 274 883 efferri
297 857 415 898 saepe
438 846 618 894 saucios,
655 853 693 885 et
713 846 868 899 quidem
891 847 1029 886 rudem
1050 845 1159 886 illum
1184 852 1223 886 et
1243 845 1551 886 inexercitatum

138 899 317 952 quamvis
338 900 417 941 levi
438 901 517 941 ictu
539 901 716 955 ploratus
738 902 987 956 turpissimos
1006 903 1137 943 edere.
1161 902 1213 942 At
1231 915 1327 942 vero
1350 902 1415 942 ille
1434 915 1553 942 exer—

138 956 278 996 citatus
312 964 350 996 et
369 964 484 997 vetus
508 958 556 997 ob
580 972 744 1011 eumque
766 972 848 999 rem
873 959 1035 1009 fortior,
1070 959 1261 999 medicum
1285 959 1399 998 modo
1421 957 1553 1011 requi-

138 1025 246 1061 rens,
273 1026 294 1052 a
317 1027 392 1064 quo
415 1014 636 1068 obligetur:

139 1068 186 1107 E.
233 1067 266 1108 O
279 1067 526 1122 Patricoles,
544 1070 688 1126 inquit,
710 1070 768 1111 ad
781 1070 851 1111 υόε
869 1071 1094 1112 adveniens
1114 1071 1320 1112 aaxiliam
1340 1078 1380 1111 et
1393 1069 1554 1110 vestras

1257 1141 1401 1167 manas

223 1181 351 1230 Peto,
377 1184 624 1238 priusquam
648 1182 794 1238 oppeto
826 1184 976 1224 malam
1003 1190 1183 1239 pestem,
1218 1181 1453 1223 mandatam
1484 1181 1554 1222 lzo-

1169 1238 1261 1280 stili
1279 1253 1418 1288 mana,

224 1297 240 1343 (
244 1295 393 1350 Neque
407 1294 583 1350 sa'ngais
600 1297 682 1336 allo
698 1295 813 1351 po'tz's
832 1302 896 1336 est
909 1303 1037 1350 pacto
1053 1295 1274 1350 prcffluens·
1291 1293 1552 1347 consistere),

226 1350 278 1391 Si
296 1350 369 1406 qm'
388 1351 595 1406 sapientia
617 1355 754 1407 magis
778 1359 914 1393 vestra
935 1351 1046 1392 mors
1069 1350 1249 1392 devitari
1264 1358 1416 1407 potest.

225 1407 420 1463 Namque
441 1405 676 1462 Aesculapi
695 1407 919 1449 liberorum
941 1409 1078 1449 salieiz'
1097 1411 1264 1462 opplent
1280 1406 1470 1462 porticus
1482 1425 1497 1454 ,-

225 1462 323 1504 Non
338 1463 484 1518 potest
502 1465 659 1505 accedi.
694 1465 738 1504 P.
770 1464 894 1505 Ce'rte
904 1464 1149 1519 Eurypylus
1166 1462 1233 1504 lze'c
1255 1463 1432 1518 quidem.
1470 1461 1554 1503 Ho-

984 1523 1128 1567 minem
1152 1520 1381 1560 merc-itum
1396 1524 1411 1559 .'

183 1610 251 1632 non
262 1600 345 1641 plus
357 1604 603 1632 numerant:
615 1611 683 1633 uon
697 1603 813 1632 maius

138 1644 323 1688 (gv-avias)
340 1645 515 1677 iudicant.

183 1691 360 1733 eoepedz'tis
378 1693 491 1722 armis
520 1692 608 1731 „mit
625 1691 813 1732 schlagl'er-

137 1736 228 1776 tigen
248 1736 427 1769 Wall'en“.

185 1781 241 1813 33.
268 1784 414 1822 emper-ti
429 1791 573 1821 samus,
604 1782 647 1813 im
668 1782 814 1823 Biirger-

139 1826 274 1867 kriege,
306 1837 357 1857 wo
377 1827 434 1858 des
452 1826 630 1868 pompejus
650 1838 711 1858 neu
732 1837 814 1858 aus-

139 1872 310 1911 gehobene
337 1870 492 1913 Truppen
518 1882 580 1903 von
608 1872 731 1903 Ciisars
750 1871 814 1904 Ve-

138 1922 277 1949 teranen
297 1917 401 1948 leicht
418 1917 620 1957 geschlagen
638 1918 790 1949 wurden.

187 1963 212 1994 0
231 1962 428 1994 Patricoles
448 1968 514 1994 etc.
542 1962 622 1994 Dies
642 1961 814 2005 Gespriich

141 2008 198 2039 des
213 2007 408 2051 Eurypylus
426 2008 493 2038 und
513 2008 701 2047 Patroclus,
721 2018 815 2039 wozu

141 2052 234 2084 Hom.
257 2052 533 2094 11.X1.809fgg.
555 2053 607 2085 die
620 2052 814 2093 Grundlage

141 2098 224 2138 gab,
268 2099 406 2138 gehiirte
440 2099 523 2130 nach
558 2098 707 2130 Ribbeck
741 2099 816 2130 dem

142 2144 347 2183 ‚‚Achilles“
384 2144 441 2175 des
472 2143 602 2176 Ennius
636 2154 689 2176 an.
740 2144 816 2182 (Die

141 2189 239 2220 Forin
266 2190 489 2229 Patricoles,
520 2190 613 2221 nicht
639 2189 691 2221 die
715 2188 814 2230 Vulg.

140 2235 335 2275 Patrocles,
353 2235 455 2267 findet
473 2235 543 2266 sich
560 2235 591 2265 in
608 2235 696 2266 allen
716 2240 817 2276 guten

142 2279 301 2319 Huschr„
333 2280 416 2311 wird
435 2281 520 2312 auch
549 2280 651 2312 durch
672 2281 731 2312 das
750 2279 819 2312 Mc-

143 2329 228 2356 trum
248 2325 452 2367 gesordert.)

189 2371 372 2401 aua-iliam
401 2374 437 2402 et
464 2374 602 2402 vestras
626 2381 755 2403 manus
773 2387 818 2398 =

143 2419 345 2447 vestrarum
365 2426 533 2447 manuam
554 2417 745 2448 aaoeiliam.

189 2464 318 2503 oppeto
333 2461 465 2492 malam
483 2466 615 2503 pestem
632 2477 677 2488 ==
692 2458 831 2504 oppeto'

145 2506 280 2547 (subeo)
298 2511 450 2538 mortem
465 2531 474 2546 ‚
503 2507 566 2539 wie
585 2507 698 2539 plaut.
718 2508 816 2549 Capt.

146 2550 200 2582 ΙΙΙ.
222 2552 261 2591 3,
284 2552 344 2583 ll:
389 2552 553 2584 Occidam
583 2557 818 2595 oppetamque

142 2600 293 2637 pestem.

927 1599 1141 1631 mandatam
1167 1614 1213 1624 ——-
1236 1601 1456 1639 immissam,
1493 1598 1557 1630 wie

882 1644 999 1677 Iuven.
1015 1646 1067 1684 10,
1080 1644 1143 1676 52:
1165 1654 1274 1686 quam
1284 1644 1472 1676 Fortunae
1485 1646 1560 1686 ipse

882 1693 1017 1722 minaci
1034 1689 1225 1722 mandaret
1242 1690 1420 1733 laqueum.

927 1735 1050 1777 Neque
1069 1740 1133 1767 etc.
1166 1729 1231 1767 Vor
1242 1727 1372 1767 “diesem
1387 1733 1495 1767 verse
1515 1735 1560 1767 ist

881 1781 1056 1813 vielleicbt
1074 1781 1125 1813 ein
1146 1781 1271 1813 andrer
1288 1781 1466 1813 'fibulichen
1486 1779 1561 1812 Sin-

885 1837 963 1866 nes,
1002 1827 1085 1858 auch
1116 1827 1177 1858 mit
1199 1825 1321 1868 Neque
1354 1826 1557 1867 heginnend,

883 1871 949 1903 und
976 1872 1036 1902 niit
1062 1882 1123 1902 zur
1140 1871 1347 1903 Parentbese
1375 1871 1558 1913 gehiireud‚

885 1916 1107 1957 ausgel'allen.

929 1965 962 1993 si
975 1964 1213 2004 qui=siqua
1225 1965 1379 2001 ratione,
1400 1961 1561 1993 schliesst

885 2008 955 2039 sich
969 2018 1009 2039 an
1020 2011 1106 2049 peto
1117 2017 1179 2047 an3
1198 2010 1310 2049 magis
1322 2006 1401 2048 (lies
1415 2005 1555 2048 mags),

885 2064 932 2085 sc.
954 2063 1058 2094 qaam
1082 2055 1198 2083 sinon
1217 2053 1418 2084 adveniam.

930 2098 1071 2130 Aescul.
1099 2098 1289 2129 liberorum
1312 2114 1359 2120 —-
1379 2100 1557 2139 porticus,

887 2142 1099 2175 dieVorh'o'se
1118 2142 1282 2175 dei-Zeltc
1299 2143 1357 2174 des
1368 2142 1560 2174 Podalirius

887 2189 952 2221 und
971 2187 1153 2228 Macha0n3
1175 2199 1203 2220 s.
1220 2187 1297 2220 nias
1316 2188 1359 2220 Il.
1372 2189 1432 2219 731
1448 2198 1497 2229 sq.

929 2238 1054 2276 potest
1085 2234 1127 2265 iin
1155 2234 1342 2265 vorletzten
1370 2232 1475 2265 Verse
1501 2233 1561 2265 mit

886 2280 1101 2312 verkiirztem
1133 2283 1186 2310 est
1213 2278 1294 2321 (wie
1324 2278 1466 2321 hiiufig).
1516 2277 1559 2309 So

887 2325 969 2357 auch
993 2326 1045 2365 17,
1065 2326 1127 2356 39:
1148 2335 1214 2356 non
1231 2328 1354 2366 potest
1372 2324 1501 2366 eqfarz'.

932 2370 1010 2403 Νοη
1030 2388 1074 2392 -
1092 2373 1306 2402 emer-citum.
1330 2369 1398 2401 Der
1412 2369 1561 2401 Heraus-

887 2416 990 2457 geber
1003 2416 1073 2456 hat,
1093 2426 1153 2447 zur
1164 2415 1379 2456 Herstcllung
1392 2415 1450 2447 des
1459 2413 1561 2447 Vers-

887 2471 1037 2493 maasses
1051 2485 1059 2501 ‚
1089 2465 1139 2492 est
1153 2486 1160 2499 ‚
1190 2462 1336 2493 welches
1354 2461 1466 2493 hinter
1482 2462 1561 2502 qui—

889 2507 962 2539 dem
984 2507 1016 2538 in
1037 2506 1124 2538 allen
1139 2506 1280 2538 Hdsclir.
1302 2507 1405 2544 steht,
1425 2505 1558 2546 getilgt.

887 2553 1080 2584 Emere-itus
1097 2553 1271 2594 ‚,geplagt,
1283 2551 1447 2594 gequ‘a'lt“
1461 2563 1469 2591 3
1489 2550 1559 2591 vgl.

888 2600 1051 2629 exercuit
1067 2597 1108 2628 V.
1130 2599 1160 2637 1,
1182 2600 1212 2628 3.
