1684 2819
664 151 740 183 Llss.
760 150 784 183 I.
825 152 917 184 CAP.
935 152 988 184 30.
1470 151 1522 190 79

120 267 313 295 summam
336 254 602 293 auctoritatem
631 259 861 293 consecutos
893 254 974 292 sine
994 253 1068 292 ulla
1095 252 1295 292 hilaritate.
1339 252 1522 291 Callidum

120 310 370 351 Hannibalem
391 323 436 349 ex
453 310 689 357 Poenorum,
712 323 756 349 ex
777 310 924 349 nostris
943 309 1103 348 ducibus
1122 309 1167 356 Q.
1185 309 1393 349 Maximum
1414 321 1524 348 acce-

118 369 247 420 pimus
269 365 375 405 facile
405 366 525 405 celare
552 372 691 413 tacere,
719 366 961 405 dissimulare
988 365 1175 412 insidiari,
1202 365 1422 416 praeripere
1449 365 1523 402 ho-

119 424 236 463 stium
259 423 427 462 consilia.
469 424 512 461 In
535 435 610 473 quo
634 435 772 473 genere
789 423 921 462 Graeci
937 422 1236 460 Themistoclem
1258 427 1294 460 et
1309 422 1525 461 Pheraeum

116 480 293 518 Iasonem
321 479 454 518 ceteris
477 484 727 530 anteponunt.
771 479 813 518 In
834 478 1049 529 primisque
1073 483 1270 517 versutum
1291 483 1328 516 et
1348 476 1525 516 callidum

117 537 259 575 factum
282 535 449 582 Solonis,
470 535 545 587 qui,
567 548 642 587 quo
665 540 701 573 et
722 535 841 574 tutior
861 535 941 574 eius
958 535 1031 573 vita
1048 540 1149 573 esset
1171 540 1207 573 et
1227 534 1314 585 plus
1331 533 1524 585 aliquanto

118 592 173 631 rei
194 591 369 643 publicae
390 592 606 642 prodesset,
631 592 755 630 furere
776 604 818 630 se
841 591 1044 630 simulavit.
1081 591 1182 629 Sunt
1201 590 1262 629 his
1279 590 1339 629 alii
1359 589 1525 629 multum

119 649 312 699 dispares,
342 648 535 699 simplices
564 653 600 686 et
620 648 758 699 aperti,
789 647 853 699 qui
874 647 967 686 nihil
989 660 1033 686 ex
1056 646 1225 693 occulto,
1246 646 1342 685 nihil
1363 646 1409 685 de
1429 645 1526 684 insi-

119 705 191 743 diis
213 704 405 755 agendum
426 710 578 755 putant,
606 704 774 742 veritatis
799 704 983 750 cultores,
1004 703 1148 742 fraudis
1170 703 1334 749 inimici,
1357 703 1526 753 itemque

119 761 191 807 alii,
214 760 279 811 qui
300 760 449 811 quidvis
472 760 751 811 perpetiantur,
775 760 891 799 cuivis
915 759 1147 805 deserviant,
1171 759 1263 798 dum
1287 758 1391 809 quod
1411 757 1527 796 velint

120 821 423 867 consequantur,
444 822 486 854 ut
508 815 653 855 Sullam
675 822 712 854 et
732 816 782 854 M.
805 815 988 854 Crassum
1009 814 1247 854 videbamus.
1289 815 1374 861 Quo
1398 814 1438 852 in
1460 825 1526 863 ge-

118 884 208 911 nere
224 872 531 910 versutissimum
549 872 895 910 Lacedaemonium
911 870 1153 923 Lysandrum
1172 870 1405 921 accepimus,
1430 881 1526 908 con-

118 936 252 980 traque
278 927 573 975 Callicratidani,
604 928 668 979 qui
696 929 912 979 praefectus
945 927 1078 966 elassis
1107 927 1312 978 proximus
1340 931 1431 977 post
1451 925 1526 976 Ly-

120 985 304 1024 sandrum
328 984 415 1031 suit,
442 984 609 1035 itemque
630 985 669 1023 in
691 984 937 1023 sermonibus
959 984 1074 1022 alium
1098 983 1271 1034 quamvis
1293 987 1526 1033 praepotens

120 1041 185 1088 sit,
214 1041 364 1079 efficere
384 1047 427 1080 ut
446 1052 548 1080 unus
577 1041 623 1079 de
652 1041 782 1080 multis
812 1053 898 1080 esse
918 1040 1109 1079 videatur:
1138 1039 1241 1090 quod
1268 1038 1306 1077 in
1329 1038 1462 1077 Catulo
1491 1044 1527 1076 et

119 1097 156 1135 in
175 1103 283 1148 patre
296 1103 332 1135 et
347 1097 386 1135 in
408 1097 484 1135 filio
508 1097 686 1147 idemque
702 1097 740 1135 in
760 1097 805 1144 Q.
825 1096 951 1136 Mucio
970 1100 993 1141 †
1010 1096 1156 1134 Mancia
1173 1095 1352 1133 vidimus.
1391 1094 1528 1133 Audivi

118 1217 184 1251 τὸν
200 1216 313 1270 λᾴγον
326 1216 382 1270 ὑῑῤ
385 1216 470 1260 ηλὸν
483 1218 555 1271 εἶχε
569 1238 612 1243 —
625 1216 714 1251 αλλὰ
728 1219 784 1251 καὶ

118 1275 321 1306 ποοςωπου
338 1260 515 1299 σύστασις
531 1260 725 1308 ἰὲθριπτος
739 1264 790 1299 εἰς

116 1321 140 1352 7
133 1308 266 1340 ἐλωτα.

166 1353 408 1393 Ο.11[α;ι“ι’7η,1ι3;
426 1353 447 1393 l,
469 1353 519 1395 24,
539 1354 593 1386 84.

164 1398 281 1439 Iason,
311 1399 446 1442 Tyrann
471 1409 533 1430 von
557 1398 699 1440 Pherae,
730 1400 789 1430 der

121 1444 190 1474 sich
216 1444 315 1474 durch
332 1442 489 1484 Rlugheit
513 1444 576 1475 und
596 1443 789 1485 Tapferkeit

120 1498 193 1520 zum
226 1487 335 1529 Tagos
373 1499 437 1520 von
476 1499 558 1529 ganz
593 1488 788 1520 Thessalien

120 1534 247 1565 machte
275 1534 339 1565 und
362 1534 422 1565 den
445 1533 672 1573 griechischen
691 1534 788 1565 Staa-

122 1583 175 1609 ten
185 1578 375 1619 gegeniiber
391 1578 642 1609 dieselbeRolle
652 1589 691 1610 zu
701 1578 787 1620 spie-

118 1624 172 1654 len
211 1623 337 1663 begann
352 1649 359 1662 ,
400 1623 462 1654 wie
502 1623 617 1664 sp'ater
648 1623 787 1665 Philipp.

121 1667 282 1700 Griissere
311 1668 413 1700 Pl'ane
446 1679 488 1699 zu
520 1668 786 1709 verwirklichen,

120 1713 270 1744 hinderte
288 1713 342 1744 11111
360 1715 429 1744 sein
444 1712 514 1744 Tod
534 1712 785 1755 Ol.92,2(360).

163 1756 308 1790 Solonis.
326 1757 476 1789 Bekannt
489 1758 785 1800 istdieAnekdote‚

120 1803 196 1834 dass
215 1802 333 1843 Solon,
364 1814 416 1834 um
434 1804 493 1834 der
510 1802 726 1835 Todesstrafe
745 1814 786 1834 zu

119 1847 299 1888 entgehen,
329 1848 380 1879 die
398 1848 456 1879 auf
470 1849 530 1879 den
546 1848 674 1889 Anti-ag
695 1848 788 1880 einer

119 1893 336 1933 Erneuerung
360 1894 418 1924 des
436 1892 576 1933 Hrieges
601 1903 707 1933 gegen
726 1893 786 1924 Sa—

118 1938 212 1969 lamis
230 1942 361 1978 gesetzt
377 1948 461 1979 war,
491 1938 559 1969 sich
583 1938 789 1979 wahnsinnig

118 1983 260 2023 gestent
271 1983 363 2023 habe,
381 1983 431 2014 als
450 1993 488 2014 er
504 1983 561 2015 das
579 1983 667 2015 Volk
686 1984 786 2014 durch

119 2028 211 2059 seine
235 2027 349 2068 Elegie
379 2028 519 2060 Salamis
549 2039 622 2060 zum
649 2026 786 2070 Hampfe

118 2072 331 2112 begeisterte.
356 2072 562 2105 Plut.Sol.8.
581 2073 689 2104 Justin
704 2072 741 2113 II,
758 2074 788 2104 7.

163 2119 230 2149 vita
246 2119 319 2149 eius
336 2117 389 2149 fiir
404 2119 461 2149 das
475 2118 742 2158 gewo'bnlichere
759 2129 786 2149 v.

119 2173 184 2193 sua
212 2163 295 2193 wird
325 2163 424 2204 durch
454 2163 514 2193 den
540 2162 699 2194 VVechsel
729 2163 786 2193 des

119 2207 273 2247 Subjects
302 2208 342 2238 im
366 2207 554 2239 Nebensatz
582 2206 787 2247 gerechtfer-

119 2252 192 2292 tigt.
225 2252 320 2283 Caes.
338 2252 415 2283 hell.
435 2252 520 2284 Gall.
539 2251 560 2289 I,
583 2252 632 2292 11,
653 2252 670 2283 3
688 2254 736 2283 ita
752 2263 789 2284 se

120 2299 212 2329 omni
239 2300 388 2340 tempore
421 2297 460 2329 de
486 2297 608 2340 populo
636 2296 787 2329 Romano

119 2344 259 2375 ‘meritos
276 2353 366 2382 esse,
390 2345 429 2374 ut
444 2361 487 2364 —
503 2342 601 2374 liberi
621 2352 737 2374 eoram
753 2344 785 2373 ’ίη

118 2389 314 2420 servitutem
331 2387 452 2420 abduce·
466 2398 531 2419 mm
550 2387 736 2419 debuerint.

168 2432 241 2464 109.
265 2431 377 2464 Sulla:
406 2432 486 2464 Sall.
505 2432 574 2473 lug.
594 2432 650 2472 95,
671 2431 689 2462 3
714 2436 788 2472 sagt

121 2487 183 2508 von
201 2478 279 2509 ihm:
293 2477 482 2519 facundas,
501 2477 637 2509 callidus
655 2480 687 2508 et
703 2479 786 2509 ami-

121 2523 199 2553 citia
210 2522 347 2565 facilis,
366 2522 411 2555 ad
431 2522 621 2554 simulanda
647 2523 788 2564 neg-otia

120 2567 261 2600 altitudo
279 2569 407 2609 ingenii
420 2568 640 2608 incredibilis,
664 2567 786 2599 wulta-

860 1229 939 1251 rtem
971 1229 1088 1251 rerum
1121 1227 1159 1249 ac
1180 1228 1343 1249 maoeume
1372 1219 1531 1261 pecuniae

859 1263 1017 1306 larg-[tor.
1042 1263 1129 1294 Plut.
1145 1262 1305 1294 stelltihn
1323 1262 1458 1294 deshalb
1471 1262 1531 1294 mit

860 1308 910 1342 Lx
915 1309 1035 1340 sander
1052 1318 1252 1339 zusammen.

906 1353 953 1385 M
979 1352 1142 1385 Crassus:
1178 1352 1209 1394 ξ.
1229 1352 1282 1383 25.
1318 1351 1376 1392 ΙΙΙ,
1397 1351 1455 1392 18,
1475 1350 1528 1382 73.

861 1398 948 1430 Plut.
975 1398 1085 1430 Crass.
1112 1398 1130 1428 6
1166 1399 1283 1428 καιτοι
1321 1393 1532 1431 δεινότατος

860 1443 904 1485 ἠν
932 1439 1109 1483 Κράσσος
1136 1439 1278 1477 πάντας
1306 1437 1533 1486 ἀνθρώπους

861 1488 1031 1529 κολακεία
1071 1484 1384 1540 κατεργάσασθαι.
1442 1485 1531 1518 Idem

863 1544 964 1577 comp.
978 1532 1093 1564 Niciae
1109 1544 1135 1564 6.
1151 1533 1271 1564 Crasso
1291 1527 1312 1563 (ἐ
1328 1530 1367 1563 δὲ
1384 1530 1533 1573 ἔξαρνος

864 1589 905 1619 ⁷7¹
931 1574 1129 1621 ἕλεγχόμεν
1132 1588 1171 1613 ος
1204 1576 1266 1609 ἐπὶ
1296 1575 1465 1628 κέρδεσιν
1493 1573 1532 1608 ἓν

859 1623 970 1674 ,Βουλῆ
989 1623 1051 1665 λέ)
1054 1633 1107 1655 ειν
1128 1621 1185 1654 καὶ
1211 1618 1294 1657 τοὺς
1312 1618 1532 1673 συμμάχους

860 1658 1004 1700 ((δὶκξίν
1029 1678 1088 1699 καί
1108 1664 1241 1710 >wilram
1264 1677 1402 1718 Περίίυν
1421 1665 1530 1697 ‘lola-

859 1709 977 1745 κεύειν
1009 1712 1068 1743 καὶ
1101 1694 1410 1755 συνεπικρύπτειν
1448 1708 1533 1746 τοὺς

861 1768 936 1790 7101
940 1754 1056 1801 ηρούς.

907 1802 1025 1835 Caute-r
1027 1801 1156 1834 atzdas:
1170 1801 1202 1843 ξ.
1213 1802 1266 1833 84.
1282 1800 1454 1833 W‘ahrend
1462 1799 1513 1843 Ly
1517 1819 1531 1823 -

860 1848 981 1879 sander
994 1848 1055 1878 dur
1057 1848 1095 1878 611
1114 1846 1392 1878 schmeiohelndes
1406 1846 1531 1877 Beneh-

860 1892 1167 1926 men.,bedeutende
1192 1891 1532 1923 Geldunterstiitzun-

860 1948 921 1978 gen
940 1948 1003 1969 von
1017 1938 1088 1968 dem
1099 1937 1242 1978 jiingern
1258 1936 1365 1979 Cyrus
1380 1936 1530 1976 erlangte

863 1982 973 2023 (407),
1008 1982 1111 2014 reiste
1135 1982 1233 2023 Call„
1268 1982 1308 2013 da
1338 1981 1391 2012 ilm
1421 1980 1528 2023 Cyrus

860 2028 966 2068 einige
976 2027 1066 2067 Tage
1081 2032 1207 2058 warten
1225 2026 1317 2067 11633,
1335 2026 1529 2057 unverrich-

862 2077 950 2104 teter
973 2072 1077 2103 Saclie
1101 2072 1156 2111 ab,
1187 2072 1293 2102 indem
1318 2081 1355 2102 er
1378 2081 1413 2101 es
1438 2071 1528 2102 eines

862 2117 1025 2149 Grieehen
1042 2116 1097 2148 fiir
1109 2116 1283 2156 unwiirdig
1296 2116 1387 2156 hielt,
1405 2125 1458 2146 um
1472 2115 1529 2146 des

862 2162 984 2194 Geldes
1007 2161 1118 2193 willen
1148 2161 1216 2192 sich
1239 2171 1300 2192 vor
1323 2160 1428 2191 einem
1451 2159 1531 2191 Bar-

860 2208 961 2238 baren
984 2217 1024 2237 zu
1041 2206 1261 2246 deiliiitliigen.

910 2251 943 2291 Q.
963 2251 1121 2283 Lutatius
1141 2250 1295 2289 Catulus,
1325 2249 1448 2280 Consul
1465 2248 1529 2280 652

863 2296 966 2336 (102),
992 2296 1138 2336 besiegte
1156 2296 1214 2327 mit
1230 2295 1354 2326 Marius
1373 2295 1424 2325 die
1443 2294 1529 2325 Cim-

860 2341 1043 2373 be1·n.v0n
1059 2341 1180 2371 diesem
1196 2339 1403 2382 proscribirt,
1421 2339 1529 2370 tijdte-

860 2392 893 2418 te
912 2397 949 2418 er
967 2386 1032 2417 sich
1048 2396 1083 2417 se
1088 2386 1153 2417 lbst
1171 2383 1529 2424 66Τ<871.Ι]61161’<1611

855 2432 1020 2473 jiingeien
1039 2430 1110 2462 Cat.
1130 2441 1154 2462 3.
1173 2442 1202 2462 z
1220 2429 1250 2472 ξ
1273 2429 1323 2460 76.

908 2476 942 2516 Q.
960 2475 1082 2508 wlletcvsso
1110 2475 1169 2506 Die
1188 2474 1410 2506 besteanss.
1425 2472 1529 2504 haben

860 2522 896 2563 Q.
921 2521 1028 2553 Muci⁰
1053 2520 1197 2559 Mancia,
1233 2520 1284 2550 ein
1313 2529 1396 2559 ganz
1425 2518 1529 2549 unbe-

860 2567 1000 2598 kannter
1013 2565 1127 2607 Name,
1147 2546 1204 2596 der
1221 2575 1272 2596 um
1291 2575 1326 2596 so
1342 2563 1530 2603 auffalliger

1557 597 1619 629 109
