1684 2819
122 911 161 942 14

195 185 271 223 110
662 180 716 211 DE
742 179 923 214 NATURA
951 181 1132 214 DEORUM

191 297 286 337 quae
314 283 508 335 praedicta
536 287 638 320 sunt.
680 281 736 319 Ne
764 283 867 332 aegri
894 283 1047 334 quidem
1077 283 1164 334 quia
1194 295 1275 322 non
1298 296 1434 323 omnes
1457 295 1600 322 conva-

190 342 352 386 lescunt,
374 339 515 377 idcirco
538 350 599 376 ars
622 337 723 376 nulla
745 337 935 377 medicina
956 344 1025 378 est.
1068 339 1185 390 Signa
1207 340 1466 379 ostenduntur
1485 353 1506 379 a
1528 339 1601 379 diis

190 410 321 437 rerum
344 396 570 434 suturarum.
612 394 655 432 In
676 393 736 432 his
759 393 791 431 si
813 394 877 445 qui
899 401 1139 441 erraverunt,
1165 408 1245 434 non
1268 397 1430 436 deorum
1453 402 1600 443 natura,

191 454 259 493 sed
287 451 490 490 hominum
521 450 742 489 coniectura
769 451 947 501 peccavit.
989 451 1118 502 Itaque
1146 451 1245 491 inter
1267 465 1401 492 omnes
1424 453 1602 492 omnium

191 508 361 559 gentium
385 519 537 546 summa
559 512 729 545 constat:
754 507 936 546 omnibus
958 508 1061 546 enim
1082 507 1258 546 innatum
1280 515 1338 547 est
1359 515 1395 548 et
1415 510 1454 548 in
1470 509 1600 548 animo

191 564 299 618 quasi
320 564 569 614 insculptum,
590 576 676 601 esse
692 563 798 601 deos.
842 564 980 610 Quales
998 563 1085 610 sint,
1107 564 1252 602 varium
1269 570 1345 613 est,
1367 578 1463 613 esse,
1484 577 1600 604 nemo

191 626 315 672 negat.
357 620 558 660 Cleanthes
582 619 738 670 quidem
759 625 895 658 noster
916 626 1097 671 quattuor
1118 620 1163 658 de
1185 621 1333 659 caussis
1356 621 1448 660 dixit
1463 622 1501 660 in
1518 621 1601 660 ani—

190 679 265 717 mis
288 677 493 716 hominum
517 676 744 714 informatas
767 676 928 715 deorum
950 690 1035 716 esse
1052 676 1244 715 notiones.
1286 677 1456 715 Primam
1473 678 1605 728 posuit

191 747 291 781 eam,
320 733 366 772 de
394 746 466 784 qua
491 733 610 771 modo
637 732 731 779 dixi,
763 745 857 783 quae
880 740 965 772 orta
987 739 1088 772 esset
1111 746 1154 771 ex
1177 733 1453 783 praesensione
1473 745 1603 772 rerum

190 792 425 830 futurarum:
448 789 625 835 alteram,
648 801 762 839 quam
785 789 1001 840 ceperimus
1023 803 1067 828 ex
1090 789 1353 840 magnitudine
1371 790 1602 828 commodo-

190 860 294 894 rum,
325 859 420 897 quae
441 845 707 897 percipiuntur
728 845 819 884 caeli
842 847 1138 897 temperatione,
1161 846 1390 885 fecunditate
1411 853 1603 885 terrarum

191 903 429 953 aliarumque
452 901 772 941 commoditatum
796 902 1054 952 complurium
1078 902 1207 953 copia:
1230 902 1391 949 tertiam,
1414 915 1509 953 quae
1526 908 1603 941 ter-

190 965 292 999 reret
312 959 465 998 animos
488 958 731 1004 sulminilms,
754 959 1065 1010 tempestatibus,
1088 959 1241 1005 nimbis,
1264 959 1427 1004 nivibus,
1449 958 1603 1009 grandi-

190 1016 323 1061 nibus,
352 1015 543 1060 vastitate,
573 1013 806 1064 pestilentia,
833 1020 958 1053 tcrrae
986 1015 1156 1053 motibus
1185 1020 1222 1053 et
1249 1028 1363 1065 saepe
1385 1015 1603 1053 fremitibus

191 1071 427 1123 lapideisque
449 1070 638 1109 imbribus
662 1075 697 1107 et
718 1071 835 1120 guttis
861 1070 1041 1110 imbrium
1065 1071 1172 1121 quasi
1195 1071 1382 1117 cruentis;
1405 1076 1487 1108 tum
1508 1070 1603 1109 labi-

191 1128 264 1167 bus
294 1134 358 1166 aut
384 1126 598 1178 repentinis
628 1132 817 1165 terrarum
842 1126 1028 1174 hiatibus,
1056 1133 1136 1165 tum
1159 1133 1312 1178 praeter
1333 1132 1507 1165 naturam
1530 1127 1603 1165 ho-

192 1185 340 1223 minum
364 1183 633 1234 pecudumque
650 1183 860 1233 portentis3
883 1189 965 1222 tum
983 1183 1128 1222 facibus
1146 1183 1238 1221 visis
1257 1183 1501 1230 caelestibus,
1522 1188 1604 1222 tum

192 1241 311 1279 stellis
342 1240 387 1278 iis
416 1252 510 1290 quas
535 1239 667 1277 Graeci
696 1246 883 1286 cometas,
912 1240 1036 1278 nostri
1065 1240 1302 1278 cincinnatas
1329 1246 1482 1286 vocant,
1510 1252 1605 1291 quae

191 1309 315 1348 nuper
343 1296 440 1334 bello
465 1295 673 1334 Octaviano
702 1308 930 1346 magnarum
954 1297 1109 1335 suerunt
1130 1296 1384 1334 calamitatum
1407 1307 1604 1346 praenun-

935 1431 993 1462 des
1023 1430 1190 1463 Glaubens
1220 1441 1259 1462 an
1291 1430 1413 1462 Giitter
1442 1431 1604 1462 nachwei-

935 1487 1005 1507 sen.
1042 1476 1226 1516 Deswegen
1250 1480 1324 1515 sagt
1349 1485 1386 1506 er
1409 1476 1490 1506 auch
1516 1475 1605 1507 nicht

241 1430 291 1462 12.
319 1441 434 1462 omnes
448 1432 596 1461 omnium
607 1432 765 1471 gentiam
779 1432 861 1462 ohne

192 1477 242 1507 ein
269 1486 310 1506 zu
336 1486 450 1507 omnes
473 1475 649 1515 geho'riges
667 1476 860 1507 Substantiv

192 1522 282 1553 steht
305 1520 426 1551 cbenso
451 1519 474 1559 1,
496 1520 546 1561 15,
565 1520 617 1551 46.
637 1539 680 1542 -
709 1519 860 1557 Smmna,

192 1567 242 1598 die
274 1565 494 1607 Hauptsache.
540 1564 605 1596 Cic.
630 1565 731 1597 Acad.
760 1565 798 1605 11,
829 1566 859 1605 9,

191 1611 249 1643 29:
275 1610 350 1643 Non
377 1611 496 1642 debere
519 1621 575 1642 eos
597 1612 629 1641 1⁴71
648 1621 709 1642 sno
727 1610 861 1643 decreto

180 1657 371 1698 fluctuare,
397 1657 603 1699 praesertim.
631 1666 732 1697 quum
762 1658 794 1687 2'71
825 1666 861 1688 eo

187 1712 322 1733 summa
339 1703 548 1733 consisteret.
567 1701 606 1732 de
619 1700 690 1732 Fin.
702 1701 740 1742 V,
762 1701 861 1743 5712:

189 1749 298 1778 necin
324 1756 458 1778 summa
484 1749 592 1777 tamen
615 1748 693 1789 ipsa
720 1749 781 1778 aut
804 1757 861 1778 va-

189 1794 292 1823 rietas
322 1794 371 1822 est
401 1790 467 1822 alla
497 1794 555 1822 ant
585 1791 763 1823 dissensio.
820 1793 860 1823 ad

189 1836 278 1868 Fam.
305 1835 391 1875 Xlll,
418 1836 470 1875 75,
496 1836 535 1867 2:
564 1835 706 1867 Smmna
730 1839 797 1878 est,
827 1839 859 1868 in

189 1892 252 1923 quo
276 1881 360 1912 mihi
379 1881 577 1922 gratificari
597 1884 725 1923 possis,
751 1882 783 1911 si
805 1892 861 1912 czt-

189 1928 295 1968 rarss,
327 1928 365 1957 ut
395 1926 545 1957 alt-ianus
574 1936 627 1956 me
651 1937 671 1956 α
697 1928 727 1957 tc
751 1928 864 1958 amari

188 1974 282 2003 sciat.

233 2019 396 2057 innatum,
432 2040 451 2054 ,‚
463 2015 693 2054 naturgemiiss
712 2020 861 2047 entstan-

188 2061 287 2100 den‘·',
307 2061 396 2092 nicht
415 2060 495 2091 aber
512 2060 698 2100 „angebo
710 2071 750 2091 rn
761 2071 777 2091 e
797 2060 860 2093 L'e-

189 2106 436 2146 berzeugung“.
472 2105 562 2135 Denn
588 2105 776 2145 angeborne
797 2105 858 2136 Be-

187 2151 282 2189 grill'e
301 2150 481 2182 statuirten
501 2150 552 2180 ‹lie
567 2149 702 2181 Stoiker
720 2150 858 2181 ebenso-

187 2197 295 2236 wcnig
319 2196 369 2227 als
394 2195 446 2226 die
472 2194 668 2236 Epikurcer.
714 2196 747 2227 S.
775 2195 856 2226 oben

187 2252 227 2272 zu
249 2241 273 2278 l,
303 2241 352 2281 17,
379 2240 419 2271 44
445 2251 476 2270 u.
495 2239 581 2271 l'lut.
607 2241 646 2271 de
670 2240 752 2282 plac.
779 2241 855 2282 pliil.

188 2286 240 2323 lv,
267 2287 318 2317 11.

232 2327 272 2363 5.
302 2330 352 2362 13.
388 2330 573 2362 Cleanthes.
615 2330 648 2361 S.
673 2330 694 2364 l.
728 2330 778 2369 14,
803 2330 856 2362 37.

186 2394 229 2398 —
260 2376 320 2408 Mit
361 2376 420 2407 (len
463 2375 536 2406 vier
577 2386 640 2406 nun
680 2374 855 2415 folgenden

187 2421 344 2453 Griinden
369 2421 437 2451 will
463 2419 640 2451 Cleanthes
661 2421 741 2451 noch
769 2421 857 2452 nicht

186 2468 281 2498 einen
300 2465 530 2507 cigentlichen,
549 2465 775 2506 speculativcn
796 2466 855 2497 Be-

186 2512 266 2543 weis
307 2512 359 2543 llir
398 2511 456 2541 ‹las
486 2510 605 2541 Dasein
645 2510 704 2541 der
735 2509 859 2542 (liitter

186 2557 307 2597 geben,
335 2557 477 2587 sondern
503 2565 540 2585 cr
559 2555 626 2585 uill
653 2566 713 2586 nur
731 2556 787 2586 das
806 2557 857 2586 ι’)ι-

186 2605 299 2641 uasci,
338 2602 389 2633 die
431 2600 612 2631 natiirlirlie
648 2600 856 2641 Entstcliung

934 1523 1148 1563 argumentis
1164 1521 1244 1551 oder
1253 1521 1447 1560 rationibus,
1460 1520 1604 1551 sondern

936 1568 1079 1604 caussis,
1098 1566 1128 1597 d.
1147 1566 1176 1597 h.
1192 1565 1501 1605 Veranlassungen:
1521 1565 1604 1597 denn

936 1611 1006 1642 (lies
1030 1611 1073 1642 ist
1097 1611 1156 1642 der
1179 1611 1376 1651 eigentliche
1400 1610 1527 1649 Begriff
1545 1610 1604 1641 des

936 1656 981 1687 w
985 1661 1087 1696 ortes,
1105 1657 1207 1687 daher
1220 1666 1376 1688 caussam
1391 1665 1523 1698 capere:
1539 1656 1604 1686 und

936 1712 972 1732 so
992 1702 1035 1733 ist
1051 1702 1132 1732 aucli
1151 1700 1259 1742 §.142
1280 1702 1416 1733 tertiam
1435 1711 1603 1741 caussam,

935 1757 1020 1788 quae
1034 1749 1179 1778 terreret
1190 1747 1321 1778 animos
1323 1746 1533 1788 fulminibus
1542 1747 1602 1776 etc.

935 1802 1030 1823 wenu
1064 1793 1145 1823 auch
1175 1790 1373 1829 auffullend,
1404 1791 1485 1822 doch
1516 1790 1604 1822 nicht

934 1837 1100 1877 gcradezu
1125 1836 1343 1868 vcrwerllicli.
1391 1836 1450 1867 Die
1474 1835 1602 1867 Veran-

935 1882 1070 1921 lassung
1087 1882 1242 1912 schreckt
1259 1881 1320 1911 den
1343 1879 1533 1916 Mcnschen,
1551 1880 1602 1910 in-

935 1926 1045 1957 sol‘ern
1066 1927 1113 1957 sie
1132 1926 1212 1957 eben
1234 1926 1264 1957 in
1280 1926 1341 1956 den
1356 1925 1601 1956 schreckcndcn

935 1971 1303 2010 Natum-mclivinungen
1326 1970 1467 2001 besteht.

983 2015 1032 2046 14.
1063 2018 1201 2059 praeter
1229 2018 1389 2046 naturam
1416 2016 1601 2058 portentis:

934 2061 985 2091 cin
1006 2060 1152 2102 Hyplwn.
1171 2060 1233 2091 wic
1253 2060 1335 2090 oben
1356 2071 1382 2090 c.
1403 2060 1432 2092 2.
1452 2060 1481 2091 5.

977 2116 1086 2147 nuper
1103 2105 1184 2137 bello
1205 2106 1394 2137 (lctarz'ano.
1422 2104 1464 2136 lm
1482 2105 1510 2135 J.
1525 2104 1600 2136 667.

934 2150 1000 2181 Der
1017 2151 1140 2182 Consul
1158 2151 1214 2181 Cn.
1237 2150 1405 2189 Octavius,
1423 2150 1602 2189 Anhiinger

932 2196 990 2226 des
1015 2195 1123 2236 Sulla,
1154 2196 1262 2231 ward,
1292 2195 1343 2226 als
1367 2195 1477 2226 dieser
1495 2204 1599 2234 gegen

932 2240 1104 2272 Mitliridat
1127 2240 1272 2280 kricgte,
1297 2251 1359 2270 von
1380 2240 1504 2271 seinem
1523 2239 1599 2270 Col-

932 2285 1027 2325 legen
1054 2285 1090 2317 L.
1115 2285 1289 2317 Cornelius
1313 2285 1415 2316 Cinna
1440 2284 1504 2315 und
1527 2284 1600 2315 dem

930 2341 989 2361 aus
1008 2330 1120 2362 Africa
1145 2330 1452 2370 zuriickgekehrten
1475 2328 1599 2360 Marius

930 2375 1060 2415 besiegt
1076 2377 1140 2407 und
1159 2376 1318 2415 getiidtet.
1352 2374 1480 2406 Bellum
1504 2374 1599 2405 Octa-

932 2422 1064 2452 vianum
1083 2421 1164 2452 auch
1184 2421 1222 2451 de
1237 2420 1310 2451 Div.
1325 2419 1346 2453 1,
1362 2419 1391 2452 2.
1408 2419 1438 2450 4.
1459 2418 1597 2461 Philipp.

932 2464 1019 2499 xlv,
1047 2468 1076 2499 S,
1097 2466 1148 2496 23.
1185 2464 1305 2496 Florus
1324 2463 1376 2501 lll,
1396 2463 1447 2504 21,
1467 2464 1497 2494 9.
1534 2464 1599 2495 Das

930 2510 1010 2541 Λᾶν.
1035 2521 1143 2553 nuper
1162 2509 1244 2540 kann
1263 2509 1470 2540 anzudeuten
1491 2509 1598 2540 schei-

931 2566 1010 2596 ιιι-η,
1041 2556 1116 2587 dass
1140 2555 1203 2586 wir
1232 2565 1291 2585 uns
1317 2554 1367 2585 dic
1391 2553 1467 2585 Zeit
1489 2554 1600 2585 dieser

931 2599 1161 2641 Unterrcdung
1189 2599 1239 2631 als
1271 2599 1358 2631 nicht
1387 2599 1453 2630 viel
1484 2599 1598 2640 sp'ziter
