1684 2819
115 234 142 279 4

184 120 264 159 216
669 121 892 155 LtBERV.
920 124 1106 164 4,10.11.

294 234 376 275 Nec
399 248 495 273 vero
519 234 765 287 Pythagoras
787 236 957 277 nominis
979 236 1105 277 solum
1128 236 1337 285 inventor,
1363 236 1430 276 sed
1452 249 1586 277 rerum

118 299 158 330 10
182 290 298 331 etiam
320 291 492 343 ipsarum
516 289 772 342 amplificator
794 292 881 331 fuit.
908 291 982 343 Qui
1004 306 1118 356 quum
1143 299 1230 344 post
1252 292 1352 332 hunc
1374 292 1586 334 Phliasium

114 917 150 949 11

184 359 405 387 sermonem
429 344 470 385 in
493 345 641 386 Italiam
665 346 857 396 venisset,
883 348 1093 389 exornavit
1117 361 1201 388 eam
1225 348 1458 398 Graeciam,
1492 362 1588 413 quae

180 403 322 455 Magna
345 402 444 441 dicta
469 409 553 451 est,
587 409 625 442 et
654 403 835 456 privatim
858 411 898 443 et
918 404 1069 457 publice
1091 406 1437 463 praestantissimis
1470 412 1509 445 et
1529 406 1590 446 in-

182 459 329 499 stitutis
352 465 390 498 et
411 458 576 498 artibus.
612 458 731 500 Cuius
761 459 807 499 de
836 459 1037 513 disciplina
1071 460 1172 500 aliud
1197 462 1346 515 tempus
1369 462 1489 502 suerit
1509 462 1588 502 for-

182 522 286 554 tasse
310 515 476 554 dicendi.
511 515 586 555 Sed
618 515 665 555 ab
695 516 854 569 antiqua
883 515 1130 569 philosophia
1151 530 1273 570 usque
1295 518 1343 557 ad
1365 518 1584 566 Socratem,

180 571 244 623 qui
265 570 502 611 Archelaum
529 571 799 626 Anaxagorae
829 572 1058 627 discipulum
1090 572 1290 623 audierat,
1323 575 1475 614 numeri
1506 589 1588 615 mo-

180 634 320 679 tusque
344 628 636 678 tractabantur,
671 636 710 669 et
741 630 843 669 unde
875 630 1005 669 omnia
1038 635 1248 669 orerentur
1281 643 1408 682 quove
1437 631 1588 672 recide-

178 690 291 734 rent3
318 683 573 738 studioseque
591 685 705 726 ab1is
724 686 897 726 siderum
921 685 1227 740 magnitudines,
1247 685 1476 736 intervalla,
1501 701 1588 728 cur-

179 754 246 780 sus
269 740 577 793 anquirebantur
599 749 638 782 et
660 749 801 783 cuncta
823 742 1025 784 caelestia.
1062 741 1245 782 Socrates
1278 749 1408 783 autem
1440 743 1588 807 primus

177 796 462 851 philosophiam
485 798 694 839 devocavit
723 812 744 839 e
767 799 876 839 caelo
911 807 949 839 et
980 800 1019 839 in
1053 798 1211 839 urbibus
1243 799 1451 840 collocavit
1483 807 1522 840 et
1548 800 1588 839 in

179 853 315 894 domus
339 857 454 894 etiam
476 855 700 897 introduxit
722 863 760 896 et
781 856 911 910 coegit
933 856 978 896 de
1007 857 1087 896 xita
1118 862 1157 894 et
1185 855 1361 896 moribus
1392 856 1589 909 rebusque

177 909 291 950 bonis
314 918 351 950 et
371 911 485 951 malis
507 925 712 964 quaerere.
749 912 869 952 Cuius
900 912 1106 966 multiplex
1138 912 1241 952 ratio
1273 912 1494 966 disputandi
1526 927 1589 953 re-

176 980 342 1019 rumque
372 968 543 1009 varietas
575 976 612 1008 et
643 968 791 1022 ingenii
823 983 881 1008 ma
887 969 1076 1023 rnitudo,
1119 968 1293 1008 Platonis
1326 970 1519 1010 memoria
1552 977 1588 1010 et

176 1022 317 1063 litteris
340 1031 587 1077 consecrata,
628 1025 782 1079 pluraD
762 1039 908 1065 ‹renera
930 1025 1057 1065 effecit
1079 1024 1393 1065 dissentientium
1415 1025 1589 1079 philoso-

177 1079 357 1132 phorum.
393 1080 422 1119 E
452 1081 589 1133 quihus
620 1095 691 1121 nos
723 1057 782 1121 idD
791 1082 1037 1135 potissimum
1070 1082 1273 1121 consecuti
1311 1095 1472 1131 sumus,
1513 1096 1588 1135 quo

179 1135 383 1176 Socratem
405 1151 519 1177 usum
541 1137 845 1189 arbitrabamur,
870 1146 913 1178 ut
934 1144 1108 1178 nostram
1132 1137 1204 1191 ipsi
1225 1139 1461 1178 sententiam
1480 1145 1589 1191 tege-

176 1205 334 1241 remus,
369 1206 509 1234 errore
541 1195 640 1234 alios
672 1195 894 1235 levaremus
921 1194 1021 1234 etin
1045 1194 1151 1234 omni
1175 1194 1462 1248 disputatione,
1499 1195 1587 1248 quid

177 1256 283 1290 esset
305 1249 546 1290 simillimum
569 1251 670 1301 veri,
697 1264 993 1304 quaereremus.
1030 1250 1152 1301 Quem
1176 1265 1326 1291 morem
1350 1266 1465 1304 quum
1492 1251 1589 1292 Car-

177 1305 321 1345 neades
344 1307 569 1347 acutissime
592 1308 941 1362 copiosissimeque
976 1308 1194 1356 tenuisset,
1233 1308 1392 1348 fecimus
1423 1315 1462 1348 et
1491 1309 1588 1349 alias

177 1375 294 1415 saepe
317 1370 355 1402 et
375 1376 502 1416 nuper
523 1363 563 1403 in
586 1364 808 1405 Tusculano
825 1396 834 1414 ,
870 1372 909 1405 ut
932 1364 978 1404 ad
1002 1378 1084 1404 eam
1110 1365 1432 1405 consuetudinem
1455 1365 1588 1419 dispu-

176 1425 366 1459 taremus.
420 1419 470 1459 Et
502 1421 695 1472 quatridui
727 1421 883 1474 quidem
914 1433 1137 1461 sermonem
1169 1421 1438 1474 superioribus
1470 1423 1515 1461 ad
1549 1429 1586 1461 te

218 1558 256 1596 4.
280 1562 331 1592 10.
355 1564 391 1593 ίη
409 1563 568 1603 ltaliam,
591 1564 674 1595 nach
696 1564 830 1595 Croton.
918 1566 978 1603 re'S,
1009 1561 1048 1595 ἓν
1074 1561 1134 1594 διὰ
1162 1562 1284 1595 ‹Ji-on.-
1314 1565 1449 1604 „durch
1474 1564 1588 1597 l'latos

216 1622 249 1650 et
268 1621 448 1651 institutis
468 1623 502 1650 et
518 1621 668 1652 artibus.
690 1620 771 1652 Dein
791 1631 845 1652 er—

170 1669 282 1696 steren
303 1665 486 1706 entspricht
500 1665 651 1707 publice,
669 1666 741 1698 dem
763 1665 846 1698 letz-

172 1714 265 1741 teren
277 1710 327 1751 (=
340 1710 548 1752 disciplina)
555 1714 741 1753 privatim.
762 1711 844 1743 Also

170 1755 222 1786 ein
250 1756 442 1788 Chiasmus.
478 1755 562 1788 Zum
587 1756 698 1789 lnhalt
722 1758 790 1799 vgl.
817 1757 840 1789 l.

174 1800 226 1839 16,
248 1800 290 1831 38
318 1800 482 1840 u.1v.1,
503 1801 521 1832 2
541 1813 575 1834 ιι.
597 1804 628 1834 3.

217 1858 415 1888 Archelaus
441 1868 504 1888 von
532 1857 647 1900 Mitet,
683 1859 742 1890 mit
770 1859 840 1890 dem

171 1901 353 1934 Beiuamcn
375 1902 564 1945 physicus.

217 1961 357 1989 numeri
379 1962 579 2000 motasque,
611 1970 638 1991 s.
662 1959 686 1991 I.
710 1961 763 2001 10,
784 1961 840 1992 20.

217 2018 252 2046 et
276 2025 337 2045 vor
363 2019 492 2046 euneta
521 2016 709 2047 caelestia:
740 2017 841 2056 „und

170 2060 375 2102 iibethaupt
384 2062 414 2101 ‘3
444 2071 471 2092 s.
495 2059 549 2093 lV.
572 2062 604 2101 5,
626 2062 645 2092 9
669 2072 711 2093 zu
732 2062 843 2105 Chry—

170 2108 291 2148 cippus
310 2110 346 2137 et
361 2106 489 2138 Stoilcz

216 2152 385 2182 Socrates
411 2155 529 2183 autem
557 2156 623 2183 etc.
668 2151 770 2184 Sinn:
796 2152 843 2184 Er

170 2196 370 2228 bebandelte
413 2202 528 2228 zum-st
568 2197 621 2229 die
656 2197 757 2229 Ethik
791 2198 841 2229 als

169 2242 288 2282 cignea
309 2241 406 2274 Thcil
431 2243 490 2274 der
507 2242 733 2285 philosophie.
763 2242 838 2284 Vgl.

168 2287 274 2319 Acad.
297 2286 321 2319 l.
342 2289 375 2327 4,
399 2288 459 2319 15:
490 2288 659 2320 Socrates
677 2290 766 2320 mihi
794 2291 843 2320 υἱ-

169 2333 429 2374 deturprimus
455 2344 475 2364 α
504 2334 605 2364 rebus
632 2335 780 2366 occultis
809 2338 842 2366 et

170 2379 212 2410 ab
241 2380 318 2420 ipsa
346 2382 480 2409 natm-a
508 2380 678 2411 involutis
697 2398 738 2403 -—-
760 2390 840 2411 avo-

170 2434 267 2455 cassc
294 2424 561 2465 philosophiam
594 2428 631 2456 et
657 2425 704 2456 ad
730 2428 837 2456 vilam

170 2479 385 2501 communem
414 2469 609 2501 acldaoeisse
634 2475 722 2503 eto:
755 2471 837 2502 auch

169 2515 252 2546 oben
282 2514 340 2546 lll.
362 2515 396 2555 -t,
420 2516 451 2547 S.

218 2561 269 2592 11.
298 2560 461 2592 Platonis
488 2563 660 2592 memore‘a
687 2564 720 2592 et
745 2561 840 2592 litte-

917 1609 1276 1649 niedergeschriebene
1295 1609 1588 1652 Erinnerungen“.

954 1659 1162 1687 consecrat-a
1175 1656 1407 1695 „unsterblich
1419 1657 1586 1697 gemacht,

915 1701 1120 1742 verewigt“.
1158 1700 1200 1731 So
1221 1701 1261 1732 ad
1282 1699 1321 1741 Q.
1342 1700 1399 1732 Fr.
1422 1701 1447 1732 l.
1472 1702 1501 1741 1,
1525 1702 1584 1733 15:

916 1758 935 1788 q
941 1756 961 1776 a
967 1757 986 1777 u
992 1756 1023 1777 m
1069 1746 1198 1787 amplis
1204 1748 1266 1778 sim
1274 1750 1304 1777 is
1347 1750 1587 1779 monumentis

916 1801 1124 1823 consecrare.
1167 1792 1335 1823 voluisses
1378 1795 1586 1824 memoriam

914 1839 1065 1868 nominis
1093 1839 1158 1868 tui.

957 1882 1066 1922 plura
1081 1892 1216 1924 genet-a
1238 1900 1273 1904 —
1287 1883 1583 1925 philosophorum

914 1925 1101 1969 (αἱρέσεις,
1117 1927 1271 1967 Secten):
1294 1928 1348 1958 die
1361 1927 1583 1968 C>renaiker‚

913 1971 1119 2013 Megariker,
1141 1972 1303 2015 Cyniker,
1328 1972 1475 2010 Stoiker,
1496 1973 1586 2005 Aka-

915 2017 1075 2055 demiker,
1097 2016 1345 2060 Peripatetiker
1363 2024 1429 2050 etc.

958 2063 1137 2104 Equitius,
1156 2063 1206 2094 als
1225 2063 1264 2094 ob
1281 2074 1414 2105 genera
1429 2065 1585 2106 philoso-

908 2108 1052 2149 phandi
1074 2109 1371 2150 vorhergegaugen
1392 2110 1495 2142 wiire.

958 2157 1304 2195 ‹et—quaereremus.
1320 2154 1378 2186 Die
1390 2154 1585 2195 Zusetzung

911 2209 973 2229 von
995 2202 1028 2230 e!
1049 2200 1091 2230 ist
1111 2200 1192 2231 nach
1213 2200 1284 2231 dem
1303 2198 1359 2231 lV.
1379 2201 1410 2241 7,
1431 2201 1469 2232 16
1488 2211 1529 2232 zu
1549 2205 1585 2232 et

911 2244 1047 2275 similia
1068 2244 1263 2276 Bennerkten
1291 2256 1331 2276 zu
1356 2245 1580 2277 beurtheilen.

913 2289 956 2320 So
976 2290 1058 2321 auch
1079 2289 1095 2332 §
1119 2291 1156 2321 12
1177 2294 1213 2322 et
1231 2291 1272 2321 ob
1291 2301 1364 2322 eam
1386 2301 1459 2322 rem
1479 2291 1580 2331 bene,-

912 2334 928 2376 ξ
952 2335 990 2366 13
1018 2335 1244 2376 reh'qaacqac
1264 2338 1426 2367 virtutes.

960 2381 1170 2420 Carneades,
1200 2391 1227 2412 s.
1249 2391 1289 2411 zu
1310 2380 1363 2412 lll.
1385 2381 1440 2420 22,
1463 2382 1517 2412 54.

947 2426 1107 2466 fecimus
1131 2443 1169 2448 —
1191 2429 1232 2456 ut
1255 2443 1295 2448 —-
1315 2426 1581 2468 disputaremus
1628 2454 1634 2457 ι

911 2470 954 2500 ist
980 2470 1281 2502 nachdriicklicher
1308 2471 1356 2503 als
1383 2472 1443 2503 das
1470 2471 1581 2503 blosse

911 2515 1190 2558 (li'sspatavzmas
1235 2526 1290 2555 ‚so
1311 2516 1394 2548 habe
1413 2517 1464 2549 ich
1484 2527 1519 2548 es
1546 2528 1580 2547 so

911 2561 1145 2602 eingerichtet
1166 2562 1242 2593 dass
1261 2580 1303 2584 —
1319 2564 1341 2578 ‘
1351 2586 1357 2592 .
