1684 2819
526 180 604 212 [ΑΒ.
618 179 641 212 1.
679 180 771 214 CAP.
790 183 829 215 18
843 202 886 206 —
900 182 954 214 20.
1393 183 1447 222 59

39 290 176 331 tatem,
205 296 300 335 quae
320 287 378 321 est
398 281 564 322 iustitiae
590 284 756 323 maxime
783 285 952 336 propria.
1000 285 1056 323 Ex
1083 295 1159 335 quo
1188 284 1231 322 fit
1256 289 1298 323 ut
1323 296 1447 335 neque

13 332 21 384 l
41 339 319 391 disceptatione
339 338 438 377 vinci
460 351 500 377 se
521 351 593 378 nec
612 340 689 379 ullo
711 341 868 392 publico
890 353 934 379 ac
950 340 1120 391 legitimo
1141 340 1223 379 iure
1238 340 1444 392 patiantur,

11 420 19 459 ἶ)
40 398 281 447 existuntque
301 396 340 434 in
360 407 401 434 re
422 395 572 446 publica
592 396 818 449 plerumque
836 397 1036 448 largitores
1057 402 1094 435 et
1105 397 1273 444 factiosi,
1293 401 1335 436 ut
1350 409 1445 448 opes

10 462 17 506 ,ᾗ
40 465 156 505 quam
177 452 362 491 maximas
386 457 677 503 consequantur
699 459 735 492 et
764 453 841 492 sint
867 453 901 491 vi
928 453 1058 504 potius
1087 453 1309 505 superiores
1332 465 1447 504 quam

10 505 16 523 ‘⁸
40 509 181 548 iustitia
202 522 328 560 pares.
366 508 441 547 Sed
464 521 539 559 quo
558 508 760 556 difficilius,
781 510 857 548 hoc
874 509 1116 560 praeclarius.
1158 509 1314 548 Nullum
1343 509 1447 547 enim

40 571 194 616 tempus
217 570 275 604 est
298 565 401 615 quod
424 564 564 603 iustitia
586 577 717 604 vacare
739 565 885 604 debeat.
927 566 1062 604 Fortes
1083 566 1198 616 igitur
1226 571 1264 604 et
1286 576 1445 615 magna-

39 621 135 660 nimi
157 626 248 660 sunt
268 620 432 659 habendi
454 633 531 659 non
555 621 618 671 qui
641 621 801 668 faciunt,
831 623 899 661 sed
921 622 985 672 qui
1006 622 1236 673 propulsant
1256 621 1447 660 iniuriam.

41 678 138 716 Vera
168 683 294 716 autem
323 683 360 716 et
389 677 541 728 sapiens
569 677 686 715 animi
714 678 938 728 magnitudo
966 679 1176 717 honestum
1205 678 1315 723 illud,
1344 678 1449 727 quod

41 734 206 773 maxime
227 739 363 772 natura
384 733 573 784 sequitur,
598 733 636 770 in
659 734 766 772 sactis
788 734 979 785 positum,
1004 746 1084 773 non
1106 734 1144 772 in
1167 734 1285 783 gloria
1306 733 1450 772 iudicat

42 790 332 841 principemque
353 802 394 827 se
416 802 500 827 esse
521 790 664 827 mavult
685 802 799 839 quam
820 790 948 828 videri.
991 790 1142 828 Etenim
1166 790 1230 840 qui
1253 803 1298 828 ex
1319 802 1449 828 errore

41 846 238 896 imperitae
265 845 521 883 multitudinis
548 846 707 895 pendet,
736 846 798 884 hic
824 846 863 884 in
888 846 1038 896 magnis
1066 846 1157 883 viris
1186 857 1266 883 non
1295 851 1353 884 est
1379 846 1449 884 ha-

0 915 7 974 g
40 902 202 940 bendus.
242 900 434 940 Facillime
457 906 582 940 autem
606 902 653 939 ad
674 914 736 940 res
766 902 928 940 iniustas
959 901 1185 953 impellitur,
1218 907 1259 940 ut
1285 902 1450 952 quisque

0 975 5 1013 3:
42 958 228 997 altissimo
252 958 380 996 animo
404 963 480 1003 est,
509 958 650 1008 gloriae
672 958 895 1008 cupiditate:
925 958 989 1009 qui
1010 959 1117 996 locus
1139 963 1196 996 est
1217 969 1308 996 sane
1328 957 1450 996 lubri-

0 1014 5 1045 ἵ
43 1027 122 1061 cuS,
146 1015 249 1065 quod
270 1014 329 1052 vix
350 1014 554 1060 invonitur,
579 1015 641 1065 qui
663 1014 860 1053 laboribus
883 1014 1073 1065 susceptis
1091 1014 1346 1065 periculisque
1368 1013 1449 1052 adi-

42 1070 90 1110 tis
113 1082 194 1109 non
217 1071 326 1122 quasi
348 1070 565 1109 mercedem
587 1083 716 1109 rerum
738 1076 936 1121 gestarum
958 1071 1150 1109 desideret
1171 1071 1343 1121 gloriam.

0 1125 2 1157 Ι
157 1126 325 1166 Omnino
361 1126 470 1165 fortis
506 1127 659 1165 animus
687 1133 723 1165 et
751 1140 915 1177 magnus
950 1127 1097 1165 duabus
1132 1127 1248 1164 rebus
1284 1126 1450 1164 maxime
1476 1127 1529 1164 20

0 1174 1 1198 ³
45 1183 223 1230 cernitur,
246 1195 409 1234 quarum
431 1195 508 1221 una
529 1183 568 1221 in
590 1195 719 1222 rerum
742 1189 986 1221 externarum
1009 1182 1254 1233 despicientia
1278 1181 1448 1232 ponitur.
1479 1188 1521 1220 66

43 1251 131 1277 cum
158 1251 388 1290 persuasum
423 1244 481 1277 est
512 1239 604 1277 nihil
631 1239 830 1277 hominem
867 1240 940 1277 nisi
969 1239 1073 1289 quod
1095 1239 1304 1277 honestum
1334 1238 1450 1276 deco—

42 1307 205 1346 rumque
227 1295 276 1333 sit
296 1300 360 1333 aut
387 1295 566 1334 admirari
588 1301 651 1334 aut
681 1302 816 1346 optare
837 1301 901 1334 aut
922 1300 1099 1346 expetere
1128 1299 1309 1345 oportere
1336 1294 1451 1333 nulli-

45 1364 116 1402 que
136 1364 259 1403 neque
281 1351 430 1390 homini
458 1364 581 1402 neque
603 1352 884 1403 perturbationi
915 1352 1033 1390 animi
1060 1364 1131 1390 nec
1157 1353 1334 1389 fortunae
1362 1363 1451 1388 suc-

44 1408 233 1447 cumbere.
282 1408 407 1446 Altera
433 1414 487 1446 es!
517 1421 597 1453 res,
627 1413 686 1454 ut,
722 1421 808 1447 cum
844 1409 895 1447 ita
931 1408 984 1446 sis
1022 1408 1195 1445 adfectus
1223 1407 1371 1453 animo,
1409 1411 1451 1444 ut

43 1476 159 1514 supra
180 1464 273 1509 dixi,
301 1476 362 1502 res
385 1476 492 1514 geras
516 1476 673 1514 magnas
696 1464 777 1503 illas
801 1465 957 1515 quidem
980 1469 1015 1501 el,
1037 1464 1202 1501 maxime
1224 1462 1354 1508 utiles,
1383 1463 1449 1500 sed

1475 572 1517 604 65

4 727 10 817 l

89 1622 134 1642 eit·
150 1620 212 1652 qao
227 1610 275 1653 fit
299 1613 359 1641 eet.
394 1610 478 1642 Dass
503 1612 583 1641 auch
603 1611 711 1641 dieses

43 1656 103 1687 mit
111 1655 292 1686 Riieksicht
305 1655 425 1686 aufdie
434 1656 617 1695 damaligen
626 1655 711 1687 Ver-

45 1700 204 1732 h'altnisse
223 1700 255 1730 in
270 1699 349 1731 Rom
363 1705 480 1741 gesagt
496 1701 548 1738 ist,
567 1700 714 1732 leuchtet

45 1746 109 1776 ein.
144 1745 200 1776 Rei
223 1745 294 1776 dem
318 1744 493 1785 folgenden
508 1746 629 1787 sortes
649 1748 713 1787 egi-

46 1793 103 1822 tur
120 1793 181 1821 cet.
205 1790 333 1821 scheint
356 1791 420 1821 Cic.
448 1801 547 1831 sogar
563 1801 603 1822 an
622 1791 713 1822 scine

46 1835 161 1875 eigcne
179 1834 331 1875 Stellung
348 1847 389 1866 zu
407 1836 546 1867 denken.

92 1880 145 1911 65.
165 1879 318 1921 quiloezcs
328 1883 471 1912 estscme
484 1881 640 1921 lubricus,
656 1882 713 1912 das

47 1926 91 1956 ist
107 1925 159 1955 ein
178 1925 394 1965 scliwieriges
412 1924 550 1959 Thema;
572 1937 600 1956 z.
617 1924 648 1967 ξ.
660 1925 713 1956 44.

48 1970 106 2001 Die
125 1969 273 2011 Hiiupter
292 1970 352 2001 der
369 1970 449 2002 Stoa
472 1970 577 2001 selbst
601 1981 713 2002 waren

47 2014 190 2046 dariiber
202 2015 329 2054 uncins,
347 2015 492 2046 welcher
507 2015 627 2047 We1·th
642 2016 715 2047 dem

45 2059 169 2091 Ruhme
199 2059 387 2099 zukomm03
418 2060 468 2091 die
498 2060 621 2099 Einen,
651 2062 714 2092 wie

46 2105 159 2136 Aristo
177 2115 241 2136 von
261 2104 370 2145 Chius,
390 2106 567 2137 rcchneten
587 2106 639 2136 ilin
657 2117 717 2137 un-

49 2154 99 2180 ter
112 2149 163 2180 die
177 2150 282 2190 viillig
294 2150 560 2190 gleichgiiltigen,
580 2151 630 2181 die
645 2151 715 2181 An-

48 2195 127 2225 ilern
161 2198 258 2225 unter
290 2195 340 2225 die
369 2195 715 2226 wiin‘schenswerthen

47 2239 163 2279 Dinge.

92 2278 157 2315 20.
185 2283 237 2315 66.
257 2283 288 2314 ln
304 2285 363 2315 der
377 2284 718 2325 Einthcilungweiclit

49 2328 114 2360 Cic.
133 2339 197 2360 von
216 2329 287 2360 dem
305 2329 357 2360 bei
376 2329 467 2361 Stob.
482 2340 511 2372 p.
531 2329 603 2370 106,
623 2330 717 2371 Diog.

48 2373 160 2405 Laert.
175 2373 245 2415 Vll,
264 2373 305 2405 92
331 2374 577 2415 Aul'gestcllten
596 2375 635 2406 ab
654 2376 718 2406 und

49 2418 133 2449 liisst
160 2419 314 2450 iiberdies
340 2419 610 2451 nebensiichlicbe
638 2420 719 2452 Fra-

50 2473 111 2502 gen
131 2464 207 2494 sehr
224 2464 254 2495 in
274 2465 335 2495 den
353 2464 589 2505 Vordergrund
609 2470 718 2497 treton

53 2509 92 2546 (c.
115 2507 152 2538 21
175 2507 196 2539 f.
221 2519 247 2540 s.
266 2508 377 2549 Einl.).
412 2509 472 2541 Die
494 2513 636 2552 magnit.
664 2521 718 2542 [ιη.

53 2552 140 2591 zeigt
169 2553 237 2584 sich
261 2554 360 2585 theils
384 2555 433 2585 als
456 2556 718 2599 μεγαλοψυχία

51 2597 116 2627 und
131 2592 291 2641 εὐψυχία
308 2599 347 2636 (S.
358 2598 476 2640 Stob.)‚
491 2601 615 2633 welche
625 2600 717 2632 dai-in

786 1612 927 1650 besteht,
947 1611 1022 1641 dass
1040 1620 1112 1641 man
1134 1610 1162 1649 1)
1181 1610 1232 1640 (lie
1250 1609 1388 1650 Tugend
1406 1609 1454 1640 al-

785 1657 850 1687 lein
880 1656 1095 1686 hochscli'atzt
1127 1654 1204 1693 (67),
1235 1654 1266 1692 2)
1299 1654 1360 1685 frei
1390 1664 1453 1685 von

785 1699 1063 1732 Leidenschaften
1083 1701 1125 1731 ist
1145 1699 1188 1741 (ξ.
1201 1699 1267 1739 68),
1289 1699 1385 1731 theils
1403 1698 1453 1730 als

786 1747 993 1790 φιλοπονία
1010 1746 1073 1776 und
1091 1741 1254 1787 ἀνδρεία.
1282 1743 1315 1775 In
1331 1744 1455 1775 diesem

787 1791 927 1822 zweiten
944 1789 1060 1821 Theile
1078 1790 1158 1820 wird
1178 1794 1291 1820 zuerst
1308 1789 1390 1819 iiber
1404 1788 1455 1819 die

787 1835 1038 1875 Hereclitigung,
1054 1835 1121 1865 sich
1130 1845 1203 1865 vom
1212 1833 1454 1865 Staatsdienste

786 1880 1072 1912 zuriickzuzielien
1084 1880 1123 1917 (c.
1136 1879 1202 1919 21),
1218 1879 1283 1910 und
1298 1878 1380 1909 iiber
1393 1879 1455 1909 den

786 1925 1259 1965 Vorrang(lerkriegerischen
1269 1923 1457 1955 oderfried-

786 1971 892 2002 lichen
904 1969 1195 2010 Staatstliiitigkeit
1205 1970 1243 2007 (c.
1254 1969 1295 2000 22
1304 1968 1337 2007 f.)
1348 1993 1356 2008 ,
1372 1969 1456 1999 dann

789 2016 870 2047 iiber
892 2016 1002 2046 wahre
1028 2015 1093 2046 und
1118 2014 1241 2045 falsche
1265 2013 1458 2055 Tapferkeit

790 2059 945 2100 (so—83)
961 2060 1024 2091 und
1034 2060 1185 2091 iiberden
1195 2059 1338 2090 falschen
1350 2058 1456 2088 Hoch-

789 2106 862 2137 sinn
886 2105 1077 2145 gehandelt,
1101 2106 1160 2135 der
1184 2104 1215 2134 in
1239 2103 1381 2143 Ehrgier
1403 2102 1457 2141 (84

789 2150 888 2190 —87)
912 2150 976 2180 und
1000 2149 1181 2180 Hochmuth
1201 2158 1306 2188 gegen
1324 2147 1457 2178 Andere

792 2194 948 2235 (87-91)
963 2198 1122 2225 ausartet.
1144 2194 1205 2225 Am
1220 2192 1374 2224 Schlusse
1391 2191 1456 2232 (92)

790 2240 913 2271 konunt
928 2239 994 2270 Cic.
1013 2240 1094 2270 noch
1113 2238 1231 2269 einmal
1247 2237 1307 2269 auf
1317 2237 1368 2269 die
1382 2247 1461 2269 ver-

791 2284 987 2316 schicdenen
1028 2283 1244 2315 Berufsarten
1291 2283 1355 2313 und
1402 2283 1459 2313 das

792 2330 905 2367 Recht,
927 2329 995 2360 sich
1012 2339 1062 2360 am
1081 2328 1291 2360 Staatsleben
1311 2328 1400 2359 nicht
1418 2338 1459 2358 zu

790 2374 1000 2414 betheiligcn,
1019 2374 1155 2405 zuriick.

837 2430 979 2462 quarum
1003 2430 1071 2450 mm
1088 2438 1131 2441 —
1148 2420 1268 2451 Altera
1291 2420 1357 2449 est:
1381 2428 1406 2449 s.
1436 2416 1458 2458 l,

793 2465 822 2506 3,
844 2465 874 2496 9.

833 2520 1039 2552 perszmszmz
1048 2513 1108 2541 est.
1128 2508 1459 2540 Derlndicativmuss

792 2555 898 2587 selbst
920 2565 1024 2595 gegen
1050 2555 1101 2586 die
1119 2554 1215 2586 Hdss.
1245 2552 1461 2594 geschrieben

792 2601 938 2640 werden,
958 2600 1034 2631 weil
1052 2611 1126 2632 cum
1145 2599 1216 2631 rein
1230 2598 1391 2641 temporal
1404 2598 1459 2630 ist.
