1684 2819
604 180 724 213 Llss.1.
762 180 853 213 CAP.
874 181 903 212 7.
925 181 955 212 S.
1427 180 1476 218 41

76 285 208 324 modo.
254 283 456 323 Maximam
491 288 618 322 autem
646 288 796 334 partem
825 283 872 322 ad
898 282 1076 322 iniuriam
1104 280 1315 320 faciendam
1343 281 1480 331 adgre-

78 342 249 387 diuntur,
284 345 326 378 ut
353 339 614 390 adipiscantur
641 352 701 386 ea,
737 352 833 390 quae
861 338 1181 389 concupiverunt:
1217 337 1257 376 in
1287 349 1362 388 quo
1390 336 1480 375 vitio

76 397 261 436 latissime
283 401 386 446 patet
407 396 570 434 avaritia.
608 396 848 447 Expetuntur
875 401 1001 434 autem
1032 394 1181 433 divitiae
1203 406 1289 432 cum
1313 394 1360 432 ad
1382 404 1478 431 usus

75 454 171 492 vitae
187 452 428 491 necessarios
445 458 527 491 tum
544 453 588 490 ad
607 452 858 503 perfruendas
877 452 1102 501 voluptates.
1139 450 1182 488 In
1199 449 1337 500 quibus
1354 454 1480 488 autem

75 510 200 548 maior
227 514 287 547 est
313 509 483 555 animus,
512 509 551 547 in
579 509 624 547 iis
651 508 834 559 pecuniae
862 507 1049 558 cupiditas
1080 511 1227 557 spectat
1258 506 1305 544 ad
1328 517 1422 556 opes
1445 511 1482 544 et

75 566 119 604 ad
158 565 394 615 gratificandi
425 564 658 611 facultatem,
693 570 735 603 ut
760 576 885 615 nuper
912 563 959 601 M.
988 563 1150 601 Crassus
1178 562 1341 612 negabat
1367 561 1482 600 ullam

76 622 169 661 satis
197 634 374 672 magnam
396 621 598 672 pecuniam
622 633 709 659 esse
730 621 781 666 ei,
810 621 873 671 qui
896 619 933 657 in
955 619 1149 670 republica
1171 619 1353 669 princeps
1374 617 1483 656 vellet

76 691 172 725 esse,
195 678 303 717 cuius
325 678 511 716 fructibus
534 678 741 716 exercitum
764 677 862 715 alere
878 687 958 713 non
976 680 1123 726 posset.
1160 675 1353 713 Delectant
1369 674 1482 712 etiam

76 734 269 784 magnifici
296 739 501 785 apparatus
528 733 703 784 vitaeque
725 733 847 771 cultus
872 744 956 770 cum
981 731 1162 781 elegantia
1184 736 1221 769 et
1242 730 1368 780 copia:
1397 729 1482 781 qui-

76 791 148 829 bus
179 790 293 829 rebus
323 791 499 828 effectum
523 794 580 827 est
601 795 643 828 ut
664 790 810 827 infinita
831 788 1016 838 pecuniae
1040 787 1228 838 cupiditas
1250 791 1362 824 esset.
1405 785 1484 824 Nec

75 859 164 885 vero
203 845 259 884 rei
287 846 482 884 familiaris
512 845 756 896 amplificatio
786 843 929 882 nemini
959 855 1104 882 nocens
1133 842 1384 892 vituperanda
1413 846 1482 887 est,

77 903 143 941 sed
179 901 356 951 fugienda
392 914 546 952 semper
579 901 717 940 iniuria
752 906 821 939 est.
875 899 1039 938 Maxime
1075 904 1203 937 autem
1238 898 1483 936 adducuntur

75 958 263 1009 plerique,
301 963 341 996 ut
368 970 435 996 eos
470 958 634 997 iustitiae
669 958 792 1009 capiat
826 956 984 1003 oblivio,
1021 968 1108 994 cum
1141 955 1180 993 111
1214 953 1481 1005 imperiorum,

74 1016 294 1060 honorum,
323 1014 465 1064 gloriae
493 1015 739 1065 cupiditatem
768 1014 997 1052 inciderunt.
1040 1013 1155 1059 Quod
1177 1011 1278 1049 enim
1301 1016 1359 1049 est
1380 1010 1482 1060 apud

76 1072 257 1115 Ennium,

608 1126 730 1165 Nulla
750 1133 883 1164 sancta
903 1128 1073 1169 societas,

210 1183 285 1221 Nec
306 1184 399 1233 sides
416 1186 525 1233 reym'
543 1190 606 1229 est,

76 1252 112 1289 id
136 1251 247 1289 latins
270 1255 383 1301 patet.
421 1250 517 1288 Nam
540 1249 726 1301 quidquid
748 1250 829 1287 eius
852 1248 958 1287 modi
981 1254 1050 1289 est,
1074 1248 1112 1285 in
1135 1259 1210 1298 quo
1229 1258 1309 1285 non
1328 1246 1484 1297 possint

76 1307 204 1359 plures
228 1306 426 1348 excellere,
448 1307 487 1344 111
509 1319 553 1344 eo
576 1307 617 1344 tit
638 1306 865 1357 plerumque
889 1310 989 1343 tanta
1013 1303 1221 1349 eontentio,
1244 1309 1284 1341 ut
1306 1302 1483 1340 difficilli-

76 1375 183 1402 mum
208 1364 256 1401 sit
278 1375 429 1401 servare
451 1367 633 1401 ‘sanctam
657 1362 903 1401 societatein'.
936 1360 1146 1399 Declaravit
1167 1359 1204 1397 id
1226 1359 1343 1397 modo
1362 1364 1483 1397 teme-

75 1421 167 1459 ritas
187 1420 225 1459 C.
245 1420 429 1466 Caesaris,
453 1420 516 1469 qui
534 1419 662 1457 omnia
680 1419 764 1457 iura
782 1418 909 1456 divina
926 1423 962 1455 et
978 1418 1144 1455 humana
1162 1415 1342 1466 pervertit
1358 1427 1482 1465 prop-

76 1482 135 1514 ter
162 1489 268 1521 eum,
299 1488 411 1526 quem
436 1475 505 1513 sibi
529 1475 612 1525 ipse
635 1475 830 1525 opinionis
853 1487 984 1512 errore
1008 1474 1183 1519 finxerat,
1210 1471 1482 1522 principatum.

76 1533 146 1570 Est
181 1538 306 1570 autem
342 1532 381 1569 in
408 1532 483 1569 1101·
511 1543 649 1582 gcnere
676 1526 903 1576 molestum,
941 1529 1044 1580 quod
1074 1529 1111 1567 in
1138 1527 1316 1567 maximis
1345 1527 1483 1566 animis

80 1588 484 1639 splendidissimisque
505 1587 669 1637 ingeniis
691 1588 918 1638 plerumque
941 1586 1111 1624 existunt
1132 1583 1295 1623 honoris
1319 1583 1483 1634 imperii,

77 1645 270 1694 potentiae
302 1644 442 1693 gloriae
470 1644 706 1694 cupiditates.
749 1644 834 1690 Quo
864 1643 985 1693 magis
1016 1642 1225 1680 cavendum
1247 1645 1304 1679 est
1323 1652 1371 1678 ne
1393 1639 1484 1691 quid

77 1702 117 1738 in
139 1713 183 1739 eo
204 1712 341 1751 genere
362 1707 553 1751 peccetur.
591 1700 665 1738 Sed
688 1700 725 1737 in
745 1700 851 1738 omni
867 1698 1053 1737 iniustitia
1071 1697 1307 1748 permultum
1323 1697 1484 1734 interest

77 1762 208 1796 utrum
236 1756 526 1807 perturbatione
554 1756 677 1807 aliqua
699 1755 832 1801 animi,
855 1768 952 1806 quae
973 1755 1201 1805 plerumque
1222 1753 1347 1791 brevis
1370 1759 1428 1791 est
1449 1758 1485 1791 et

79 1814 125 1852 ad
154 1819 326 1864 teinpus,
361 1824 409 1851 an
445 1813 621 1851 consulto
650 1818 686 1851 et
714 1813 875 1863 cogitata
905 1812 969 1850 fiat
996 1810 1146 1849 iniuria.
1194 1809 1352 1847 Leviora
1379 1809 1483 1847 enim

122 1925 176 1956 24.
210 1928 241 1956 in
267 1936 330 1967 qno
354 1926 449 1965 vitio,
483 1925 512 1955 d.
532 1925 551 1955 i.
584 1925 655 1955 dem
673 1923 740 1956 Un-

76 1971 170 2001 recht
187 1971 282 2012 thun7
306 1980 358 2000 11111
382 1974 486 2001 etwas
504 1980 546 2000 zu
564 1969 739 2009 erlangen3

77 2016 140 2046 ihm
165 2015 245 2055 Iiegt
267 2015 364 2046 meist
382 2014 548 2046 Habsucht
573 2025 613 2045 zu
632 2013 741 2045 Grun-

76 2061 134 2097 de,
165 2060 246 2091 doch
272 2060 357 2091 kann
385 2070 420 2091 es
445 2060 526 2091 auch
550 2059 638 2091 Noth
662 2059 743 2089 oder

77 2105 216 2136 anderes
236 2105 317 2135 scin.

122 2143 163 2181 8.
189 2150 242 2180 25.
269 2150 315 2181 M.
338 2149 486 2180 Le'ez'm'zcs
512 2149 658 2181 Crassus
685 2149 744 2179 mit

77 2195 148 2224 dem
167 2194 339 2225 Beinamen
359 2194 465 2232 (lires,
484 2194 544 2224 der
562 2193 742 2233 Triumvir,

79 2239 133 2270 fiel
151 2238 209 2269 701
234 2238 299 2277 (53)
316 2249 420 2278 gegen
436 2239 487 2270 die
502 2238 653 2277 Parther,
671 2238 741 2269 also

81 2284 120 2315 10
138 2284 237 2315 Jahre
256 2284 359 2315 bevor
384 2284 449 2314 Cic.
468 2284 577 2314 dieses
603 2283 742 2313 sehrieb.

77 2328 203 2360 Plinius
221 2333 286 2360 nat.
307 2328 382 2359 hist.
403 2328 559 2367 XXXIII,
581 2328 620 2358 10
640 2327 740 2359 Cras-

78 2384 137 2405 sus
162 2375 310 2415 negabat
337 2374 531 2417 locupletem
556 2384 647 2413 esse,
676 2374 745 2403 nisi

80 2420 135 2459 qui
163 2418 276 2451 redita
308 2430 420 2450 annuo
455 2418 619 2460 legionem
653 2418 744 2449 tueri

77 2466 204 2505 posset.
247 2462 284 2494 ln
315 2465 413 2504 agris
441 2466 513 2495 suis
546 2465 743 2494 sestertium

80 2507 126 2539 M.
146 2507 192 2539 M.
207 2508 368 2550 possedit.

124 2555 318 2595 apparatus,
333 2554 502 2596 priichtige
511 2553 744 2593 Ausstattung,

81 2608 106 2628 5.
126 2600 301 2640 apparate'o
319 2598 354 2638 11,
375 2598 425 2638 16,
444 2598 498 2629 56.

860 1922 913 1954 20.
938 1922 1030 1954 nulla
1054 1940 1098 1944 —
1114 1932 1173 1953 nec
1193 1921 1287 1964 fides
1311 1923 1424 1963 regni,
1449 1920 1480 1951 in

816 1969 888 1999 dem
902 1966 1115 2008 Hb'nigthum,
1134 1967 1164 1998 d.
1180 1967 1210 1998 h.
1228 1967 1281 1997 bei
1300 1967 1361 1997 den
1380 1964 1485 1996 1115111-

814 2023 889 2053 gen.
930 2013 989 2044 Die
1014 2012 1135 2043 &Vortc
1165 2012 1273 2043 bilden
1304 2012 1364 2042 den
1396 2011 1483 2042 Aus-

815 2068 900 2098 gang
917 2058 983 2089 und
1001 2057 1130 2097 Anl'ang
1148 2067 1210 2088 von
1235 2057 1319 2087 zwei
1337 2055 1482 2087 1101·ὴίἰί-

815 2105 914 2135 seben
939 2102 1144 2140 Octouaren3
1174 2102 1332 2132 welchem
1359 2100 1482 2131 Stiicke

816 2149 863 2179 sie
879 2148 1090 2178 zuzuweisen
1110 2147 1190 2187 sind,
1208 2147 1293 2177 l'a'sst
1310 2146 1377 2176 sich
1396 2145 1485 2176 nicht

815 2193 875 2224 mit
892 2192 1131 2223 Bestimlntheit
1149 2200 1259 2230 sagen.

860 2237 959 2268 modo
969 2237 1012 2268 ist
1021 2236 1082 2267 wie
1092 2246 1199 2279 nuper
1214 2235 1295 2266 oben
1307 2245 1368 2266 von
1379 2235 1484 2265 einem

818 2283 1009 2313 Zeitraume
1048 2291 1112 2312 von
1153 2281 1326 2311 mehr-eren
1365 2280 1483 2310 Jahren

820 2332 949 2368 gesagt.

858 2372 921 2404 Est
932 2375 1043 2403 aniene
1053 2384 1062 2402 :
1075 2370 1105 2412 ξ.
1117 2370 1158 2401 64
1168 2370 1228 2402 sed
1240 2369 1323 2402 illud
1334 2369 1485 2401 odiosum

816 2421 868 2449 est
884 2428 915 2448 u.
936 2428 962 2448 s.
982 2426 1024 2447 w.

861 2462 1011 2494 consulto
1026 2464 1058 2493 et
1070 2463 1236 2502 cogitata:
1249 2459 1353 2501 §.136
1368 2459 1484 2492 adhoc

813 2519 925 2549 genus
954 2509 1188 2548 castigationis
1217 2516 1296 2537 raro
1327 2507 1485 2546 furiisque

818 2554 1001 2584 veniemus.
1019 2552 1058 2582 ad
1077 2550 1269 2582 famxll22
1289 2552 1368 2582 hene
1384 2553 1484 2593 potus

819 2608 959 2639 seroque
981 2596 1157 2628 redieram.
1200 2595 1407 2627 Namentlieh
1432 2594 1483 2626 bei

1509 1705 1549 1736 27
