1684 2819
158 138 209 177 70
576 135 967 176 LIBER1.47,114.
1005 136 1158 176 4s‚115.

154 253 303 307 fingere
331 251 428 305 ipsi,
463 250 532 290 sed
555 248 755 290 Herodoto
778 257 937 290 auctore
968 251 1134 304 aliisque
1157 250 1350 305 pluribus
1395 248 1570 289 Primum

151 308 328 363 Argivae
357 306 604 354 sacerdotis,
639 304 798 346 Cleobis
834 313 874 346 et
895 306 1007 357 Bito,
1042 308 1111 348 filii
1142 307 1441 361 praedicantur·
1477 311 1572 344 nota

155 365 285 406 fabula
307 370 381 404 est.
425 361 552 412 Quum
574 361 677 401 enim
707 361 813 402 illam
836 363 882 404 ad
913 364 1077 404 solenne
1109 371 1148 404 et
1169 371 1314 405 statum
1336 361 1572 403 sacrificium

155 435 274 461 curru
294 419 418 459 vehi
408 432 469 458 ius
492 425 600 459 esset
621 418 719 458 satis
741 418 860 472 longe
882 419 929 459 ab
953 421 1091 474 oppido
1114 420 1162 460 ad
1184 421 1341 468 s‚anum
1366 431 1571 459 moraren-

154 485 297 529 turque
318 476 517 524 iumenta,
553 481 647 515 tunc
668 475 833 516 iuvenes
855 475 905 523 ii,
941 489 1039 530 quos
1062 476 1176 516 modo
1198 476 1425 525 nominavi,
1458 482 1571 516 veste

154 534 306 587 posita,
340 545 509 585 corpora
532 531 619 572 oleo
642 539 942 585 perunxerunt,
974 532 1055 573 ad
1044 547 1178 585 lugum
1201 539 1470 573 accesserunt.
1516 531 1574 571 lta

154 588 339 630 sacerdos
362 588 525 628 advecta
555 587 595 628 in
630 588 759 629 fanum
775 621 785 639 ,
821 604 937 642 quum
961 603 1100 630 currus
1124 596 1227 630 esset
1260 590 1398 630 ductus
1420 602 1443 628 a
1464 588 1568 636 filiis,

154 652 314 699 precata
336 658 358 685 a
389 644 460 684 dea
484 645 650 694 dicitur,
686 652 728 686 ut
749 645 828 687 illis
860 646 1025 700 praemii
1057 646 1168 686 daret
1199 659 1269 700 pro
1300 646 1446 700 pietate
1467 645 1571 697 quod

152 703 369 742 maximum
393 702 541 742 homini
563 701 647 742 dari
679 710 815 756 posset
835 717 856 743 a
880 704 978 753 de03
1013 710 1101 756 post
1131 703 1309 756 epulatos
1332 715 1420 741 cum
1443 707 1570 741 matre

153 759 426 799 adolescentes
456 772 596 798 somno
628 771 670 799 se
702 759 880 808 dedisse,
915 772 1029 800 mane
1060 760 1244 800 inventos
1268 771 1355 800 esse
1378 764 1571 798 mortuos.

72 824 135 855 114
154 815 279 855 Simili
309 815 537 868 precatione
559 815 812 869 Trophonius
843 823 882 856 et
903 816 1122 870 Agamedes
1153 817 1216 857 usi
1245 816 1452 856 dicuntur:
1488 813 1570 867 qui,

154 886 272 925 quum
293 871 466 935 Apollini
489 871 651 925 Delphis
681 872 866 926 templum
897 872 1296 921 exaedificavissent,
1330 877 1571 912 venerantes

155 929 270 968 deum
293 927 523 981 petiverunt
541 928 780 978 mercedem,
801 943 879 969 non
896 943 1058 983 parvam
1065 929 1230 992 'quidem
1252 927 1384 982 operis
1407 935 1447 967 et
1466 927 1573 968 labo-

154 984 210 1024 ris
233 984 318 1031 sui,
352 983 451 1023 nihil
481 984 603 1033 certi,
639 985 708 1024 sed
731 985 832 1038 quod
862 992 972 1027 esset
993 985 1182 1039 optimum
1215 984 1378 1025 homini.
1424 983 1571 1048 Quibus

153 1040 296 1094 Apollo
318 1054 360 1080 se
383 1040 418 1079 id
442 1040 474 1079 d
467 1048 623 1080 iturum
647 1042 818 1082 ostendit
847 1049 936 1105 post
957 1042 1040 1082 cius
1064 1042 1140 1083 diei
1164 1042 1265 1083 diem
1288 1041 1473 1082 tertium:
1507 1041 1574 1095 qui

154 1103 197 1136 ut
228 1097 383 1145 illuxit,
418 1098 564 1137 mortui
594 1104 687 1137 sunt
718 1098 882 1152 reperti.
928 1098 1166 1139 Iudicavisse
1198 1099 1312 1139 deum
1343 1099 1500 1147 dicunt,
1535 1106 1574 1138 et

156 1166 244 1193 euin
264 1153 418 1206 quidem
438 1154 566 1201 deum,
586 1153 647 1194 cui
669 1154 810 1207 reliqui
833 1155 885 1195 dii
903 1155 1210 1203 concessissent,
1230 1161 1272 1195 ut
1294 1162 1452 1208 praeter
1467 1161 1571 1195 cete-

69 1210 129 1254 48
151 1223 218 1251 ros
242 1210 451 1252 divinaret.
498 1210 676 1250 Affertur
697 1212 813 1251 etiam
838 1212 884 1251 de
908 1211 1041 1252 Sileno
1075 1211 1218 1252 fabella
1238 1211 1425 1264 quaedam
1441 1241 1451 1260 ‚
1487 1211 1567 1264 qui,

155 1281 270 1319 quum
295 1280 317 1305 a
338 1267 444 1306 Mida
475 1273 613 1320 captus
645 1275 774 1317 esset,
808 1267 880 1308 hoc
914 1268 950 1308 ei
973 1268 1148 1309 muneris
1181 1282 1251 1322 pro
1281 1282 1352 1308 sua
1381 1267 1572 1309 missione

155 1323 310 1363 dedisse
340 1323 548 1363 scribitur:
594 1324 778 1365 docuisse
815 1338 976 1378 regem,
1016 1339 1095 1365 non
1127 1325 1234 1365 nasci
1274 1324 1422 1365 homini
1455 1324 1572 1379 longe

74 1387 135 1419 115
155 1379 343 1433 optimum
366 1392 479 1427 esse,
515 1380 737 1434 proximum
762 1388 890 1422 autem
915 1395 1028 1434 quam
1053 1382 1220 1436 primum
1242 1381 1359 1422 mori.
1407 1380 1489 1432 Qua
1512 1389 1571 1421 est

153 1436 351 1476 sententia
375 1436 415 1476 in
441 1436 686 1490 Cresphonte
710 1452 803 1479 usus
827 1438 1056 1492 Euripides:

196 1529 355 1570 Argivae
381 1529 591 1560 sacerdotis.
647 1528 702 1560 Sic
739 1530 826 1561 hiess

151 1573 311 1616 Cydippe.
343 1573 490 1606 llerodot
508 1574 531 1606 1.
552 1575 608 1606 31.

197 1633 291 1661 veste
304 1633 439 1672 posita,
463 1642 491 1662 s.
514 1631 568 1672 11,
588 1631 631 1662 24
658 1642 699 1662 zu
721 1634 830 1673 posui

152 1675 299 1707 librum.

201 1731 275 1762 111.
309 1731 533 1774 Tr'ophomus
561 1738 620 1765 et
623 1735 663 1775 lg
664 1734 823 1766 amodes.

152 1775 240 1808 Plut.
262 1776 363 1808 Cons.
385 1778 426 1808 ad
445 1778 554 1832 Apoll.
576 1790 606 1821 p.
621 1779 705 1810 109ε
733 1779 827 1822 Περὶ

943 1532 1006 1572 qm·
1024 1548 1065 1552 —
1085 1529 1220 1561 dedisse
1239 1529 1423 1561 ser-ibitur.
1461 1528 1572 1561 Eben-

898 1585 934 1606 so
969 1575 1008 1606 de
1039 1579 1109 1606 nat.
1139 1573 1180 1606 D.
1203 1574 1245 1606 11.
1266 1574 1439 1614 49‚124:
1487 1576 1572 1606 haec

897 1624 973 1652 avis
1005 1621 1183 1652 scribitur·
1216 1621 1355 1652 conchis
1389 1631 1426 1651 se
1457 1621 1573 1652 solere

897 1666 1086 1708 complere.
1127 1665 1235 1706 (Auch
1263 1665 1398 1703 doceri,
1434 1666 1568 1703 audiri,

896 1714 1048 1743 izwem'ri
1063 1723 1097 1743 u.
1111 1712 1151 1743 A.
1170 1711 1278 1743 finden
1298 1711 1366 1743 sich
1388 1711 1440 1743 bei
1453 1711 1571 1744 Cicero

897 1757 1088 1799 persiiulich
1117 1756 1332 1797 construirt.)
1375 1756 1465 1788 Doeh
1493 1767 1572 1789 ver-

899 1803 1013 1834 bindet
1040 1801 1158 1834 Cicero
1187 1802 1271 1834 auch
1304 1803 1479 1834 scribitur·
1513 1803 1572 1834 mit

141 1817 202 1863 >121
206 1816 368 1865 (stantior-3
400 1823 458 1853 καὶ
490 1825 589 1875 Tam(
600 1826 709 1856 on''.101
735 1824 827 1866 ([ησὶ

153 1864 354 1917 Πίνδαρος
376 1863 438 1899 τὸν
450 1877 540 1899 ιἐωι
552 1879 614 1900 τον
625 1867 681 1901 ἐν
692 1870 827 1919 tmpest-

150 1908 402 1964 οἰκοδομήσω
406 1924 486 1950 τας
508 1913 624 1946 αἰτεῖν
642 1911 744 1946 nani(
765 1926 827 1946 τοι

150 1952 379 1993 Λπο11ιηος
394 1955 553 2001 μισαον
575 1956 637 1992 τὸν
656 1956 686 1991 ὸ·
704 1972 725 1991 ι.
732 1957 827 1997 ὐτοῖς

153 2000 252 2054 ἐπαγ
254 2003 449 2055 γει’1..ασ’1αι
502 2004 552 2041 εἰς
610 2004 625 2037 ἑ
635 2009 658 2046 β
670 2002 722 2037 δ’
706 2018 723 2036 o
737 2018 761 2037 ιι
777 2018 794 2047 η
808 2016 826 2038 ν

151 2044 293 2098 ἡμέραν
310 2044 543 2081 ἀποδώσειν·
565 2068 605 2074 ——
626 2063 708 2087 τοις
727 2041 765 2083 δὲ
785 2052 827 2097 τῆ

154 2091 170 2124 ἑ
179 2092 233 2133 βό
242 2089 261 2124 o'
272 2106 295 2125 ιι
309 2104 326 2138 η
353 2103 375 2125 ν
380 2094 459 2126 υκτὶ
485 2106 578 2127 κατι
582 2107 700 2141 zon-w]
695 2097 759 2129 ”1έι
764 2108 828 2133 τας

153 2139 256 2169 τελεν
238 2149 256 2169 υ
260 2139 379 2179 τῆσαι

194 2187 278 2225 post
311 2187 384 2215 ce'ns
417 2185 488 2217 di'ez
528 2187 616 2218 diem
664 2191 822 2220 musteum.

151 2227 257 2259 Dersc·
251 2229 314 2260 ·lbe
334 2229 552 2263 Pleonasmus
579 2233 662 2263 auch
692 2233 732 2264 ad
751 2233 823 2265 Au.

152 2272 210 2304 lll.
242 2275 272 2313 ἶ,
304 2275 334 2305 1.
372 2275 451 2316 (Ein
481 2276 826 2318 Lieblingsausdruck

152 2317 275 2350 Ciisars
295 2320 337 2350 ist
353 2322 531 2361 postridie
549 2325 622 2354 eius
641 2324 739 2365 (liei.)

197 2375 412 2407 iudicavisse
425 2402 434 2416 ‚
483 2388 529 2409 sc.
566 2384 716 2412 mortem
753 2392 826 2412 esse

150 2430 194 2462 op
200 2422 262 2451 tim
269 2431 288 2451 ιι
294 2431 324 2452 m
345 2422 364 2452 h
371 2432 389 2453 o
394 2433 424 2453 m
430 2425 463 2454 ιή
469 2425 492 2454 ί.

197 2473 264 2511 48.
295 2477 457 2518 Silenus,
488 2478 654 2511 Erzieher
680 2482 743 2512 und
766 2482 826 2513 Bc-

152 2522 365 2599 }-lfii'teil-sslcs
394 2523 554 2557 Bacchus.
601 2525 676 2566 vgl.
699 2526 822 2559 llerod.

898 1848 972 1879 «leui
991 1847 1072 1879 Ace.
1093 1858 1123 1879 c.
1146 1847 1209 1879 lus.

948 1893 1023 1924 115.
1059 1895 1094 1924 in
1115 1893 1347 1934 Cresphonte.
1386 1892 1573 1934 Cresphon-

898 1943 958 1977 tes,
973 1937 1081 1978 Hiinig
1092 1948 1156 1969 von
1167 1937 1372 1978 Messenien,
1388 1939 1438 1970 als
1448 1938 1572 1970 Volks-

899 1984 1019 2015 freund
1047 1984 1107 2015 iuit
1133 1984 1250 2015 seinen
1272 1983 1404 2015 Siihncn
1423 1994 1487 2015 von
1507 1984 1571 2016 den

898 2028 1090 2071 Optimateu
1107 2030 1318 2069 ersehlagen,
1340 2029 1404 2069 gab
1419 2029 1491 2060 dem
1504 2029 1572 2061 Eu-

897 2075 1022 2117 ripides
1042 2075 1103 2107 den
1119 2074 1207 2107 Sion*
1221 2086 1262 2106 zu
1281 2074 1375 2106 einer
1387 2073 1569 2116 Tragb'die,

895 2131 958 2152 von
994 2121 1052 2152 der
1079 2130 1140 2151 uns
1175 2130 1239 2152 nur
1263 2120 1494 2152 Bruchstiicke
1519 2130 1572 2151 er-

896 2166 1011 2197 halten
1031 2166 1125 2206 siud,
1146 2176 1182 2197 so
1203 2166 1262 2197 das
1280 2176 1343 2197 von
1358 2164 1476 2198 Cicero
1496 2166 1571 2198 hier

896 2211 1110 2243 iibersetzte:

895 2255 1005 2300 ἐχρῆν
1031 2253 1101 2301 γὰρ
1128 2253 1222 2300 ἡμᾶς
1247 2252 1422 2299 σύλλογον
1440 2268 1568 2288 notov-

1337 2303 1469 2345 μένους

898 2344 960 2379 τὸν
974 2358 996 2390 q
1007 2343 1096 2379 ύντα
1112 2349 1273 2391 θρηνεῖν,
1290 2347 1340 2384 εἰς
1353 2343 1405 2379 ὅσ’
1422 2346 1565 2398 ἔρχεται

1336 2403 1448 2424 κακα·

897 2434 959 2469 τὸν
977 2434 1007 2469 δ’
1030 2431 1075 2469 αὖ
1094 2434 1258 2471 θανόντα
1283 2438 1341 2469 καὶ
1363 2435 1489 2470 πόνων
1508 2448 1571 2471 πε-

1340 2485 1487 2527 αιμέι
1489 2494 1531 2516 ον

890 2530 1092 2572 χαίροντας
1101 2526 1139 2561 εἰ
1142 2529 1288 2574 ([ηιιοῦν
1293 2527 1569 2606 ταῧέκπέμπειν

1361 2585 1464 2619 οαων
