1684 2819
572 148 933 189 LIBERI.11‚25.
970 149 1098 182 1126.
1492 150 1542 189 19

135 257 240 297 niam
263 263 323 297 est
345 271 502 310 corpus,
526 255 703 320 interibit
733 270 821 296 cum
842 256 997 309 reliquo
1021 270 1203 320 corpore.-
1242 256 1282 296 Si
1306 271 1325 296 a
1332 257 1434 296 1111111
1466 264 1540 305 est,

134 314 301 354 fortasse
324 313 596 366 dissipabitur,
629 313 662 352 si
690 312 811 365 ignis,
838 314 1139 366 exstinguetur3
1171 313 1204 352 si
1228 320 1288 352 est
1309 301 1541 354 Aristoxeni

136 369 363 418 harmonia,
398 364 652 409 dissolvetur.
699 369 797 420 Quid
823 371 868 409 de
890 370 1133 410 Dicaearcho
1166 369 1315 419 dicam,
1350 370 1415 422 qui
1446 371 1543 410 nihil

133 426 294 466 omniuo
317 427 486 466 animum
511 426 614 466 dicat
636 427 753 466 esse.
786 426 856 467 His
887 427 1096 468 sententiis
1119 426 1298 466 omnibus
1330 426 1428 467 nihil
1457 435 1542 490 post

133 490 297 523 mortem
320 483 519 536 pertinere
541 484 589 523 ad
611 496 841 546 quemquam
864 490 1013 536 potest3
1050 483 1198 537 pariter
1219 483 1323 524 enim
1353 497 1440 523 cum
1461 484 1544 523 vita

133 553 277 579 sensus
300 539 515 589 amittitur,
541 553 620 579 non
642 540 849 580 sentientis
873 546 1019 588 autem,
1040 540 1136 579 nihil
1158 546 1233 590 est,
1255 540 1405 580 ullam
1394 555 1435 580 111
1458 554 1546 593 par—

136 603 212 635 tem
235 596 336 648 quod
359 596 530 636 intersit.
577 596 830 648 Reliquorum
854 597 1076 635 sententiae
1100 609 1206 649 spem
1230 596 1414 646 afferunt,
1439 598 1470 637 si
1507 604 1542 636 tc.

135 653 206 692 hoc
226 654 324 693 forte
342 652 526 699 delectat,
545 666 660 705 posse
678 652 843 699 animos,
859 666 974 704 quum
991 665 1011 691 e
1027 653 1257 705 corporibus
1276 654 1541 701 excesserint,

135 710 171 747 in
195 709 360 757 caelum,
387 708 495 760 quasi
527 708 829 759 inrdomicilium
852 722 979 756 suum,
1006 708 1232 761 pervenire.
1272 709 1333 749 Α.
1358 709 1422 749 Me
1445 723 1543 749 vero

133 765 314 812 delectat,
349 765 465 817 idque
496 764 664 817 primum
695 765 748 804 ita
772 777 859 804 esse
883 764 1025 813 velim3
1061 765 1215 813 deiude,
1251 765 1367 804 etiam
1399 767 1432 806 si
1464 780 1543 805 non

131 821 196 870 sit,
231 821 325 860 mihi
359 821 589 875 persuaderi
621 828 753 860 tamen
784 820 917 860 velim.
962 821 1026 862 JI.
1065 821 1161 872 Quid
1193 821 1262 861 tibi
1295 835 1390 874 ergo
1425 835 1542 875 opera

131 884 267 918 nostra
285 891 380 931 opus
405 878 492 917 est?
513 892 603 918 num
628 877 853 930 eloquentia
870 877 1075 918 Platonem
1093 891 1284 931 superare
1307 880 1544 930 possumus?

129 933 283 974 Evolve
315 934 525 987 diligenter
547 934 630 974 eius
653 947 740 973 eum
764 934 921 982 librum,
949 935 1013 987 qui
1037 942 1096 974 est
1119 935 1165 974 de
1188 934 1344 974 animo:
1378 934 1544 988 amplius

131 990 232 1042 quod
254 990 471 1039 desideres,
496 991 595 1030 nihil
616 991 706 1030 erit.
750 992 811 1032 A.
836 991 930 1032 Feci
953 991 1194 1039 mehercule,
1220 998 1260 1031 et
1281 991 1435 1043 quidem
1459 1004 1544 1031 sae-

130 1046 239 1099 pius;
274 1047 358 1096 sed,
385 1048 518 1087 nescio
543 1062 618 1101 quo
641 1047 773 1095 modo,
800 1048 888 1088 dum
913 1049 1018 1101 lege,
1044 1048 1258 1097 assentior,
1283 1062 1400 1101 quum
1431 1047 1544 1111 posui

129 1103 270 1143 librum
294 1111 333 1144 et
354 1118 506 1144 mecum
539 1105 621 1158 ipse
644 1105 689 1144 de
711 1105 1007 1144 immortalitate
1040 1105 1259 1145 animorum
1293 1104 1405 1159 coepi
1436 1104 1544 1157 cogi-

129 1167 230 1209 tare,
255 1161 434 1201 assensio
457 1163 582 1201 omnis
604 1161 671 1201 illa
694 1161 877 1202 elabitur.

242 1218 306 1258 M.
333 1216 432 1268 Quid
454 1218 556 1258 hoc?
587 1218 708 1259 dasne
731 1225 799 1258 aut
820 1230 980 1258 manere
998 1217 1149 1258 animos
1167 1224 1252 1271 post
1270 1225 1453 1266 mortem,
1478 1225 1544 1258 aut
1562 1225 1603 1256 25

129 1280 256 1314 morte
277 1273 363 1327 ipsa
384 1274 576 1315 interire?
607 1275 666 1314 A.
693 1275 752 1314 Do
775 1289 889 1314 vero.
931 1274 995 1315 Μ.
1023 1273 1147 1324 Quid?
1178 1275 1211 1315 si
1234 1275 1447 1314 maneant?
1477 1274 1538 1315 A.

129 1330 272 1371 Beatos
296 1343 384 1371 esse
407 1332 596 1371 concedo.
643 1332 705 1372 ,11.
742 1332 810 1371 Sin
833 1331 1061 1371 intereant?
1102 1331 1162 1371 A.
1193 1330 1285 1371 Non
1314 1344 1402 1372 esse
1425 1331 1543 1370 mise-

129 1400 195 1427 ros
211 1417 221 1436 ,
257 1386 443 1439 quoniam
476 1402 524 1428 ne
547 1389 627 1428 sint
649 1388 818 1440 quidem.
863 1388 942 1427 Iam
964 1387 1090 1437 istud,
1127 1388 1250 1428 coacti
1272 1402 1293 1428 a
1315 1394 1376 1437 te,
1412 1387 1541 1441 paullo

129 1450 221 1483 ante
253 1444 536 1485 concessimus.
578 1445 643 1485 JI.
681 1444 764 1495 Quo
797 1444 911 1484 modo
938 1444 1063 1497 igitur
1092 1451 1250 1485 auteur
1271 1450 1438 1484 mortem
1462 1458 1543 1483 ma-

128 1499 205 1539 lum
228 1499 298 1539 tibi
320 1500 448 1541 videri
470 1501 595 1542 dicis?
634 1514 733 1554 quae
756 1509 821 1541 aut
843 1500 980 1541 beatos
1004 1514 1075 1540 nos
1099 1500 1260 1551 efficiet,
1295 1500 1437 1541 animis
1460 1514 1542 1539 ma-

131 1556 330 1606 nentibus,
357 1564 423 1597 aut
444 1571 524 1597 non
545 1558 730 1605 miseros,
756 1571 877 1598 sensu
899 1564 1096 1597 carentes.

241 1610 302 1651 A.
338 1613 502 1666 Expone
523 1614 660 1666 igitur,
692 1614 768 1653 nisi
789 1614 1000 1653 mole-stum
1023 1620 1098 1659 est,
1136 1612 1320 1666 primum,
1351 1612 1385 1652 si
1407 1619 1532 1666 potes,
1551 1612 1608 1657 12

130 1669 282 1708 animos
306 1682 511 1710 remanere
535 1676 621 1723 post
642 1676 834 1721 mortem3
859 1676 956 1718 tum,
983 1670 1016 1709 si
1039 1669 1168 1709 minus
1190 1669 1228 1709 id
1249 1668 1444 1709 obtinebis
1462 1672 1543 1720 (est
1560 1677 1604 1708 26

862 1769 992 1809 faeere
1012 1768 1066 1799 fiir
1085 1768 1142 1799 das
1159 1778 1461 1810 vorangegaugene
1474 1779 1546 1811 pro

872 1814 984 1845 nihilo
1001 1816 1189 1855 pecuniam
1205 1813 1343 1846 ducere.

176 1768 232 1800 2-1.
256 1768 436 1808 sortasse.
471 1768 541 1800 Cic.
569 1770 671 1800 meint
698 1769 800 1808 nicht,

129 1813 207 1845 dass
226 1814 286 1844 der
303 1812 419 1853 Geist‚
446 1824 543 1845 wenn
569 1825 607 1845 er
628 1813 711 1845 Lust
738 1815 799 1851 sei,

128 1858 201 1890 sich
218 1859 392 1890 vielleicht
411 1859 498 1891 eiust
508 1865 683 1891 zei-streue
698 1873 704 1891 ;
727 1870 802 1891 son-

130 1904 232 1944 dern,
262 1905 340 1936 dass
366 1915 403 1936 er
428 1905 499 1936 sich
520 1905 608 1936 einst
625 1905 801 1936 vielleicht

128 1949 211 1981 auch
231 1956 418 1991 zerstreue,
434 1950 577 1982 niimlich
590 1950 800 1991 (sicherlich)

127 1995 160 2026 in
181 1995 253 2027 dem
273 1995 380 2035 Faue,
399 2006 496 2027 wenn
516 2006 553 2027 er
569 1995 651 2027 Lust
670 1996 731 2027 sei.

173 2043 282 2082 quasi
298 2044 331 2072 in
351 2041 570 2073 domicilium
584 2052 701 2073 suum.
721 2040 797 2082 Ygl.

128 2087 168 2118 de
187 2096 258 2118 sen.
279 2086 335 2127 23,
353 2086 415 2118 ⁹54:
437 2098 481 2118 ex
498 2089 576 2119 vita
595 2090 646 2118 ι’[α
660 2086 799 2118 discedo

127 2136 312 2174 &amquam
334 2143 379 2164 ea:
399 2133 554 2174 hospilio
568 2158 575 2170 ‚
605 2143 672 2164 non
704 2136 801 2164 tam-

128 2188 233 2219 quam
254 2188 270 2208 e
289 2178 392 2209 domo
408 2190 418 2208 :
448 2178 694 2210 commorandi
710 2180 797 2209 enim

127 2226 261 2254 nai-ura
297 2223 535 2255 deversorium
572 2225 694 2263 nobis,
730 2234 798 2254 non

128 2269 320 2300 habitandi
336 2269 449 2300 locum
470 2269 581 2301 dedit.

173 2317 236 2355 qui
253 2317 308 2345 est
325 2314 366 2346 de
392 2317 524 2346 animo.
552 2314 620 2346 Das
639 2314 798 2346 deutsche

127 2359 310 2398 „handeln
325 2360 362 2397 “,
397 2360 450 2391 hei
484 2361 544 2392 der
567 2360 706 2401 Angabe
740 2360 798 2392 des

127 2403 254 2436 Inhalts
286 2405 382 2437 einer
413 2404 560 2446 schrift,
595 2405 682 2437 wird
714 2410 798 2437 stets

128 2449 230 2481 durch
241 2461 313 2481 esse
323 2451 548 2492 ausgedr'tickt
560 2463 569 2492 ς
587 2451 656 2492 vgl.
669 2450 726 2483 IV.
741 2451 796 2487 34,

128 2495 182 2526 72.
216 2494 332 2528 Cicero
358 2497 463 2528 meint
488 2497 561 2528 hier
586 2497 648 2528 den
676 2496 799 2537 Dialog

131 2539 295 2574 Φαίδων.

172 2586 277 2628 Feci,
305 2586 360 2618 fiir
379 2588 506 2629 evolvi,
533 2589 597 2620 wie
615 2586 656 2619 V.
679 2587 734 2627 32,
755 2586 798 2618 90

917 1862 1033 1890 neseio
1053 1870 1120 1901 qun
1141 1859 1244 1891 modo
1273 1859 1366 1897 hier,
1394 1860 1459 1891 wie
1489 1860 1542 1899 15,

871 1904 912 1936 33
940 1916 974 1936 u.
1004 1905 1058 1939 31,
1082 1905 1135 1944 77,
1164 1914 1248 1946 ganz
1275 1904 1431 1937 einfach:
1461 1906 1543 1946 „ich

869 1951 971 1982 weiss
990 1951 1095 1989 nicht,
1114 1951 1179 1982 wie
1199 1960 1234 1982 es
1252 1950 1420 1982 kommt“.

913 1998 1020 2038 posui
1043 1996 1187 2028 librum.
1227 1996 1318 2027 Auch
1346 2007 1388 2027 zu
1415 2000 1541 2028 vestem

871 2046 958 2073 setzt
975 2051 1050 2073 man
1071 2041 1162 2073 nicht
1181 2041 1368 2083 deponere,
1399 2042 1543 2073 sondern

869 2087 928 2119 das
955 2085 1122 2129 Simplex,
1153 2097 1184 2118 z.
1205 2087 1242 2118 Β.
1264 2087 1330 2127 47,
1361 2087 1425 2118 113
1444 2098 1477 2119 u.
1500 2086 1541 2118 V.

868 2132 924 2172 20,
946 2133 1009 2164 60:
1039 2132 1161 2164 ebenso
1188 2132 1364 2164 bisweilen
1384 2132 1542 2164 dolorem

869 2177 943 2219 (ΙΙΙ.
964 2178 1021 2217 23,
1043 2178 1113 2218 66),
1135 2180 1236 2218 vitia,
1256 2188 1358 2209 arma
1374 2188 1516 2219 ponere.

913 2223 969 2254 25.
1003 2223 1094 2264 Quid
1110 2224 1200 2255 hoe?
1227 2222 1340 2263 „lVas
1358 2224 1480 2255 meinst
1500 2223 1543 2254 du

868 2268 1030 2300 dazu?“
1071 2269 1173 2300 weist
1206 2267 1269 2300 auf
1298 2269 1351 2300 die
1386 2268 1541 2309 folgende

867 2313 977 2355 Frage
997 2315 1066 2355 hin,
1096 2315 1158 2345 wie
1181 2314 1234 2353 14,
1255 2314 1297 2346 32
1320 2314 1412 2356 Quid
1429 2314 1544 2346 illud?

916 2360 1038 2391 dasne.
1080 2359 1156 2401 Vgt.
1186 2359 1229 2392 11.
1261 2360 1322 2401 12,
1349 2360 1414 2391 25:
1452 2362 1544 2391 satis

870 2406 961 2436 mihi
981 2405 1125 2437 dedisti.

914 2447 976 2486 12.
999 2451 1053 2483 26.
1082 2451 1280 2483 obtinebis.-
1309 2450 1382 2482 eiue
1402 2449 1545 2481 Ausicht

869 2496 1106 2534 durchsetzen‚
1127 2497 1196 2528 also
1216 2495 1398 2528 beweisen.
1437 2493 1480 2526 So
1499 2493 1540 2525 V.

869 2541 925 2582 30,
947 2541 1009 2573 85:
1036 2543 1083 2574 Hi
1108 2542 1195 2583 quid
1206 2541 1350 2583 possint
1368 2541 1542 2580 obtinere,

869 2587 1066 2619 videamus.

1242 2644 1289 2681 2.
