1684 2819
638 155 715 187 LlB.
734 155 771 187 ΙΙ.
810 156 901 188 CAP.
921 156 951 187 7.
971 156 1001 187 S.
1444 157 1517 195 121

119 256 340 295 amisimus:
363 255 528 294 desitum
552 262 611 295 est
632 257 734 296 enim
756 257 875 296 videri
897 258 1101 308 quicquam
1123 258 1162 296 in
1184 258 1313 296 socios
1335 258 1522 309 iniquum,

118 325 205 351 cum
242 311 430 350 extitisset
457 312 495 350 in
526 313 625 351 cives
654 318 756 352 tanta
786 314 1000 352 crudelitas.
1040 314 1142 364 Ergo
1170 313 1209 352 in
1229 313 1292 352 illo
1315 319 1444 353 secuta
1464 320 1523 353 est

116 369 323 407 honestam
347 380 501 407 causam
524 381 604 407 non
632 370 796 408 honesta
824 370 991 409 victoria.
1033 370 1102 408 Est
1122 369 1224 408 enim
1253 383 1369 409 ausus
1397 369 1523 409 dicere

115 424 225 462 hasta
259 424 404 475 posita,
444 437 530 463 cum
561 425 663 464 hona
691 426 731 464 in
768 427 852 465 soro
875 427 1054 465 venderet
1075 431 1112 464 et
1131 426 1326 465 honorum
1348 426 1521 465 virorum

116 485 154 518 et
173 480 423 531 locupletium
446 487 484 518 et
507 486 607 520 certe
635 481 784 529 civium,
807 483 1002 533 ‚praedam
1026 495 1066 520 se
1089 495 1197 521 suam
1219 483 1408 521 vendere.‘
1452 482 1522 521 Se-
1546 496 1552 500 ·

117 542 229 574 cutus
252 544 310 574 est
331 536 394 587 qui
416 537 454 575 in
480 550 592 576 causa
610 538 748 589 impia,
779 538 936 577 victoria
957 538 1069 577 etiam
1092 539 1263 577 foediore
1283 551 1365 577 non
1387 539 1521 590 singu-

113 592 241 631 lorum
265 592 403 631 civium
426 593 526 632 bona
543 593 764 644 publicaret,
788 594 854 633 sed
872 595 1068 633 universas
1086 595 1303 644 provincias
1321 595 1521 645 regiones-

115 660 188 698 que
209 660 288 687 uno
312 649 533 688 calamitatis
556 650 637 688 iure
661 650 1016 701 comprehenderet.
1054 651 1183 701 Itaque
1204 651 1345 690 vexatis
1367 663 1411 689 ac
1431 664 1521 702 per-

114 704 202 743 ditis
232 705 370 743 exteris
398 705 620 743 nationibus
649 706 694 744 ad
723 708 942 757 exemplum
970 707 1102 745 amissi
1129 707 1280 757 imperii
1308 707 1454 758 portari
1482 707 1521 745 in

113 761 311 811 triumpho
332 761 537 799 Massiliam
560 761 725 800 vidimus
748 768 784 800 et
812 775 857 800 ex
878 776 920 801 ea
943 763 1035 801 urbe
1055 763 1306 813 triumphari,
1335 763 1418 801 sine
1447 775 1521 814 qua

111 827 326 867 numquam
354 817 478 854 nostri
512 817 766 867 imperatores
796 831 840 856 ex
870 819 1135 868 Transalpinis
1164 819 1272 857 bellis
1302 819 1521 870 triumpha—

111 878 212 910 runt.
254 872 369 910 Multa
390 877 585 923 praeterea
613 885 961 913 commemorarem
988 874 1133 913 nefaria
1160 875 1198 912 in
1219 875 1366 921 socios,
1394 875 1425 913 si
1446 876 1522 912 hoc

1550 657 1592 689 28

109 939 188 966 uno
212 928 414 978 quicquam
440 928 497 966 sol
519 928 677 967 vidisset
698 930 906 980 indignius.
943 930 1029 969 Iure
1050 930 1165 980 igitur
1182 930 1398 981 plectimur.
1436 930 1521 969 Nisi
1557 944 1563 949 ·

110 984 212 1022 enim
234 984 445 1022 multorum
467 984 656 1035 impunita
680 986 822 1024 scelera
845 987 1083 1033 tulissemus,
1106 999 1319 1037 numquam
1338 987 1384 1025 ad
1400 999 1521 1025 unum

110 1045 213 1078 tanta
236 1040 474 1091 pervenisset
494 1041 664 1079 licentia:
687 1055 707 1079 a
729 1055 805 1092 quo
830 1043 983 1094 quidem
1006 1043 1060 1081 rei
1083 1043 1279 1081 familiaris
1298 1043 1342 1081 ad
1362 1055 1519 1093 paucos,

154 1131 188 1160 in
210 1129 264 1161 illo
288 1133 404 1162 secuta
421 1134 474 1162 est
500 1132 675 1163 honestam
700 1141 777 1162 cau-

107 1185 182 1205 sam
199 1178 278 1206 cet:
296 1175 375 1207 Sall.
395 1176 465 1207 Cat.
489 1176 523 1206 11
542 1179 722 1218 postquam
738 1175 776 1207 L.

107 1217 202 1251 Sulla
217 1221 324 1251 armis
341 1223 477 1263 recepta
493 1221 663 1263 republica
686 1221 778 1252 bonis

106 1265 214 1295 initiis
229 1265 334 1296 malos
354 1268 490 1297 eventus
508 1266 635 1296 hahuit.

151 1324 252 1355 hasta
267 1325 397 1367 posita:
427 1325 486 1355 der
505 1325 609 1366 Speer
626 1335 696 1356 war
720 1336 776 1356 ur—

107 1369 296 1410 spriinglich
316 1370 373 1400 das
391 1369 527 1412 Symbol
546 1369 599 1400 fiir
616 1371 677 1401 den
691 1370 777 1401 Ver—

106 1413 190 1444 kauf
202 1414 261 1445 der
278 1412 511 1454 Hriegsbeute,
531 1415 614 1445 dann
632 1414 776 1454 fiirjede

107 1458 294 1489 offentliche
336 1459 619 1500 Versteigerung‚
675 1460 778 1490 daher

106 1504 196 1534 steht
212 1504 311 1534 hasta
328 1505 493 1544 geradezu
517 1504 570 1535 fiir
590 1506 702 1536 (tactio
721 1506 776 1536 bo—

105 1558 229 1579 norum
244 1549 324 1579 oder
337 1560 353 1580 s
364 1560 403 1579 ec
413 1551 486 1589 tio,
504 1559 571 1580 was
581 1549 775 1589 dei-cigent—

106 1593 190 1624 liche
208 1593 383 1624 Ausdruck
401 1593 456 1625 fiir
472 1594 533 1624 den
551 1593 704 1625 Verkauf
718 1594 774 1624 des

104 1637 309 1678 Verino'gens
324 1639 562 1680 proscribirter
575 1639 774 1670 odem-echt-

107 1682 168 1713 lich
186 1683 426 1715 vei-urtheiltcr
442 1684 611 1715 Personen
629 1684 683 1715 ist.

148 1745 179 1774 in
194 1753 296 1775 caasa
312 1746 356 1775 im
359 1746 416 1787 pia
429 1747 488 1775 cet.
507 1744 600 1775 Sulla
608 1745 698 1775 hatte
706 1754 775 1775 we·

104 1787 252 1827 nigstens
292 1789 342 1819 die
379 1789 675 1831 Optimatenpartei
713 1799 774 1820 zur

103 1832 296 1864 Herrschaft
328 1834 500 1875 gebracht,
540 1833 662 1865 Caesar
694 1834 774 1864 aber

102 1878 168 1908 sich
195 1879 308 1909 immer
336 1879 395 1909 auf
419 1880 476 1910 das
496 1878 582 1909 Volk
610 1878 772 1919 gestiitzt.

102 1922 162 1953 Die
176 1923 381 1960 Ausdriicke,
399 1924 526 1955 welche
542 1923 607 1954 Cic.
622 1923 705 1954 iiber
717 1924 770 1954 ibn

102 1967 331 2009 b1*aucht,sind
345 1969 446 1999 daher
459 1979 517 1999 aus
526 1969 585 1999 der
599 1969 769 2008 gereizten

102 2012 284 2053 Stimmung
308 2014 365 2045 des
389 2013 578 2055 persiinlich
603 2013 769 2053 gekr'ank-

100 2061 156 2088 ten
176 2057 361 2100 Optiinaten
383 2069 423 2089 zu
442 2058 616 2096 erklareng
636 2057 767 2099 s.§.23.

147 2129 213 2150 non
243 2118 455 2160 singulorum
480 2119 598 2149 civium
625 2119 710 2150 bona
726 2137 766 2141 —

100 2163 162 2195 sed
178 2165 352 2195 universas
366 2164 575 2206 provincias:
600 2173 671 2194 man
696 2163 773 2194 darf

101 2208 190 2240 nicht
219 2218 320 2248 sagen
348 2219 413 2239 71072
439 2226 481 2229 -—
505 2207 566 2239 sed
594 2209 687 2239 stobe
716 2207 770 2238 fiii·

101 2263 166 2284 71012
185 2253 284 2284 modo
301 2271 346 2275 -—
364 2252 425 2284 sed
442 2254 554 2284 etiam.
588 2252 672 2284 Dass
688 2252 769 2283 Cae-

100 2308 155 2329 sar
179 2299 258 2330 auch
280 2308 342 2329 von
368 2297 479 2329 seinen
506 2297 661 2337 Gegnern
682 2297 767 2328 viele

99 2344 198 2375 durch
234 2343 439 2382 Einziehung
473 2342 529 2374 des
562 2342 767 2382 Vcrmh'gens

98 2388 278 2428 besti-aste,
307 2387 571 2428 vernachl'assigt
594 2387 658 2419 Cic.
683 2398 766 2428 ganz

99 2433 180 2464 iiber
197 2434 254 2464 das
278 2434 428 2472 Auden-e,
463 2433 514 2464 die
546 2431 765 2464 Confiscation

98 2489 163 2510 von
192 2478 388 2511 Provinzen.
437 2479 559 2509 Caesar
590 2477 766 2509 vertheilte

99 2524 236 2555 ii'amlich
269 2524 320 2555 die
357 2523 604 2565 campanischen
636 2522 759 2554 L'ande-

100 2568 190 2600 rcien
205 2574 302 2600 unter
316 2569 405 2601 scine
425 2568 581 2601 Soldaten
600 2568 663 2600 und
689 2578 766 2600 ver-

852 1132 913 1172 gab
938 1133 989 1163 die
1013 1131 1215 1171 Provinzen‚
1246 1133 1346 1163 deren
1365 1132 1522 1163 Verthei-

852 1178 931 1217 lung
949 1177 1061 1207 bisher
1086 1177 1182 1207 tbeils
1201 1177 1259 1208 der
1276 1177 1393 1214 Senat‚
1421 1177 1522 1208 'theils

852 1223 909 1253 das
929 1221 1015 1253 Volk
1033 1221 1153 1261 gehabt
1170 1222 1277 1260 hatte,
1296 1222 1375 1252 nach
1395 1222 1523 1261 eignem

852 1266 1017 1298 Belieben.
1066 1266 1263 1307 Mommsen,
1298 1268 1375 1297 ro'm.
1404 1265 1522 1297 Gesch.

852 1311 892 1343 ΙΙΙ
911 1323 939 1353 p.
960 1311 1036 1342 455.

898 1356 1101 1388 calamitatis
1118 1358 1208 1397 inre,
1235 1356 1263 1387 d.
1283 1356 1303 1386 i.
1329 1360 1428 1394 statu,
1447 1367 1524 1387 con-

853 1402 992 1432 dicione.
1012 1401 1055 1432 So
1067 1401 1156 1432 steht
1168 1403 1222 1432 ius
1237 1400 1346 1440 h'aufig
1360 1400 1521 1432 beiGaius

853 1447 916 1477 und
935 1446 1079 1477 anderen
1098 1446 1256 1485 Juristen,
1276 1445 1356 1476 aber
1370 1446 1451 1476 auch
1470 1445 1521 1477 bei

850 1491 916 1522 Cic.
936 1491 1025 1522 nicht
1046 1491 1162 1522 selten.

895 1536 947 1567 28.
971 1535 1017 1567 aa’
1032 1536 1236 1578 ea‘emplzmz,
1254 1536 1303 1566 als
1315 1535 1430 1576 Probe,
1447 1546 1520 1567 zum

850 1581 1007 1612 Beweise.

893 1625 1048 1658 Massilia
1076 1626 1166 1656 hatte
1195 1626 1284 1656 nicht
1312 1635 1374 1656 nur
1397 1625 1521 1656 Caesar

848 1671 1085 1711 hartn'a'ckigen
1110 1670 1327 1702 NViderstand
1350 1670 1518 1711 geleistet‚

848 1716 989 1746 sondern
1014 1716 1094 1747 auch
1120 1716 1201 1746 nach
1225 1716 1331 1746 einem
1355 1716 1414 1746 mit
1433 1714 1517 1746 Tre-

847 1760 963 1792 bonius
1011 1760 1311 1800 abgeschlossenen
1352 1760 1518 1800 verti-age

846 1806 974 1836 treulos
992 1806 1043 1836 die
1058 1805 1215 1836 Soldaten
1231 1805 1404 1836 desselben
1420 1805 1518 1836 iiber-

846 1850 957 1881 fallen.
1007 1850 1131 1882 Caesar
1156 1849 1317 1881 bestrafte
1341 1850 1393 1881 die
1423 1849 1519 1881 Stadt

845 1895 945 1926 durch
966 1894 1306 1935 Gebietsentziehung
1324 1895 1388 1926 und
1406 1894 1516 1926 fiihrte

845 1940 896 1970 ihr
919 1940 988 1971 Bild
1017 1941 1048 1971 in
1080 1940 1201 1971 seinem
1231 1939 1413 1980 gallischen
1438 1939 1516 1971 Tri-

844 1986 960 2027 umphe
989 1985 1047 2016 mit
1076 1984 1140 2016 auf.
1192 1984 1391 2025 Mommsen,
1415 1984 1457 2016 ΙΙΙ
1486 1996 1515 2027 p.

848 2030 920 2061 150.
931 2029 996 2062 Cic.
1005 2029 1208 2072 Phil.VHI,‹÷‚
1216 2030 1228 2060 1
1236 2029 1254 2060 S
1264 2029 1315 2062 Ne
1322 2030 1515 2073 triumphus

842 2075 974 2116 quidem
982 2076 1192 2117 finemsecit
1208 2075 1301 2106 belli?
1330 2085 1392 2118 per
1414 2085 1514 2116 quam

842 2121 912 2152 lala
929 2123 982 2151 est
995 2121 1076 2151 urbs
1093 2130 1143 2160 ea,
1161 2121 1233 2150 siue
1250 2130 1315 2161 qua
1330 2130 1514 2161 numquam

842 2176 887 2196 em
921 2164 1151 2206 Transalpinis
1178 2166 1339 2206 gentibus
1365 2166 1513 2196 maiores

840 2210 954 2241 nostri
971 2211 1074 2240 trium
1074 2209 1207 2251 pharan
1213 2211 1226 2239 t

888 2266 932 2285 ea·
949 2253 1039 2285 bellis
1059 2253 1283 2297 ἰνίαηιρὴανε,
1303 2254 1332 2285 d.
1352 2255 1370 2285 i.
1390 2254 1421 2284 in
1433 2254 1510 2285 Fol-

842 2310 881 2339 ge
900 2299 960 2330 der
977 2298 1115 2338 lii-iege,
1146 2299 1203 2330 das
1224 2299 1450 2338 gewohnliche
1468 2299 1512 2330 Ist

842 2356 886 2376 ea·
903 2344 1054 2375 hostibus
1070 2347 1110 2375 tr.

886 2390 937 2422 νεῖ
959 2388 1148 2430 familiaris
1177 2389 1222 2420 ad
1241 2399 1384 2432 paucos.-
1417 2388 1508 2420 Suet.

842 2434 935 2466 Caes.
951 2433 992 2465 83
1012 2436 1081 2465 tres
1095 2435 1245 2466 instituit
1261 2434 1399 2466 heredes
1413 2443 1510 2465 soro-

840 2490 918 2512 rum
938 2482 1091 2523 nepotes,
1125 2479 1156 2510 C.
1186 2479 1356 2511 Octavium
1387 2490 1431 2510 ea·
1453 2478 1512 2510 do-

840 2524 962 2556 drante
979 2527 1011 2556 et
1025 2524 1063 2556 L.
1079 2525 1255 2556 Pinariam
1272 2528 1305 2556 et
1317 2524 1353 2563 Q.
1369 2523 1512 2555 Pedium

840 2581 885 2602 ear
902 2569 1088 2612 quadrante
1105 2569 1240 2611 reliquo.
