1684 2819
131 280 172 312 83

133 731 174 763 84

196 158 275 197 210
521 155 757 189 LlBERlV:
787 157 996 197 38‚83.84.
1054 155 1275 188 LlssEssv.

196 272 374 320 afflictos,
401 282 674 316 aerumnosos,
700 269 965 310 calamitosos.
1013 271 1147 323 Itaque
1169 284 1248 310 non
1270 269 1434 309 fortuito
1458 269 1601 309 factum

198 329 369 375 videtur,
400 328 467 367 sed
490 341 510 365 a
535 333 571 365 te
593 325 746 364 ratione
768 326 1034 378 propositum,
1064 334 1107 367 ut
1127 328 1336 380 separatim
1362 327 1407 366 de
1430 326 1603 378 aegritu-

201 385 290 425 dine
321 391 360 423 et
390 383 435 422 de
468 381 612 421 ceteris
646 381 1007 434 perturbationibus
1037 383 1350 436 disputaremus3
1395 384 1432 423 in
1465 395 1510 422 ea
1542 390 1603 423 est

200 442 301 480 enim
324 441 410 479 sons
433 438 680 478 miseriarum
704 444 743 477 et
764 445 891 491 eaput.

312 496 385 535 Sed
409 502 448 534 et
469 494 729 548 aegritudinis
753 500 792 533 et
809 493 1049 547 reliquorum
1068 495 1187 534 animi
1206 496 1428 535 morborum
1449 510 1523 535 una
1541 509 1604 535 sa-

199 553 306 593 natio
330 559 405 601 est,
431 564 566 590 omnes
589 551 804 604 opinabiles
827 563 915 591 esse
939 558 978 591 et
999 551 1246 592 voluntarios
1262 584 1271 601 ‚
1305 566 1350 592 ea
1372 565 1492 604 reque
1516 565 1603 591 sus-

199 610 300 663 cipi,
335 609 434 661 quod
465 608 517 647 ita
549 614 699 647 rectum
730 621 818 647 esse
854 607 1051 647 videatur.
1107 607 1217 648 Hune
1252 620 1453 657 errorem,
1493 608 1603 661 quasi

198 667 369 706 radicem
391 664 583 704 malorum
603 665 791 713 omnium,
813 665 990 717 stirpitus
1010 664 1256 718 philosophia
1275 678 1317 704 se
1335 672 1603 704 extracturam

198 723 418 777 pollicetur.
454 721 600 761 Demus
632 721 753 774 igitur
775 734 846 760 nos
868 721 958 761 huic
980 721 1219 761 excolendos
1243 720 1510 773 patiamurque
1532 734 1605 761 nos

200 779 345 820 sanari.
382 778 451 817 His
473 778 575 817 enim
600 777 711 818 malis
742 777 1003 818 insidentibus
1019 808 1029 826 ,
1063 791 1142 817 non
1165 778 1278 817 modo
1301 777 1430 827 beati,
1467 777 1534 817 sed
1557 790 1606 816 ne

200 837 281 877 sani
321 835 476 888 quidem
515 847 603 874 esse
639 848 861 887 possumus.
914 834 994 873 Aut
1029 834 1150 889 igitur
1181 847 1370 888 negemus
1401 834 1605 886 quiequam

200 893 353 933 ratione
377 891 530 939 confici,
557 905 669 943 quum
694 898 828 930 eontra
851 890 948 930 nihil
969 891 1055 931 sine
1082 891 1234 931 ratione
1263 897 1371 930 reete
1402 891 1485 930 lieri
1518 904 1607 943 pos-

200 950 274 997 sit,
308 955 390 997 aut,
416 961 532 999 quum
556 946 800 1001 philosophia
823 961 875 987 ex
898 947 1095 987 rationum
1117 947 1326 987 collatione
1349 954 1526 996 constet,
1558 946 1606 985 ab

201 1019 262 1054 ea,
289 1005 320 1044 si
344 1011 382 1043 et
402 1004 494 1043 boni
517 1010 554 1043 et
575 1003 677 1043 beati
701 1004 883 1044 volumus
906 1017 1009 1052 esse,
1024 1004 1165 1044 *omnia
1187 1004 1408 1044 adiumenta
1431 1010 1470 1043 et
1491 1003 1608 1043 auxi-

200 1062 251 1101 lia
273 1068 452 1114 petamus
475 1060 573 1099 bene
595 1060 787 1113 beateque
809 1061 985 1101 vivendi.

243 1155 296 1187 83.
320 1158 439 1196 eaput,
453 1164 486 1184 v.
500 1152 713 1193 Gew'zissern,
734 1154 778 1185 ist
792 1163 869 1196 syn-

196 1211 292 1243 onym
320 1201 500 1241 mitsons.
529 1198 571 1229 So
599 1199 683 1230 auch
711 1198 743 1229 in
770 1199 867 1229 iiber-

196 1252 279 1287 trag.
305 1245 510 1285 Bedeutung,
532 1255 562 1275 z.
585 1244 621 1275 Β.
641 1244 681 1275 de
700 1244 754 1275 fin.
773 1243 812 1275 V.
833 1244 866 1284 6,

202 1293 250 1323 17:
274 1293 383 1322 totins
395 1291 706 1331 qtmeslc'mzissons
720 1300 754 1321 u.
769 1289 868 1320 nach-

196 1338 255 1369 her
281 1337 312 1367 in
340 1336 452 1376 bezug
482 1335 607 1366 darauf
637 1336 680 1367 ab
703 1346 742 1367 eo
765 1337 870 1376 quasi

197 1384 323 1424 eapite,
342 1381 405 1412 und
425 1381 463 1411 de
483 1386 568 1412 orat.
590 1380 614 1411 l.
636 1381 688 1420 10,
704 1381 745 1412 42
765 1380 869 1411 heisst

198 1428 356 1459 Socrates
380 1427 471 1467 sons
506 1430 541 1457 et
576 1429 685 1468 caput
711 1426 868 1468 philoso-

191 1474 361 1515 phorum.

244 1529 313 1549 ιιιια
331 1519 473 1548 'sanatio
499 1521 561 1557 est,
590 1516 734 1557 ergiinze
760 1527 868 1559 quum

198 1565 362 1595 (locemus
380 1563 461 1594 oder
477 1562 619 1600 docerem
641 1572 667 1593 5.
684 1561 740 1594 111.
757 1562 812 1602 31,
828 1564 868 1593 76

199 1621 238 1641 zu
259 1610 416 1650 offic-ium
435 1608 653 1640 consolantis
668 1611 811 1649 putent.

985 1165 1022 1185 ea
1036 1164 1154 1196 reque.
1171 1153 1231 1184 Die
1245 1152 1453 1193 Anhiingung
1465 1162 1526 1182 von
1543 1162 1611 1192 que

939 1210 979 1230 an
1000 1210 1036 1230 re
1055 1199 1099 1231 ist
1117 1199 1263 1230 dadureh
1284 1209 1324 1230 zu
1343 1197 1512 1236 erkffiren,
1530 1196 1608 1227 dass

939 1255 977 1275 ea
1004 1255 1052 1284 re,
1082 1245 1144 1276 wie
1170 1255 1293 1285 quare,
1321 1243 1502 1284 gleichsam
1537 1242 1607 1273 ein

939 1289 1038 1321 Wort
1056 1291 1110 1322 ist.
1139 1290 1237 1321 Sonst
1255 1290 1357 1321 findet
1374 1289 1442 1320 sich
1463 1288 1514 1318 die
1527 1286 1609 1318 Ver-

939 1336 1086 1375 bindung
1105 1346 1165 1366 von
1186 1346 1250 1377 que
1276 1335 1338 1366 mit
1364 1335 1436 1365 (lein
1466 1333 1607 1364 zweiten

938 1380 1057 1413 &Vorte
1069 1382 1118 1412 bei
1132 1382 1250 1412 Cicero
1262 1381 1347 1411 wohl
1361 1390 1421 1410 nur
1434 1378 1516 1409 nach
1528 1377 1610 1409 Prii-

939 1428 1126 1469 positionen
1143 1426 1221 1466 (aus
1237 1425 1429 1457 demselben
1442 1422 1607 1462 Grunde),

941 1483 990 1503 wo
1008 1473 1057 1503 sie
1076 1473 1135 1503 das
1155 1471 1392 1503 Gew'dhnliche
1413 1471 1467 1501 ist.

986 1518 1041 1549 84.
1060 1528 1104 1548 ex
1117 1520 1301 1549 rationum
1319 1516 1508 1547 collatione
1521 1524 1609 1554 „aus

940 1562 1290 1602 Zusammenstellung
1326 1571 1390 1592 von
1425 1559 1610 1592 Vernunft-

941 1609 1102 1640 siitzen“.

571 1811 815 1871 LIBER
859 1810 1242 1886 QUINTUS.

203 1940 552 1991 VIRTUTEM
589 1941 679 1991 AD
716 1940 937 1990 BEATE
966 1940 1319 1992 VIVENDUM
1351 1941 1428 1993 SE
1457 1940 1609 1993 IPSA

588 2027 754 2080 ESSE
787 2026 1224 2080 CONTENTAM.

618 2224 878 2256 Uebersicht
912 2225 986 2256 des
1014 2225 1202 2257 lnhalts.

316 2306 386 2346 Die
410 2305 714 2358 Einleitung
745 2308 836 2359 geht
866 2320 943 2345 von
974 2306 1044 2345 der
1077 2306 1368 2346 mensehliehen
1390 2305 1607 2345 Schwache

201 2377 294 2410 aus,
330 2363 390 2402 die
424 2376 495 2402 uns
528 2362 578 2401 im
604 2362 780 2415 Ungliiek
812 2377 861 2401 an
893 2363 962 2401 der
983 2362 1196 2402 lVahrheit
1226 2363 1292 2402 des
1316 2362 1454 2401 Satzes
1479 2361 1606 2410 „dass

199 2420 261 2459 die
291 2419 452 2472 Tugend
488 2433 562 2458 zur
592 2418 907 2471 Gliickseligkeit
943 2419 1024 2458 sich
1062 2418 1184 2459 selbst
1214 2421 1402 2473 geniige“
1442 2418 1498 2457 oft
1527 2418 1606 2459 irre

199 2477 362 2516 werden
386 2475 512 2521 lasse,
549 2476 622 2514 und
649 2476 769 2527 preist
791 2475 852 2515 (lie
875 2475 1125 2528 philosophie
1148 2476 1205 2515 als
1230 2475 1403 2515 Hell'erin
1438 2475 1537 2514 auch
1567 2474 1606 2514 in

201 2533 330 2573 dieser
353 2531 600 2583 Beziehung,
635 2532 760 2571 wobei
795 2532 863 2571 der
885 2531 994 2571 Verl'.
1021 2531 1201 2584 zugleich
1236 2532 1365 2584 einige
1388 2529 1522 2570 Blieke
1544 2532 1613 2570 auf

203 2590 262 2629 die
287 2589 519 2629 Gesehichte
543 2588 745 2627 derselben
769 2589 875 2628 wirft
899 2588 1012 2642 (Cap.
1044 2590 1182 2639 l——4).
