1684 2819
83 378 126 410 59

84 884 125 915 60

76 987 130 1025 22

90 1556 127 1588 61

154 157 205 196 64
614 155 670 186 DE
696 155 876 189 NATURA
902 155 1083 189 DEORUM

153 257 305 297 laudare
319 262 574 308 praesentem,
595 256 720 294 iudico
743 263 867 295 tamen
883 257 929 295 de
943 269 983 295 re
998 258 1161 296 obscura
1175 264 1288 308 atque
1303 256 1523 295 difficillima
1539 269 1557 294 a

155 321 190 354 te
207 314 349 352 dictum
368 326 453 350 esse
471 311 783 363 dilucide,neque
801 313 1002 351 sententiis
1019 314 1145 351 solum
1164 314 1411 364 copiose,sed
1431 312 1556 350 verbis

155 371 267 409 etiam
289 368 462 407 ornatius
485 381 597 418 quam
617 368 742 406 solent
765 369 890 407 vestri.
933 369 1140 414 Zenonem,
1164 382 1276 420 quem
1296 370 1404 408 Philo
1424 374 1558 407 noster

156 426 414 476 coryphaeum
432 424 622 474 appellare
639 425 917 475 Epicureorum
935 424 1093 469 solebat,
1112 438 1230 476 quum
1241 425 1398 464 Athenis
1417 438 1555 468 essen),

155 481 357 521 ·ιιιι1ιεὺιἹιιι
381 482 610 531 frequenter,
634 486 671 519 et
691 481 877 531 quidem
869 494 988 531 ψ5οι
979 486 1135 519 auctoie
1157 481 1336 520 Philone:
1366 481 1493 527 eredo,
1520 487 1559 519 ut

155 537 299 577 facilius
322 537 547 583 iudicarem,
570 550 683 588 quam
706 538 765 575 illa
790 537 884 575 bene
906 537 1184 582 refellerentur,
1208 550 1325 588 quum
1348 552 1366 576 a
1389 538 1561 600 principe

153 594 463 645 Ερίοιιιοοιιιιιιι
454 593 703 644 accepissem,
727 594 1053 644 quemadmodum
1073 594 1456 632 dicerentu1.Non
1448 595 1563 644 igilur

155 651 212 689 ille
234 656 277 688 ut
300 650 487 701 plerique,
518 650 585 688 sed
609 650 682 688 isto
706 651 823 688 modo
847 656 885 688 nt
909 656 968 695 tu,
996 650 1174 688 distincte
1185 681 1193 695 ,
1217 649 1392 700 graviter,
1415 656 1560 688 ornat(

155 707 230 745 Sed
253 706 357 756 quod
380 707 416 744 in
439 706 503 744 illo
527 706 619 744 mihi
642 719 716 745 usu
739 720 853 758 saepe
877 707 989 751 venit,
1013 707 1111 745 idem
1137 706 1274 752 modo,
1297 718 1414 756 quum
1437 711 1473 743 te
1494 718 1561 744 au-

155 763 289 808 direm,
310 763 514 809 accidebat,
538 769 577 801 ut
600 763 760 802 moleste
787 766 921 801 serrem
943 769 1089 801 tantum
1110 763 1302 813 ingenium
1322 762 1438 808 (bona
1457 764 1562 800 venia

157 833 216 858 me
237 819 389 867 audies)
421 819 457 857 in
479 824 554 857 tan]
578 820 694 866 leves,
723 832 770 858 ne
792 820 913 858 dicam
939 820 976 858 in
1001 825 1074 857 tam
1099 820 1248 870 ineptas
1271 818 1481 856 sententias
1504 818 1563 856 in-

156 876 305 914 cidisse.
357 876 433 913 Nee
461 888 531 925 ego
562 888 665 915 nunc
692 876 774 926 ipse
803 876 942 927 aliquid
980 877 1132 914 all'erani
1173 875 1319 913 melius.
1377 875 1424 913 Ut
1460 874 1562 912 enim

157 934 275 971 modo
299 932 393 977 dixi,
425 932 605 970 omnihus
629 934 706 971 sere
729 933 764 970 in
787 933 920 978 rebus,
951 938 987 970 et
1009 932 1172 970 maxime
1195 935 1233 969 in
1255 931 1442 981 physicis,
1473 930 1563 980 quid

156 1002 234 1027 non
258 989 318 1033 sit,
342 989 451 1026 citius
475 1001 601 1038 quam,
624 989 712 1039 quid
731 989 791 1032 sit,
815 989 986 1027 dixerim.
1030 989 1156 1038 lloges
1176 1002 1246 1032 ine,
1268 987 1357 1038 quid
1377 993 1439 1025 aut
1457 986 1565 1037 quah:

156 1045 205 1084 sit
226 1045 339 1083 deus:
369 1050 524 1082 auctore
546 1050 631 1082 utar
653 1045 871 1090 Simonide,
901 1045 948 1083 de
970 1057 1045 1094 quo
1076 1057 1194 1094 quum
1217 1043 1467 1094 quaesivisset
1492 1043 1565 1080 hoc

156 1101 256 1140 idem
295 1107 478 1152 tyrannus
517 1100 652 1146 Hiero,
689 1101 922 1139 deliberandi
959 1100 1031 1139 sibi
1070 1112 1188 1138 unum
1218 1100 1317 1137 diem
1348 1098 1563 1149 postulavit.

157 1158 286 1204 Quum
315 1158 415 1195 idem
445 1169 488 1194 ex
519 1170 563 1195 eo
592 1157 779 1207 postridie
808 1163 1024 1208 quaereret,
1055 1156 1213 1195 biduum
1246 1155 1385 1206 petivit.
1436 1156 1564 1202 Quum

157 1215 310 1264 saepius
339 1213 547 1264 duplicaret
576 1225 782 1252 numerum
812 1214 960 1251 dierum
990 1213 1262 1263 admiransque
1291 1212 1405 1250 lliero
1435 1210 1565 1261 requi-

157 1276 267 1315 reret,
290 1282 358 1309 cur
375 1270 423 1308 ita
442 1270 600 1315 faceret,
629 1270 715 1321 quia
733 1276 876 1321 (planto
900 1270 1033 1320 inquit,
1060 1270 1202 1308 diutius
1221 1269 1437 1314 considero,
1459 1273 1565 1306 tanto

158 1327 251 1365 mihi
273 1340 334 1364 res
357 1326 505 1364 videtur
527 1326 741 1365 obscurior.
784 1327 856 1364 Sed
881 1326 1123 1364 Simonidem
1148 1326 1322 1366 arbitror,
1346 1334 1441 1369 (non
1463 1324 1566 1361 enim

158 1389 271 1435 poeta
300 1383 425 1420 solum
457 1382 600 1427 suavis,
639 1395 769 1421 verum
799 1382 910 1421 etiam
947 1383 1140 1433 ceteroqui
1169 1382 1305 1419 doetus
1336 1380 1566 1431 sequensque

159 1439 356 1487 traditur,)
394 1438 481 1489 quia
513 1439 629 1477 multa
658 1439 828 1477 venirent
864 1439 901 1477 in
932 1445 1099 1477 mentem
1127 1444 1234 1476 acuta
1264 1443 1375 1487 atque
1403 1436 1567 1481 subtilia,

161 1495 416 1541 dubitantem,
446 1495 535 1545 quid
564 1508 699 1533 eorum
728 1502 831 1534 esset
859 1495 1121 1539 verissimum,
1152 1495 1380 1544 desperasse
1410 1504 1565 1530 onmem

162 1552 369 1591 veritatem.
416 1551 607 1602 Epicurus
642 1564 730 1590 vero
768 1558 856 1591 tuus
887 1556 996 1601 (nam
1027 1564 1112 1589 cum
1143 1550 1204 1588 illo
1235 1550 1334 1588 malo
1364 1549 1565 1591 disserere,

160 1622 273 1660 quam
304 1610 451 1655 tecum)
481 1608 572 1658 quid
605 1608 710 1654 dicit,
749 1609 852 1659 quod
881 1620 960 1645 non
990 1608 1106 1645 modo
1136 1605 1381 1658 philosophia
1410 1605 1568 1656 dignum

160 1670 271 1713 esset,
294 1665 360 1703 sed
378 1664 562 1703 mediocri
584 1664 817 1716 prudentia?

207 1777 303 1808 qua-m
323 1766 431 1797 solent
448 1768 560 1797 vestri.
592 1766 675 1797 Dass
690 1766 829 1808 diolipi-
1308 1762 1438 1794 Ebenso
1463 1773 1490 1793 c.
1517 1761 1568 1794 ⁵2⁸.

161 1812 283 1842 kureer
296 1812 355 1842 aut·
368 1811 419 1842 die
434 1810 531 1842 Form
546 1811 606 1842 der
616 1811 831 1851 Darstellung

162 1857 269 1895 wenig
294 1855 414 1886 W'erth
440 1856 565 1895 legten,
594 1857 672 1886 wird
701 1856 747 1887 ol't
774 1857 829 1887 be-

905 1765 970 1796 heit
1001 1775 1041 1795 zu
1072 1764 1266 1806 behaupten.

904 1811 956 1841 79.
978 1809 1029 1851 33,
1048 1809 1101 1841 93.

950 1849 1018 1885 22.
1053 1856 1105 1884 tjt).
1138 1853 1317 1885 S''.1momde
1354 1852 1506 1883 Gemeint
1529 1851 1571 1881 ist

163 1906 278 1941 zeugt,
309 1901 373 1930 und
403 1901 454 1931 die
486 1901 677 1932 erhaltenen
708 1901 830 1931 Stin-ke

162 1947 220 1978 (les
240 1946 447 1977 Philodemus
473 1946 536 1975 und
556 1945 741 1981 Phaedrus,
770 1946 830 1976 wie

164 1992 221 2022 des
251 1990 376 2032 Epikur
409 1991 530 2031 selbst,
564 1990 749 2030 bestatigen
784 2001 831 2021 es.

163 2036 302 2068 Μίηίηω
318 2038 435 2078 aptam
457 2035 502 2066 ad
524 2035 700 2066 dicendum
721 2046 832 2077 genus

165 2082 294 2112 heissen
315 2082 362 2111 sie
382 2080 430 2110 bei
448 2080 512 2111 Cie.
529 2081 619 2111 Brut.
640 2091 665 2111 e.
682 2080 734 2116 33
759 2080 830 2111 131.

210 2127 263 2157 59.
296 2124 476 2156 Zenonem.
511 2122 639 2165 Ζήνιίη
668 2122 685 2156 ὁ
710 2122 833 2157 2:013-

166 2181 252 2208 νιος
268 2166 447 2213 ἀκωοατης
456 2166 749 2208 Anomtodnjoov
767 2182 833 2201 710-

167 2212 354 2259 ).ι)ιιάιΙος
383 2225 490 2257 aino,
525 2215 581 2246 καὶ
614 2216 743 2256 πιιῆσαι
775 2227 831 2246 και

166 2260 383 2305 ἑιιιιηιείσαι
406 2257 537 2304 σιιᾳής.
572 2261 664 2301 Dio-g.
681 2261 716 2292 L.
733 2260 776 2299 X,
793 2261 833 2291 ⁵..)-3

168 2317 198 2337 u.
219 2305 354 2344 wlsi-5.
390 2305 627 2345 vg1.untenc.
649 2306 701 2343 33
722 2306 774 2337 93.

212 2351 308 2382 ΡΙιιΙο
326 2353 452 2382 noster.
488 2351 521 2381 S.
540 2362 567 2382 c.
587 2352 615 2391 3,
635 2352 665 2381 (ἰ.
686 2370 726 2373 ›—
750 2351 833 2382 Dass

169 2396 324 2435 iibrigens
343 2396 459 2427 Cicero
477 2397 547 2427 hier
564 2396 623 2427 den
639 2397 735 2427 (jona
754 2397 834 2427 habe

168 2452 267 2481 sagen
296 2441 423 2479 lassen,
453 2451 520 2471 uas
547 2442 722 2481 eigentlieh
749 2442 836 2472 nieht

169 2497 230 2517 von
251 2487 386 2523 diesem,
405 2487 546 2517 sondern
563 2497 624 2517 von
646 2487 705 2517 ilnn
725 2487 836 2517 selber

168 2532 254 2570 gast,
282 2532 324 2561 ist
347 2531 528 2571 aller-dings
553 2532 834 2569 walwseheinlieh,

168 2587 263 2608 wenn
281 2576 361 2606 auch
382 2577 468 2608 nicht
486 2577 543 2608 mit
563 2577 670 2607 voller
687 2575 835 2607 (leniss-

905 1901 964 1931 der
979 1900 1016 1930 be
1022 1900 1147 1930 iiilnnte.
1163 1899 1210 1929 Lx
1217 1909 1231 1929 ι
1235 1899 1306 1929 ikei
1318 1908 1376 1928 aus
1392 1898 1486 1934 Ceos,
1502 1896 1533 1926 ‹lt
1547 1906 1571 1929 r,

905 1945 1011 1985 gleieh
1040 1945 1152 1974 seinen
1173 1948 1276 1974 etuas
1297 1943 1460 1983 jiingeren
1482 1940 1573 1971 Zeit-

906 2000 1084 2030 genossen,
1121 1988 1241 2018 l’indar
1275 1988 1337 2018 und
1373 1986 1572 2028 Aeschylus,

907 2035 967 2065 und
991 2034 1113 2064 seint-m
1136 2033 1249 2064 Nem-n
1272 2031 1499 2073 Bacchylides,
1526 2030 1574 2061 ol't

907 2080 969 2110 und
991 2079 1084 2118 lange
1099 2089 1148 2109 am
1166 2078 1246 2108 llol'e
1262 2078 1319 2107 des
1335 2077 1461 2108 iilteren
1474 2076 1572 2107 Hiero

907 2135 947 2155 zu
967 2124 1115 2166 Syrakus
1136 2123 1232 2154 lehte.

953 2170 972 2199 u
983 2171 1005 2200 l.
1025 2169 1105 2210 quid
1117 2168 1204 2209 dic-it,
1220 2167 1307 2210 quod
1319 2185 1362 2189 —
1376 2169 1473 2199 esset.
1492 2166 1573 2196 Cor-

908 2219 1018 2246 rectm·
1043 2224 1131 2244 ware
1157 2216 1217 2245 sil:
1247 2213 1327 2243 aber
1349 2212 1387 2243 da
1413 2213 1470 2243 das
1497 2222 1574 2241 vor-

907 2261 996 2298 herg.
1012 2259 1175 2290 Praesens
1193 2258 1274 2290 dicit
1292 2258 1321 2288 in
1341 2257 1400 2288 der
1414 2256 1499 2288 Tbat
1515 2266 1575 2286 nur

908 2304 1129 2344 uneigentlieh
1145 2308 1263 2343 gesagt
1278 2303 1329 2340 ist,
1346 2302 1418 2333 weil
1436 2301 1575 2332 ninnlieh

908 2349 1196 2390 PL'sAusspriiehe.
1209 2349 1259 2379 als
1276 2349 1304 2378 in
1320 2348 1432 2378 seinen
1450 2346 1574 2377 Scin-25·-

910 2400 962 2426 ten
982 2395 1062 2425 oder
1079 2396 1108 2424 in
1129 2395 1187 2424 der
1207 2391 1479 2431 {leberiiel'erung
1494 2392 1573 2421 noch

908 2440 1137 2479 gegenwnrtig
1162 2439 1224 2468 und
1251 2437 1497 2468 l'ortbestehend
1518 2436 1574 2466 be-

910 2486 1052 2516 tvm-tutet
1068 2483 1198 2514 werden
1220 2483 1359 2518 klinin-n,
1380 2481 1507 2511 obuohl
1529 2481 1575 2511 sie

910 2529 1086 2568 eigentlieh
1105 2530 1164 2559 der
1184 2527 1450 2566 vergangenbeit
1473 2537 1575 2566 ange-

911 2577 1030 2614 hiireu,
1050 2585 1085 2605 so
1105 2574 1226 2605 konnte
1244 2573 1311 2604 sich
1331 2572 1446 2603 Cicero
1465 2571 1577 2603 erlau-
