1684 2819
596 177 674 210 mss.
692 177 744 210 111.
782 177 873 210 CAP.
894 178 944 210 15.
966 178 1016 210 16.
1428 179 1504 219 189

109 278 251 330 psisse,
274 290 388 329 quam
408 284 508 318 esset
529 279 575 318 ab
598 280 804 331 auguribus
826 280 1005 319 domoliri
1026 281 1173 327 iussus,
1194 280 1378 320 arbitrum
1400 281 1505 319 illum

109 334 250 384 adegit,
286 346 471 378 0111001110
507 349 581 375 SIBI
618 350 715 375 DARE
751 349 899 376 FACERE
936 349 1167 376 OPORTERET
1197 350 1245 375 ex
1272 350 1361 375 rme
1390 350 1504 375 BoNA.

106 390 153 429 M.
177 390 267 430 Cato
295 392 524 431 sententiam
553 392 662 441 dixit,
690 393 806 432 huius
834 393 958 432 nostri
984 393 1138 432 Catonis
1167 399 1285 444 pater.
1327 394 1376 431 Ut
1403 394 1505 432 enim

107 447 221 486 ceteri
242 460 285 486 ex
306 448 498 498 patribus,
525 449 580 488 sic
600 449 678 497 hie,
701 449 766 500 qui
786 450 876 489 illud
896 450 1025 488 lumen
1046 450 1262 501 progenuit,
1285 463 1329 487 ex
1350 450 1426 488 filio
1448 456 1506 488 est

105 503 378 543 nominandus.
418 505 456 544 Is
477 505 590 556 igitur
610 506 721 545 iudex
741 506 789 544 ita
818 507 1104 557 pronunciavit,
1133 511 1237 545 ‘cum
1265 506 1305 544 in
1332 506 1504 544 vendun-
1548 540 1552 548 .

106 559 155 599 do
189 573 270 600 rem
303 573 386 600 eam
421 563 557 601 scisset
591 567 627 601 et
658 574 738 601 non
770 562 1085 613 pronunciasset,
1124 563 1287 614 emptori
1321 563 1503 601 damnum

104 617 289 667 praestari
318 618 520 669 oportere?
560 619 661 669 Ergo
690 619 735 657 ad
763 619 878 657 fidem
904 620 1046 658 bonam
1069 619 1200 658 statuit
1219 619 1409 670 pertinere
1430 631 1502 657 no-

105 678 187 712 tum
214 687 299 713 esse
327 674 494 726 emptori
520 675 671 721 vitium,
701 675 803 726 quod
829 681 966 714 nosset
990 676 1176 716 venditor.
1219 676 1332 722 Quod
1354 675 1506 714 sirecte

104 729 301 778 iudicavit,
329 742 409 769 non
435 736 536 770 recte
564 732 836 770 frumentarius
864 732 942 779 ille,
971 745 1051 771 non
1079 738 1181 771 recte
1208 733 1358 771 aedium
1385 731 1504 783 pesti—

103 785 267 825 lentium
293 788 471 826 venditor
499 788 626 826 tacuit.
675 787 748 826 Sed
778 788 894 826 huius
922 789 1027 826 modi
1055 788 1272 827 reticentiae
1300 789 1381 827 iure
1408 788 1506 827 civili

105 854 241 882 omnes
271 844 545 894 comprehendi
572 856 651 882 non
673 850 858 895 possunt:
890 857 985 895 quae
1007 850 1133 883 autem
1154 850 1322 895 possunt
1344 844 1505 894 diligen-

102 904 160 937 ter
181 904 368 938 tenentur.
408 900 455 938 M.
477 900 619 939 Marius
641 899 897 947 Gratidianus,
919 900 1161 952 propinquus
1183 907 1326 947 noster,
1352 901 1390 939 C.
1415 901 1505 939 Ser-

107 955 167 1006 gio
187 955 322 995 Oratae
342 956 562 995 vendiderat
583 958 697 996 aedas
719 970 796 1003 eas,
821 969 916 1008 quas
938 957 983 995 ab
1005 957 1141 996 eodem
1163 957 1245 1008 ipse
1266 957 1397 1008 paucis
1419 962 1505 995 ante

104 1011 214 1050 annis
237 1017 391 1051 emerat.
453 1013 528 1052 Eae
549 1013 781 1059 serviebant,
805 1014 872 1052 sed
895 1014 970 1052 hoc
989 1013 1028 1051 in
1048 1013 1242 1064 mancipio
1264 1013 1404 1052 Marius
1425 1025 1506 1051 non

102 1067 257 1108 dixerat.
291 1069 461 1108 Adducta
482 1082 543 1108 res
565 1070 604 1108 in
626 1069 811 1109 iudicium
833 1075 901 1108 est.
943 1070 1099 1108 Oratam
1122 1070 1295 1117 Crassus,
1317 1069 1505 1108 Gratidia—

101 1136 195 1164 num
230 1125 456 1165 defendebat
489 1126 691 1165 Antonius.
739 1127 802 1165 Ius
837 1126 999 1165 Crassus
1035 1127 1238 1177 urguebat,
1273 1127 1393 1177 ‘quod
1426 1125 1506 1164 vitii

102 1181 277 1220 venditor
297 1194 377 1221 non
405 1182 564 1221 dixisset
592 1183 736 1229 sciens,
764 1182 802 1221 id
826 1188 1006 1233 oportere
1028 1182 1249 1233 praestari⁷,
1278 1182 1505 1233 aequitatem

102 1238 310 1286 Antonius,
340 1238 539 1289 ‘quoniam
567 1239 605 1278 id
631 1239 765 1278 vitium
792 1238 967 1289 ignotum
995 1239 1127 1289 Sergio
1156 1251 1236 1277 non
1258 1239 1411 1285 fuisset,
1441 1238 1505 1289 qui

841 1340 888 1371 Er
905 1350 974 1371 war
991 1341 1050 1371 der
1064 1340 1150 1371 Sohn
1170 1340 1249 1371 oder
1263 1339 1368 1371 Enkel
1386 1340 1443 1370 des
1458 1338 1503 1370 M.

842 1384 1022 1423 Gratidius,
1040 1385 1503 1416 (18558118811118518111111118111

145 1339 313 1372 arbitrum
329 1339 423 1372 illum
436 1339 568 1382 adegit,
591 1340 769 1372 stehender

100 1382 272 1415 Ausdruck
295 1384 349 1416 fiir
370 1384 463 1417 illum
480 1385 627 1417 addam-it
647 1385 692 1417 ad
712 1395 767 1417 ar-

102 1430 238 1461 bitrum.
272 1429 401 1461 Ehenso
419 1430 563 1472 aliquam
582 1431 638 1462 ius
652 1432 768 1462 iuran-

101 1473 181 1506 dum
198 1473 346 1516 adegere.

149 1519 315 1561 Quidquid
344 1522 409 1552 sibi
432 1538 476 1543 —
505 1531 551 1553 ea·
570 1520 643 1563 fide
673 1522 767 1552 bona.

102 1564 161 1595 Die
179 1564 314 1595 Formel
330 1566 512 1607 entspricht
528 1566 599 1596 dem
617 1566 769 1597 8111111111-

102 1613 158 1640 1811
177 1612 338 1652 quantum
350 1610 470 1642 melius
483 1612 621 1653 aequius
636 1621 695 1642 zur
709 1611 770 1642 Be-

103 1654 285 1695 zeiehnung
302 1655 361 1686 der
377 1655 629 1687 unbestimmten
640 1655 768 1687 Summe

102 1699 161 1731 der
177 1699 382 1740 Fordernng.
423 1700 675 1741 Vollst'andiger
698 1701 768 1732 lau-

102 1748 152 1776 tet
176 1745 240 1776 sie:
274 1745 442 1788 Quidquid
467 1749 566 1789 paret
589 1756 665 1778 eum
688 1747 773 1777 mila·

102 1789 211 1822 dicere
220 1791 338 1831 faeere
351 1793 517 1834 oportere,
531 1790 567 1823 id
576 1791 683 1823 sudem
695 1801 768 1823 eum

102 1834 329 1877 condemnato,
348 1838 454 1868 sinon
466 1839 575 1880 paret,
595 1836 769 1868 absolvito.

102 1880 190 1911 Beim
213 1879 303 1912 Hauf
321 1885 413 1921 sagte
439 1881 499 1912 der
520 1879 659 1912 Hiiufer:
684 1881 770 1913 Pro-

101 1926 251 1957 mz'ttz'stze
275 1925 436 1967 quidquid
464 1929 495 1958 te
522 1926 633 1958 dicere
644 1926 769 1968 facere

104 1973 236 2012 opertet
257 1981 302 2002 eoe
315 1970 389 2013 fide
413 1972 507 2003 bona.
540 1971 599 2002 Die
617 1971 770 2003 Antwort

103 2025 188 2047 war:
205 2015 385 2047 Promitte.

148 2060 194 2093 M.
215 2060 318 2093 Cato:
353 2060 438 2092 Gell.
462 2060 555 2100 XIII,
581 2060 634 2101 20,
663 2061 702 2092 14
735 2061 768 2092 Is

104 2105 150 2137 M.
171 2105 251 2137 Cato
265 2106 419 2137 tribunus
430 2105 535 2148 plebis
537 2107 571 2147 s
569 2108 617 2138 uit
628 2109 661 2137 et
668 2116 768 2148 prae-

53 2183 55 2187 ,
104 2152 217 2182 turam
230 2153 348 2193 petens
364 2152 509 2181 mortem
523 2152 602 2182 obiit
615 2151 683 2190 [das
697 2160 769 2181 war

103 2195 145 2226 im
163 2194 193 2226 J.
213 2194 276 2226 663
298 2194 382 2235 (971)]
408 2205 452 2226 eae
476 2206 577 2237 eoque
598 2197 699 2226 natus
722 2197 770 2226 est

103 2238 150 2271 M.
172 2239 251 2271 Cato
274 2242 478 2283 praetorius,
504 2242 611 2282 quise
628 2240 708 2271 bello
726 2241 770 2271 ei-

104 2284 163 2316 vilz'
181 2284 292 2318 Uticae
308 2285 491 2316 interemit.

149 2328 202 2360 67.
243 2329 479 2373 comprehendi
513 2340 578 2362 non
614 2331 768 2374 possunt,

105 2374 234 2406 konnen
263 2375 350 2406 nicht
378 2375 409 2406 in
439 2375 496 2406 das
515 2374 638 2406 Gesetz
656 2374 769 2415 1111158-

105 2429 251 2451 nommen
261 2420 406 2451 werden.
416 2438 461 2442 —
474 2419 544 2451 Zur
555 2420 770 2460 Best'zitigung

104 2464 241 2496 hiervon
268 2465 352 2496 wird
375 2466 432 2496 das
456 2464 609 2505 folgende
626 2464 770 2506 Beispiel

106 2509 244 2541 erz'ahlt.
259 2527 303 2532 —
318 2513 480 2551 tenentur,
499 2510 633 2541 werden
647 2510 770 2550 geahn-

106 2554 171 2586 det.

150 2598 197 2631 M.
216 2598 349 2633 Marius
368 2598 602 2634 Gratidianus.-
629 2611 655 2632 s.
669 2599 701 2642 ξ.
717 2599 769 2631 80.

842 1429 1044 1461 Grossvater
1095 1429 1227 1461 Ciceros
1278 1429 1505 1460 verheirathet

840 1485 921 1506 war.
970 1475 1037 1506 Der
1069 1475 1197 1506 Bruder
1228 1475 1284 1505 des
1314 1474 1503 1505 beriihmten

841 1519 964 1551 Marius
994 1521 1084 1551 hatte
1113 1520 1165 1550 ihn
1191 1519 1346 1561 adoptirt.
1385 1518 1418 1549 In
1445 1519 1504 1549 der

841 1565 1063 1596 sullanischen
1086 1564 1310 1606 Proscriptiou
1330 1564 1442 1595 wurde
1468 1574 1504 1594 81

840 1621 905 1641 von
930 1610 1070 1641 CatiIIna
1093 1610 1269 1650 81111011181,
1295 1609 1449 1640 naehdem
1468 1619 1505 1639 er

842 1655 991 1686 zweimal
1001 1655 1051 1686 (lie
1060 1654 1385 1686 Praeturverwaltet
1401 1655 1502 1685 hatte.

842 1700 1001 1731 Derselbe
1036 1699 1176 1731 Process
1209 1700 1266 1731 mit
1298 1699 1332 1730 C.
1367 1699 1504 1739 Sergius

841 1745 923 1777 wird
942 1746 981 1776 de
1000 1756 1048 1776 or.
1066 1744 1087 1786 I,
1107 1744 1159 1785 39,
1182 1745 1241 1775 177
1261 1744 1473 1786 besprochen.

889 1802 921 1834 C.
932 1800 1075 1843 Sergius
1088 1800 1188 1842 Silus,
1198 1801 1338 1832 Praetor
1351 1800 1413 1830 657
1427 1800 1503 1839 (97),

841 1847 962 1878 erhielt
994 1847 1053 1877 den
1087 1846 1259 1877 Beinamen
1290 1845 1393 1876 Orata
1426 1845 1505 1876 nach

841 1892 962 1923 Festus
978 1903 1006 1933 p.
1019 1891 1080 1922 182
1098 1901 1214 1931 wegen
1233 1891 1291 1921 der
1309 1890 1392 1920 zwei
1410 1900 1505 1930 gros-

842 1948 899 1968 sen
933 1937 1071 1977 goidnen
1106 1936 1233 1976 Ringe,
1268 1935 1320 1966 die
1349 1945 1385 1965 er
1420 1940 1504 1975 trug,

842 1982 922 2013 nach
941 1981 1087 2013 Macrob.
1108 1986 1169 2012 sat.
1185 1980 1235 2019 III,
1258 1980 1295 2011 15
1315 1990 1428 2020 wegen
1444 1980 1508 2011 sei-

842 2037 900 2058 1181
916 2026 1073 2059 Vorliebe
1103 2037 1144 2057 zu
1173 2026 1233 2057 den
1266 2024 1503 2056 Goldforellen.

841 2072 888 2103 Er
932 2072 1017 2103 wird
1062 2071 1235 2102 mehrmals
1281 2070 1330 2100 als
1370 2079 1506 2109 grosser

842 2117 1043 2147 Schlemmer
1061 2116 1222 2146 erwa'hnt.

886 2170 1087 2209 serviebant,
1107 2179 1141 2200 es
1157 2169 1275 2200 lastete
1291 2168 1341 2200 ein
1357 2167 1505 2199 Servitut

842 2214 967 2245 darauf.

886 2261 918 2291 in
936 2260 1115 2303 mancipio,
1142 2259 1224 2290 heim
1248 2258 1429 2289 Abschluss
1447 2258 1505 2288 1185

840 2303 956 2336 Haufs.
996 2305 1045 2335 An
1069 2305 1128 2336 der
1153 2303 1375 2335 bctreffenden
1401 2302 1504 2334 Stelle

841 2350 881 2380 de
899 2354 982 2381 orat.
1002 2350 1091 2381 steht
1113 2351 1144 2380 ίη
1165 2350 1322 2393 mancipii
1337 2348 1417 2390 Iege,
1436 2348 1466 2379 d.
1485 2347 1503 2378 i.

842 2394 884 2425 im
901 2393 1150 2426 Hauscontract.

889 2451 925 2483 L.
942 2450 1089 2503 Lz'cz'm'eis
1109 2450 1251 2483 Crassus
1259 2446 1273 2481 :⁷
1286 2449 1310 2491 I,
1329 2450 1381 2493 30,
1404 2449 1476 2480 105.

888 2508 1075 2540 Antonius:
1100 2507 1138 2547 II,
1160 2507 1210 2547 14,
1229 2507 1282 2538 49.
1317 2507 1383 2538 Der
1400 2506 1506 2538 Vater

843 2553 901 2584 des
926 2551 1135 2584 Gratidianus
1165 2562 1233 2583 war
1261 2552 1319 2583 mit
1341 2551 1504 2583 Antonius

844 2599 921 2630 sehr
937 2597 1147 2634 befreundem
1174 2598 1266 2629 Brut.
1286 2597 1336 2639 45,
1359 2596 1432 2628 168.

1533 630 1573 661 67
