<?xml version="1.0" encoding="UTF-8"?>
<!DOCTYPE html PUBLIC "-//W3C//DTD XHTML 1.0 Transitional//EN"
    "http://www.w3.org/TR/xhtml1/DTD/xhtml1-transitional.dtd">
<html xmlns="http://www.w3.org/1999/xhtml" xml:lang="en" lang="en">
 <head>
  <title>
</title>
<meta http-equiv="Content-Type" content="text/html;charset=utf-8" />
  <meta name='ocr-system' content='tesseract 3.04.00' />
  <meta name='ocr-capabilities' content='ocr_page ocr_carea ocr_par ocr_line ocrx_word'/>
</head>
<body>
  <div class='ocr_page' id='page_1' title='image "./tusculanarumdisp00ciceuoft_0629.png"; bbox 0 0 1684 2819; ppageno 0'>
   <div class='ocr_carea' id='block_1_1' title="bbox 89 159 1532 483">
    <p class='ocr_par' dir='ltr' id='par_1_1' title="bbox 126 159 1532 372">
     <span class='ocr_line' id='line_1_1' title="bbox 629 159 1532 201; baseline 0 -8"><span class='ocrx_word' id='word_1_1' title='bbox 629 161 708 194; x_wconf 67' lang='grc'>1111.</span> <span class='ocrx_word' id='word_1_2' title='bbox 726 161 749 194; x_wconf 88' lang='grc'>1.</span> <span class='ocrx_word' id='word_1_3' title='bbox 786 159 878 194; x_wconf 77' lang='lat' dir='ltr'><strong>CAP.</strong></span> <span class='ocrx_word' id='word_1_4' title='bbox 897 161 950 194; x_wconf 82' lang='lat'>27.</span> <span class='ocrx_word' id='word_1_5' title='bbox 969 161 1023 193; x_wconf 83' lang='lat'>28.</span> <span class='ocrx_word' id='word_1_6' title='bbox 1481 162 1532 201; x_wconf 85' lang='lat'>73</span> 
     </span>
     <span class='ocr_line' id='line_1_2' title="bbox 127 262 1531 314; baseline -0.002 -10"><span class='ocrx_word' id='word_1_7' title='bbox 127 270 428 304; x_wconf 86' lang='lat' dir='ltr'>consentaneum</span> <span class='ocrx_word' id='word_1_8' title='bbox 451 263 499 302; x_wconf 89' lang='lat' dir='ltr'>sit</span> <span class='ocrx_word' id='word_1_9' title='bbox 519 263 689 302; x_wconf 90' lang='lat' dir='ltr'>hominis</span> <span class='ocrx_word' id='word_1_10' title='bbox 711 263 953 304; x_wconf 82' lang='lat' dir='ltr'>excellentiae</span> <span class='ocrx_word' id='word_1_11' title='bbox 977 263 1017 302; x_wconf 90' lang='lat' dir='ltr'>in</span> <span class='ocrx_word' id='word_1_12' title='bbox 1039 275 1102 311; x_wconf 73' lang='lat' dir='ltr'>eo,</span> <span class='ocrx_word' id='word_1_13' title='bbox 1130 263 1171 302; x_wconf 93' lang='lat' dir='ltr'>in</span> <span class='ocrx_word' id='word_1_14' title='bbox 1193 275 1268 314; x_wconf 92' lang='lat' dir='ltr'>quo</span> <span class='ocrx_word' id='word_1_15' title='bbox 1290 268 1427 302; x_wconf 87' lang='lat' dir='ltr'>natura</span> <span class='ocrx_word' id='word_1_16' title='bbox 1448 262 1531 302; x_wconf 88' lang='lat' dir='ltr'>eius</span> 
     </span>
     <span class='ocr_line' id='line_1_3' title="bbox 126 318 1532 372; baseline -0.002 -12"><span class='ocrx_word' id='word_1_17' title='bbox 126 335 146 360; x_wconf 85' lang='lat' dir='ltr'>a</span> <span class='ocrx_word' id='word_1_18' title='bbox 175 320 330 372; x_wconf 88' lang='lat' dir='ltr'>reliquis</span> <span class='ocrx_word' id='word_1_19' title='bbox 359 319 618 359; x_wconf 84' lang='lat' dir='ltr'>animantibus</span> <span class='ocrx_word' id='word_1_20' title='bbox 647 320 821 360; x_wconf 46' lang='grc' dir='ltr'>(1111611111.ι</span> <span class='ocrx_word' id='word_1_21' title='bbox 863 321 969 368; x_wconf 85' lang='lat' dir='ltr'>Quae</span> <span class='ocrx_word' id='word_1_22' title='bbox 997 325 1123 358; x_wconf 88' lang='lat' dir='ltr'>autem</span> <span class='ocrx_word' id='word_1_23' title='bbox 1150 331 1240 370; x_wconf 86' lang='lat' dir='ltr'>pars</span> <span class='ocrx_word' id='word_1_24' title='bbox 1269 318 1439 358; x_wconf 87' lang='lat' dir='ltr'>subiecta</span> <span class='ocrx_word' id='word_1_25' title='bbox 1466 332 1532 370; x_wconf 86' lang='lat' dir='ltr'>ge-</span> 
     </span>
    </p>

    <p class='ocr_par' dir='ltr' id='par_1_2' title="bbox 89 371 1532 483">
     <span class='ocr_line' id='line_1_4' title="bbox 89 371 1532 426; baseline -0.001 -11"><span class='ocrx_word' id='word_1_26' title='bbox 89 402 91 404; x_wconf 97' lang='grc'>-</span> <span class='ocrx_word' id='word_1_27' title='bbox 124 377 209 415; x_wconf 89' lang='lat' dir='ltr'>neri</span> <span class='ocrx_word' id='word_1_28' title='bbox 231 382 305 423; x_wconf 87' lang='lat' dir='ltr'>est,</span> <span class='ocrx_word' id='word_1_29' title='bbox 326 388 409 415; x_wconf 89' lang='lat' dir='ltr'>eam</span> <span class='ocrx_word' id='word_1_30' title='bbox 432 376 488 415; x_wconf 89' lang='lat' dir='ltr'>sic</span> <span class='ocrx_word' id='word_1_31' title='bbox 509 376 712 423; x_wconf 87' lang='lat' dir='ltr'>definiunt,</span> <span class='ocrx_word' id='word_1_32' title='bbox 735 383 777 416; x_wconf 90' lang='lat' dir='ltr'>ut</span> <span class='ocrx_word' id='word_1_33' title='bbox 804 376 859 424; x_wconf 87' lang='lat' dir='ltr'>‚id</span> <span class='ocrx_word' id='word_1_34' title='bbox 881 377 1064 415; x_wconf 85' lang='lat' dir='ltr'>decorum</span> <span class='ocrx_word' id='word_1_35' title='bbox 1087 375 1202 415; x_wconf 91' lang='lat' dir='ltr'>velint</span> <span class='ocrx_word' id='word_1_36' title='bbox 1223 388 1326 422; x_wconf 81' lang='lat' dir='ltr'>esse,</span> <span class='ocrx_word' id='word_1_37' title='bbox 1354 371 1459 426; x_wconf 58' lang='lat' dir='ltr'>duod</span> <span class='ocrx_word' id='word_1_38' title='bbox 1480 375 1532 414; x_wconf 87' lang='lat' dir='ltr'>ita</span> 
     </span>
     <span class='ocr_line' id='line_1_5' title="bbox 123 431 1531 483; baseline -0.001 -12"><span class='ocrx_word' id='word_1_39' title='bbox 123 437 282 471; x_wconf 87' lang='lat' dir='ltr'>naturae</span> <span class='ocrx_word' id='word_1_40' title='bbox 304 438 609 471; x_wconf 88' lang='lat' dir='ltr'>consentaneum</span> <span class='ocrx_word' id='word_1_41' title='bbox 631 433 691 480; x_wconf 87' lang='lat' dir='ltr'>sit,</span> <span class='ocrx_word' id='word_1_42' title='bbox 714 439 757 472; x_wconf 93' lang='lat' dir='ltr'>ut</span> <span class='ocrx_word' id='word_1_43' title='bbox 778 433 816 471; x_wconf 92' lang='lat' dir='ltr'>in</span> <span class='ocrx_word' id='word_1_44' title='bbox 839 445 884 472; x_wconf 89' lang='lat' dir='ltr'>eo</span> <span class='ocrx_word' id='word_1_45' title='bbox 905 433 1121 472; x_wconf 81' lang='lat' dir='ltr'>moderatio</span> <span class='ocrx_word' id='word_1_46' title='bbox 1140 438 1176 471; x_wconf 88' lang='lat' dir='ltr'>et</span> <span class='ocrx_word' id='word_1_47' title='bbox 1190 431 1445 483; x_wconf 80' lang='lat' dir='ltr'>temperantia</span> <span class='ocrx_word' id='word_1_48' title='bbox 1461 444 1531 482; x_wconf 86' lang='lat' dir='ltr'>ap-</span> 
     </span>
    </p>
   </div>
   <div class='ocr_carea' id='block_1_2' title="bbox 0 0 12 434">
    <p class='ocr_par' dir='ltr' id='par_1_3' title="bbox 0 0 12 434">
     <span class='ocr_line' id='line_1_6' title="bbox 0 0 12 434; baseline 0 2385"><span class='ocrx_word' id='word_1_49' title='bbox 0 0 12 434; x_wconf 95' lang='lat' dir='ltr'> </span> 
     </span>
    </p>
   </div>
   <div class='ocr_carea' id='block_1_3' title="bbox 0 488 1610 760">
    <p class='ocr_par' dir='ltr' id='par_1_4' title="bbox 0 488 1610 760">
     <span class='ocr_line' id='line_1_7' title="bbox 123 488 1610 540; baseline -0.001 -13"><span class='ocrx_word' id='word_1_50' title='bbox 123 494 256 539; x_wconf 82' lang='lat' dir='ltr'>pareat</span> <span class='ocrx_word' id='word_1_51' title='bbox 277 502 365 528; x_wconf 89' lang='lat' dir='ltr'>cum</span> <span class='ocrx_word' id='word_1_52' title='bbox 387 489 514 540; x_wconf 86' lang='lat' dir='ltr'>specie</span> <span class='ocrx_word' id='word_1_53' title='bbox 535 490 700 540; x_wconf 86' lang='lat' dir='ltr'>quadam</span> <span class='ocrx_word' id='word_1_54' title='bbox 722 489 892 528; x_wconf 87' lang='lat' dir='ltr'>liberali.‘</span> <span class='ocrx_word' id='word_1_55' title='bbox 934 489 1036 528; x_wconf 81' lang='lat' dir='ltr'>Haec</span> <span class='ocrx_word' id='word_1_56' title='bbox 1054 489 1105 528; x_wconf 85' lang='lat' dir='ltr'>ita</span> <span class='ocrx_word' id='word_1_57' title='bbox 1126 488 1290 538; x_wconf 81' lang='lat' dir='ltr'>intellegi</span> <span class='ocrx_word' id='word_1_58' title='bbox 1316 500 1529 539; x_wconf 89' lang='lat' dir='ltr'>possumus</span> <span class='ocrx_word' id='word_1_59' title='bbox 1556 488 1610 527; x_wconf 74' lang='lat'>28</span> 
     </span>
     <span class='ocr_line' id='line_1_8' title="bbox 0 544 1599 596; baseline -0.001 -12"><span class='ocrx_word' id='word_1_60' title='bbox 0 544 3 595; x_wconf 72' lang='grc' dir='ltr'><strong><em>ζ</em></strong></span> <span class='ocrx_word' id='word_1_61' title='bbox 125 544 344 584; x_wconf 81' lang='lat' dir='ltr'>existimare</span> <span class='ocrx_word' id='word_1_62' title='bbox 365 558 409 584; x_wconf 82' lang='lat' dir='ltr'>ex</span> <span class='ocrx_word' id='word_1_63' title='bbox 431 558 476 583; x_wconf 90' lang='lat' dir='ltr'>eo</span> <span class='ocrx_word' id='word_1_64' title='bbox 498 546 653 592; x_wconf 76' lang='lat' dir='ltr'>decoro,</span> <span class='ocrx_word' id='word_1_65' title='bbox 674 546 777 596; x_wconf 89' lang='lat' dir='ltr'>quod</span> <span class='ocrx_word' id='word_1_66' title='bbox 795 549 930 596; x_wconf 75' lang='lat' dir='ltr'>poetae</span> <span class='ocrx_word' id='word_1_67' title='bbox 946 551 1170 596; x_wconf 77' lang='lat' dir='ltr'>sequuntur,</span> <span class='ocrx_word' id='word_1_68' title='bbox 1192 545 1238 583; x_wconf 91' lang='lat' dir='ltr'>de</span> <span class='ocrx_word' id='word_1_69' title='bbox 1260 557 1336 594; x_wconf 87' lang='lat' dir='ltr'>quo</span> <span class='ocrx_word' id='word_1_70' title='bbox 1354 544 1426 583; x_wconf 88' lang='lat' dir='ltr'>alio</span> <span class='ocrx_word' id='word_1_71' title='bbox 1444 544 1530 583; x_wconf 91' lang='lat' dir='ltr'>loco</span> <span class='ocrx_word' id='word_1_72' title='bbox 1558 550 1599 582; x_wconf 84' lang='lat'>97</span> 
     </span>
     <span class='ocr_line' id='line_1_9' title="bbox 0 601 1532 653; baseline -0.001 -13"><span class='ocrx_word' id='word_1_73' title='bbox 0 601 2 653; x_wconf 57' lang='grc'>1</span> <span class='ocrx_word' id='word_1_74' title='bbox 122 601 233 651; x_wconf 88' lang='lat' dir='ltr'>plura</span> <span class='ocrx_word' id='word_1_75' title='bbox 260 601 334 640; x_wconf 84' lang='lat' dir='ltr'>dici</span> <span class='ocrx_word' id='word_1_76' title='bbox 361 603 496 640; x_wconf 86' lang='lat' dir='ltr'>solent.</span> <span class='ocrx_word' id='word_1_77' title='bbox 545 601 620 640; x_wconf 88' lang='lat' dir='ltr'>Sed</span> <span class='ocrx_word' id='word_1_78' title='bbox 654 607 743 640; x_wconf 81' lang='lat' dir='ltr'>tum</span> <span class='ocrx_word' id='word_1_79' title='bbox 768 613 917 640; x_wconf 87' lang='lat' dir='ltr'>servare</span> <span class='ocrx_word' id='word_1_80' title='bbox 952 601 1040 640; x_wconf 91' lang='lat' dir='ltr'>illud</span> <span class='ocrx_word' id='word_1_81' title='bbox 1069 605 1223 652; x_wconf 68' lang='lat' dir='ltr'>poetas,</span> <span class='ocrx_word' id='word_1_82' title='bbox 1258 601 1361 651; x_wconf 90' lang='lat' dir='ltr'>quod</span> <span class='ocrx_word' id='word_1_83' title='bbox 1390 601 1532 647; x_wconf 88' lang='lat' dir='ltr'>deceat,</span> 
     </span>
     <span class='ocr_line' id='line_1_10' title="bbox 0 656 1533 708; baseline -0.001 -12"><span class='ocrx_word' id='word_1_84' title='bbox 0 656 2 670; x_wconf 41' lang='lat' dir='ltr'><strong>s</strong></span> <span class='ocrx_word' id='word_1_85' title='bbox 122 657 305 703; x_wconf 81' lang='lat' dir='ltr'>dicimus,</span> <span class='ocrx_word' id='word_1_86' title='bbox 342 670 429 696; x_wconf 84' lang='lat' dir='ltr'>oum</span> <span class='ocrx_word' id='word_1_87' title='bbox 463 658 519 704; x_wconf 79' lang='lat' dir='ltr'>id,</span> <span class='ocrx_word' id='word_1_88' title='bbox 558 657 662 708; x_wconf 91' lang='lat' dir='ltr'>quod</span> <span class='ocrx_word' id='word_1_89' title='bbox 696 670 846 708; x_wconf 83' lang='lat' dir='ltr'>quaque</span> <span class='ocrx_word' id='word_1_90' title='bbox 878 669 1047 708; x_wconf 87' lang='lat' dir='ltr'>persona</span> <span class='ocrx_word' id='word_1_91' title='bbox 1070 657 1228 708; x_wconf 81' lang='lat' dir='ltr'>dignum</span> <span class='ocrx_word' id='word_1_92' title='bbox 1258 662 1334 704; x_wconf 79' lang='lat' dir='ltr'>est,</span> <span class='ocrx_word' id='word_1_93' title='bbox 1363 662 1400 695; x_wconf 89' lang='lat' dir='ltr'>et</span> <span class='ocrx_word' id='word_1_94' title='bbox 1426 657 1470 695; x_wconf 85' lang='lat' dir='ltr'>fit</span> <span class='ocrx_word' id='word_1_95' title='bbox 1497 662 1533 695; x_wconf 89' lang='lat' dir='ltr'>et</span> 
     </span>
     <span class='ocr_line' id='line_1_11' title="bbox 123 713 988 760; baseline 0 -9"><span class='ocrx_word' id='word_1_96' title='bbox 123 713 272 759; x_wconf 83' lang='lat' dir='ltr'>dicitur,</span> <span class='ocrx_word' id='word_1_97' title='bbox 296 719 350 760; x_wconf 78' lang='lat' dir='ltr'>ut,</span> <span class='ocrx_word' id='word_1_98' title='bbox 375 714 406 752; x_wconf 89' lang='lat' dir='ltr'>si</span> <span class='ocrx_word' id='word_1_99' title='bbox 428 715 575 752; x_wconf 85' lang='lat' dir='ltr'>Aeacus</span> <span class='ocrx_word' id='word_1_100' title='bbox 597 720 661 752; x_wconf 88' lang='lat' dir='ltr'>aut</span> <span class='ocrx_word' id='word_1_101' title='bbox 682 713 807 752; x_wconf 86' lang='lat' dir='ltr'>Minos</span> <span class='ocrx_word' id='word_1_102' title='bbox 830 713 988 752; x_wconf 87' lang='lat' dir='ltr'>diceret:</span> 
     </span>
    </p>
   </div>
   <div class='ocr_carea' id='block_1_4' title="bbox 121 780 893 965">
    <p class='ocr_par' dir='ltr' id='par_1_5' title="bbox 121 780 893 965">
     <span class='ocr_line' id='line_1_12' title="bbox 238 780 724 827; baseline 0 -8"><span class='ocrx_word' id='word_1_103' title='bbox 238 780 416 824; x_wconf 69' lang='lat' dir='ltr'>Oderint,</span> <span class='ocrx_word' id='word_1_104' title='bbox 440 787 519 819; x_wconf 77' lang='lat' dir='ltr'>tum</span> <span class='ocrx_word' id='word_1_105' title='bbox 540 787 724 827; x_wconf 69' lang='lat' dir='ltr'>metuant,</span> 
     </span>
     <span class='ocr_line' id='line_1_13' title="bbox 121 853 202 886; baseline 0 0"><span class='ocrx_word' id='word_1_106' title='bbox 121 853 202 886; x_wconf 90' lang='lat' dir='ltr'>aut:</span> 
     </span>
     <span class='ocr_line' id='line_1_14' title="bbox 234 913 893 965; baseline 0.002 -14"><span class='ocrx_word' id='word_1_107' title='bbox 234 913 345 952; x_wconf 73' lang='lat' dir='ltr'>Natis</span> <span class='ocrx_word' id='word_1_108' title='bbox 365 913 539 965; x_wconf 77' lang='lat' dir='ltr'>sepulcro</span> <span class='ocrx_word' id='word_1_109' title='bbox 561 916 639 965; x_wconf 71' lang='lat' dir='ltr'>ipse</span> <span class='ocrx_word' id='word_1_110' title='bbox 662 921 715 952; x_wconf 81' lang='lat' dir='ltr'>est</span> <span class='ocrx_word' id='word_1_111' title='bbox 728 926 893 965; x_wconf 76' lang='lat' dir='ltr'>parens,</span> 
     </span>
    </p>
   </div>
   <div class='ocr_carea' id='block_1_5' title="bbox 64 980 1599 1649">
    <p class='ocr_par' dir='ltr' id='par_1_6' title="bbox 64 980 1599 1649">
     <span class='ocr_line' id='line_1_15' title="bbox 118 980 1528 1032; baseline 0.001 -14"><span class='ocrx_word' id='word_1_112' title='bbox 118 980 346 1019; x_wconf 86' lang='lat' dir='ltr'>indecorum</span> <span class='ocrx_word' id='word_1_113' title='bbox 368 980 569 1027; x_wconf 76' lang='lat' dir='ltr'>videretur,</span> <span class='ocrx_word' id='word_1_114' title='bbox 591 981 695 1031; x_wconf 88' lang='lat' dir='ltr'>quod</span> <span class='ocrx_word' id='word_1_115' title='bbox 717 993 783 1019; x_wconf 90' lang='lat' dir='ltr'>eos</span> <span class='ocrx_word' id='word_1_116' title='bbox 806 981 924 1020; x_wconf 87' lang='lat' dir='ltr'>fuisse</span> <span class='ocrx_word' id='word_1_117' title='bbox 946 982 1071 1020; x_wconf 82' lang='lat' dir='ltr'>iustos</span> <span class='ocrx_word' id='word_1_118' title='bbox 1093 981 1332 1032; x_wconf 86' lang='lat' dir='ltr'>accepimus:</span> <span class='ocrx_word' id='word_1_119' title='bbox 1356 986 1393 1020; x_wconf 86' lang='lat' dir='ltr'>at</span> <span class='ocrx_word' id='word_1_120' title='bbox 1413 981 1528 1019; x_wconf 81' lang='lat' dir='ltr'>Atreo</span> 
     </span>
     <span class='ocr_line' id='line_1_16' title="bbox 121 1036 1530 1088; baseline 0 -13"><span class='ocrx_word' id='word_1_121' title='bbox 121 1037 270 1075; x_wconf 85' lang='lat' dir='ltr'>dicente</span> <span class='ocrx_word' id='word_1_122' title='bbox 296 1037 455 1088; x_wconf 82' lang='lat' dir='ltr'>plausus</span> <span class='ocrx_word' id='word_1_123' title='bbox 485 1036 714 1075; x_wconf 80' lang='lat' dir='ltr'>excitantur:</span> <span class='ocrx_word' id='word_1_124' title='bbox 743 1043 801 1075; x_wconf 82' lang='lat' dir='ltr'>est</span> <span class='ocrx_word' id='word_1_125' title='bbox 823 1037 925 1075; x_wconf 89' lang='lat' dir='ltr'>enim</span> <span class='ocrx_word' id='word_1_126' title='bbox 954 1037 1066 1087; x_wconf 82' lang='lat' dir='ltr'>digna</span> <span class='ocrx_word' id='word_1_127' title='bbox 1087 1049 1255 1087; x_wconf 89' lang='lat' dir='ltr'>persona</span> <span class='ocrx_word' id='word_1_128' title='bbox 1279 1037 1413 1076; x_wconf 87' lang='lat' dir='ltr'>oratio.</span> <span class='ocrx_word' id='word_1_129' title='bbox 1454 1037 1530 1075; x_wconf 91' lang='lat' dir='ltr'>Sed</span> 
     </span>
     <span class='ocr_line' id='line_1_17' title="bbox 119 1093 1530 1144; baseline 0 -13"><span class='ocrx_word' id='word_1_130' title='bbox 119 1097 255 1143; x_wconf 77' lang='lat' dir='ltr'>poetae</span> <span class='ocrx_word' id='word_1_131' title='bbox 276 1093 367 1144; x_wconf 86' lang='lat' dir='ltr'>quid</span> <span class='ocrx_word' id='word_1_132' title='bbox 390 1105 581 1144; x_wconf 83' lang='lat' dir='ltr'>quemque</span> <span class='ocrx_word' id='word_1_133' title='bbox 598 1093 728 1131; x_wconf 86' lang='lat' dir='ltr'>deceat</span> <span class='ocrx_word' id='word_1_134' title='bbox 748 1106 792 1131; x_wconf 85' lang='lat' dir='ltr'>ex</span> <span class='ocrx_word' id='word_1_135' title='bbox 809 1105 977 1144; x_wconf 87' lang='lat' dir='ltr'>persona</span> <span class='ocrx_word' id='word_1_136' title='bbox 993 1094 1226 1132; x_wconf 89' lang='lat' dir='ltr'>iudicabunt.</span> <span class='ocrx_word' id='word_1_137' title='bbox 1262 1093 1384 1131; x_wconf 89' lang='lat' dir='ltr'>Nobis</span> <span class='ocrx_word' id='word_1_138' title='bbox 1402 1099 1530 1132; x_wconf 86' lang='lat' dir='ltr'>autem</span> 
     </span>
     <span class='ocr_line' id='line_1_18' title="bbox 118 1149 1528 1200; baseline 0.001 -14"><span class='ocrx_word' id='word_1_139' title='bbox 118 1161 328 1199; x_wconf 78' lang='lat' dir='ltr'>personam</span> <span class='ocrx_word' id='word_1_140' title='bbox 350 1149 537 1200; x_wconf 83' lang='lat' dir='ltr'>imposuit</span> <span class='ocrx_word' id='word_1_141' title='bbox 556 1150 640 1200; x_wconf 89' lang='lat' dir='ltr'>ipsa</span> <span class='ocrx_word' id='word_1_142' title='bbox 661 1155 796 1188; x_wconf 87' lang='lat' dir='ltr'>natura</span> <span class='ocrx_word' id='word_1_143' title='bbox 816 1162 955 1200; x_wconf 84' lang='lat' dir='ltr'>magna</span> <span class='ocrx_word' id='word_1_144' title='bbox 979 1162 1066 1188; x_wconf 87' lang='lat' dir='ltr'>cum</span> <span class='ocrx_word' id='word_1_145' title='bbox 1089 1149 1305 1188; x_wconf 83' lang='lat' dir='ltr'>excellentia</span> <span class='ocrx_word' id='word_1_146' title='bbox 1327 1155 1528 1200; x_wconf 86' lang='lat' dir='ltr'>praestan-</span> 
     </span>
     <span class='ocr_line' id='line_1_19' title="bbox 64 1205 1599 1256; baseline 0 -12"><span class='ocrx_word' id='word_1_147' title='bbox 64 1242 72 1246; x_wconf 69' lang='grc'>,</span> <span class='ocrx_word' id='word_1_148' title='bbox 118 1205 244 1256; x_wconf 86' lang='lat' dir='ltr'>tiaque</span> <span class='ocrx_word' id='word_1_149' title='bbox 261 1205 514 1243; x_wconf 84' lang='lat' dir='ltr'>animantium</span> <span class='ocrx_word' id='word_1_150' title='bbox 533 1206 778 1256; x_wconf 85' lang='lat' dir='ltr'>reliquarum.</span> <span class='ocrx_word' id='word_1_151' title='bbox 816 1206 1004 1252; x_wconf 79' lang='lat' dir='ltr'>Quocirca</span> <span class='ocrx_word' id='word_1_152' title='bbox 1026 1209 1163 1256; x_wconf 69' lang='lat' dir='ltr'>poetae</span> <span class='ocrx_word' id='word_1_153' title='bbox 1183 1206 1223 1244; x_wconf 87' lang='lat' dir='ltr'>in</span> <span class='ocrx_word' id='word_1_154' title='bbox 1244 1217 1383 1255; x_wconf 81' lang='lat' dir='ltr'>magna</span> <span class='ocrx_word' id='word_1_155' title='bbox 1404 1205 1528 1243; x_wconf 87' lang='lat' dir='ltr'>varie-</span> <span class='ocrx_word' id='word_1_156' title='bbox 1558 1212 1599 1244; x_wconf 85' lang='grc'>98</span> 
     </span>
     <span class='ocr_line' id='line_1_20' title="bbox 117 1261 1528 1312; baseline 0 -13"><span class='ocrx_word' id='word_1_157' title='bbox 117 1267 193 1299; x_wconf 87' lang='lat' dir='ltr'>tate</span> <span class='ocrx_word' id='word_1_158' title='bbox 214 1273 471 1311; x_wconf 84' lang='lat' dir='ltr'>personarum</span> <span class='ocrx_word' id='word_1_159' title='bbox 494 1261 606 1299; x_wconf 88' lang='lat' dir='ltr'>etiam</span> <span class='ocrx_word' id='word_1_160' title='bbox 628 1261 777 1300; x_wconf 73' lang='lat' dir='ltr'>vitiosis</span> <span class='ocrx_word' id='word_1_161' title='bbox 807 1261 899 1312; x_wconf 87' lang='lat' dir='ltr'>quid</span> <span class='ocrx_word' id='word_1_162' title='bbox 923 1263 1123 1301; x_wconf 87' lang='lat' dir='ltr'>conveniat</span> <span class='ocrx_word' id='word_1_163' title='bbox 1151 1268 1187 1300; x_wconf 89' lang='lat' dir='ltr'>et</span> <span class='ocrx_word' id='word_1_164' title='bbox 1207 1262 1298 1312; x_wconf 86' lang='lat' dir='ltr'>quid</span> <span class='ocrx_word' id='word_1_165' title='bbox 1322 1262 1451 1300; x_wconf 85' lang='lat' dir='ltr'>deceat</span> <span class='ocrx_word' id='word_1_166' title='bbox 1471 1261 1528 1299; x_wconf 88' lang='lat' dir='ltr'>vi-</span> 
     </span>
     <span class='ocr_line' id='line_1_21' title="bbox 118 1317 1528 1363; baseline 0 -8"><span class='ocrx_word' id='word_1_167' title='bbox 118 1317 280 1363; x_wconf 89' lang='lat' dir='ltr'>debunt,</span> <span class='ocrx_word' id='word_1_168' title='bbox 318 1318 430 1355; x_wconf 88' lang='lat' dir='ltr'>nobis</span> <span class='ocrx_word' id='word_1_169' title='bbox 465 1323 590 1356; x_wconf 88' lang='lat' dir='ltr'>autem</span> <span class='ocrx_word' id='word_1_170' title='bbox 627 1330 713 1356; x_wconf 89' lang='lat' dir='ltr'>cum</span> <span class='ocrx_word' id='word_1_171' title='bbox 746 1330 765 1355; x_wconf 91' lang='lat' dir='ltr'>a</span> <span class='ocrx_word' id='word_1_172' title='bbox 785 1323 922 1357; x_wconf 87' lang='lat' dir='ltr'>natura</span> <span class='ocrx_word' id='word_1_173' title='bbox 951 1319 1206 1363; x_wconf 64' lang='lat' dir='ltr'>constantiae,</span> <span class='ocrx_word' id='word_1_174' title='bbox 1234 1317 1528 1363; x_wconf 81' lang='lat' dir='ltr'>moderationis,</span> 
     </span>
     <span class='ocr_line' id='line_1_22' title="bbox 116 1373 1529 1424; baseline -0.001 -12"><span class='ocrx_word' id='word_1_175' title='bbox 116 1373 407 1424; x_wconf 83' lang='lat' dir='ltr'>temperantiae,</span> <span class='ocrx_word' id='word_1_176' title='bbox 434 1374 689 1412; x_wconf 73' lang='lat' dir='ltr'>verecundiae</span> <span class='ocrx_word' id='word_1_177' title='bbox 715 1380 846 1424; x_wconf 86' lang='lat' dir='ltr'>partes</span> <span class='ocrx_word' id='word_1_178' title='bbox 876 1375 984 1413; x_wconf 84' lang='lat' dir='ltr'>datae</span> <span class='ocrx_word' id='word_1_179' title='bbox 1013 1375 1090 1413; x_wconf 89' lang='lat' dir='ltr'>sint</span> <span class='ocrx_word' id='word_1_180' title='bbox 1118 1387 1283 1424; x_wconf 84' lang='lat' dir='ltr'>cumque</span> <span class='ocrx_word' id='word_1_181' title='bbox 1305 1373 1437 1412; x_wconf 87' lang='lat' dir='ltr'>eadem</span> <span class='ocrx_word' id='word_1_182' title='bbox 1459 1385 1529 1411; x_wconf 90' lang='lat' dir='ltr'>na-</span> 
     </span>
     <span class='ocr_line' id='line_1_23' title="bbox 119 1430 1529 1481; baseline 0 -14"><span class='ocrx_word' id='word_1_183' title='bbox 119 1436 203 1468; x_wconf 87' lang='lat' dir='ltr'>tura</span> <span class='ocrx_word' id='word_1_184' title='bbox 226 1430 360 1468; x_wconf 86' lang='lat' dir='ltr'>doceat</span> <span class='ocrx_word' id='word_1_185' title='bbox 380 1442 460 1468; x_wconf 91' lang='lat' dir='ltr'>non</span> <span class='ocrx_word' id='word_1_186' title='bbox 481 1430 680 1480; x_wconf 80' lang='lat' dir='ltr'>neglegere</span> <span class='ocrx_word' id='word_1_187' title='bbox 708 1442 823 1481; x_wconf 86' lang='lat' dir='ltr'>quem</span> <span class='ocrx_word' id='word_1_188' title='bbox 846 1431 891 1468; x_wconf 87' lang='lat' dir='ltr'>ad</span> <span class='ocrx_word' id='word_1_189' title='bbox 914 1432 1076 1469; x_wconf 87' lang='lat' dir='ltr'>modum</span> <span class='ocrx_word' id='word_1_190' title='bbox 1097 1442 1171 1468; x_wconf 91' lang='lat' dir='ltr'>nos</span> <span class='ocrx_word' id='word_1_191' title='bbox 1193 1431 1376 1469; x_wconf 84' lang='lat' dir='ltr'>adversus</span> <span class='ocrx_word' id='word_1_192' title='bbox 1398 1430 1529 1468; x_wconf 92' lang='lat' dir='ltr'>homi—</span> 
     </span>
     <span class='ocr_line' id='line_1_24' title="bbox 115 1486 1527 1537; baseline 0.001 -14"><span class='ocrx_word' id='word_1_193' title='bbox 115 1497 185 1523; x_wconf 90' lang='lat' dir='ltr'>nes</span> <span class='ocrx_word' id='word_1_194' title='bbox 209 1498 405 1535; x_wconf 82' lang='lat' dir='ltr'>geramus,</span> <span class='ocrx_word' id='word_1_195' title='bbox 435 1486 597 1524; x_wconf 80' lang='lat' dir='ltr'>efficitur</span> <span class='ocrx_word' id='word_1_196' title='bbox 623 1492 666 1524; x_wconf 87' lang='lat' dir='ltr'>ut</span> <span class='ocrx_word' id='word_1_197' title='bbox 686 1492 722 1524; x_wconf 88' lang='lat' dir='ltr'>et</span> <span class='ocrx_word' id='word_1_198' title='bbox 750 1486 858 1533; x_wconf 84' lang='lat' dir='ltr'>illud,</span> <span class='ocrx_word' id='word_1_199' title='bbox 887 1488 992 1537; x_wconf 83' lang='lat' dir='ltr'>quod</span> <span class='ocrx_word' id='word_1_200' title='bbox 1021 1488 1067 1526; x_wconf 85' lang='lat' dir='ltr'>ad</span> <span class='ocrx_word' id='word_1_201' title='bbox 1097 1498 1253 1525; x_wconf 88' lang='lat' dir='ltr'>omnem</span> <span class='ocrx_word' id='word_1_202' title='bbox 1282 1487 1527 1524; x_wconf 87' lang='lat' dir='ltr'>honestatem</span> 
     </span>
     <span class='ocr_line' id='line_1_25' title="bbox 115 1542 1527 1594; baseline 0.001 -15"><span class='ocrx_word' id='word_1_203' title='bbox 115 1542 299 1592; x_wconf 73' lang='lat' dir='ltr'>pertinet,</span> <span class='ocrx_word' id='word_1_204' title='bbox 317 1542 512 1580; x_wconf 36' lang='lat' dir='ltr'>*decorum</span> <span class='ocrx_word' id='word_1_205' title='bbox 541 1554 655 1593; x_wconf 87' lang='lat' dir='ltr'>quam</span> <span class='ocrx_word' id='word_1_206' title='bbox 683 1543 755 1580; x_wconf 87' lang='lat' dir='ltr'>late</span> <span class='ocrx_word' id='word_1_207' title='bbox 784 1544 914 1581; x_wconf 84' lang='lat' dir='ltr'>susum</span> <span class='ocrx_word' id='word_1_208' title='bbox 944 1544 993 1581; x_wconf 90' lang='lat' dir='ltr'>sit</span> <span class='ocrx_word' id='word_1_209' title='bbox 1021 1549 1202 1594; x_wconf 87' lang='lat' dir='ltr'>appareat</span> <span class='ocrx_word' id='word_1_210' title='bbox 1230 1548 1265 1580; x_wconf 90' lang='lat' dir='ltr'>et</span> <span class='ocrx_word' id='word_1_211' title='bbox 1292 1543 1383 1587; x_wconf 71' lang='lat' dir='ltr'>hoc,</span> <span class='ocrx_word' id='word_1_212' title='bbox 1421 1542 1527 1593; x_wconf 91' lang='lat' dir='ltr'>quod</span> 
     </span>
     <span class='ocr_line' id='line_1_26' title="bbox 117 1598 1526 1649; baseline 0 -13"><span class='ocrx_word' id='word_1_213' title='bbox 117 1603 313 1648; x_wconf 86' lang='lat' dir='ltr'>spectatur</span> <span class='ocrx_word' id='word_1_214' title='bbox 333 1598 371 1636; x_wconf 89' lang='lat' dir='ltr'>in</span> <span class='ocrx_word' id='word_1_215' title='bbox 388 1610 466 1636; x_wconf 88' lang='lat' dir='ltr'>uno</span> <span class='ocrx_word' id='word_1_216' title='bbox 484 1610 638 1649; x_wconf 87' lang='lat' dir='ltr'>quoque</span> <span class='ocrx_word' id='word_1_217' title='bbox 661 1610 798 1649; x_wconf 76' lang='lat' dir='ltr'>genere</span> <span class='ocrx_word' id='word_1_218' title='bbox 815 1599 976 1638; x_wconf 87' lang='lat' dir='ltr'>virtutis.</span> <span class='ocrx_word' id='word_1_219' title='bbox 1014 1600 1064 1638; x_wconf 91' lang='lat' dir='ltr'>Ut</span> <span class='ocrx_word' id='word_1_220' title='bbox 1080 1599 1183 1638; x_wconf 89' lang='lat' dir='ltr'>enim</span> <span class='ocrx_word' id='word_1_221' title='bbox 1201 1599 1420 1649; x_wconf 78' lang='lat' dir='ltr'>pulcritudo</span> <span class='ocrx_word' id='word_1_222' title='bbox 1439 1610 1526 1637; x_wconf 89' lang='lat' dir='ltr'>cor-</span> 
     </span>
    </p>
   </div>
   <div class='ocr_carea' id='block_1_6' title="bbox 111 1720 786 2617">
    <p class='ocr_par' dir='ltr' id='par_1_7' title="bbox 160 1720 783 1762">
     <span class='ocr_line' id='line_1_27' title="bbox 160 1720 783 1762; baseline -0.002 -9"><span class='ocrx_word' id='word_1_223' title='bbox 160 1721 334 1762; x_wconf 74' lang='lat' dir='ltr'>defi&#39;m&#39;zmt,</span> <span class='ocrx_word' id='word_1_224' title='bbox 354 1725 438 1753; x_wconf 73' lang='lat' dir='ltr'>tlt—-</span> <span class='ocrx_word' id='word_1_225' title='bbox 451 1722 570 1753; x_wconf 72' lang='lat' dir='ltr'>velint:</span> <span class='ocrx_word' id='word_1_226' title='bbox 588 1722 654 1761; x_wconf 76' lang='lat' dir='ltr'>vgl.</span> <span class='ocrx_word' id='word_1_227' title='bbox 671 1720 693 1761; x_wconf 88' lang='grc' dir='ltr'>Ι,</span> <span class='ocrx_word' id='word_1_228' title='bbox 708 1721 738 1759; x_wconf 84' lang='grc'>3,</span> <span class='ocrx_word' id='word_1_229' title='bbox 754 1722 783 1753; x_wconf 75' lang='lat' dir='ltr'>S.</span> 
     </span>
    </p>

    <p class='ocr_par' dir='ltr' id='par_1_8' title="bbox 111 1760 786 2169">
     <span class='ocr_line' id='line_1_28' title="bbox 159 1760 784 1801; baseline 0 -3"><span class='ocrx_word' id='word_1_230' title='bbox 159 1760 228 1801; x_wconf 68' lang='lat'>28·</span> <span class='ocrx_word' id='word_1_231' title='bbox 254 1767 307 1798; x_wconf 77' lang='lat'>97.</span> <span class='ocrx_word' id='word_1_232' title='bbox 334 1767 398 1799; x_wconf 72' lang='lat' dir='ltr'>alio</span> <span class='ocrx_word' id='word_1_233' title='bbox 411 1767 499 1798; x_wconf 85' lang='lat' dir='ltr'>loco:</span> <span class='ocrx_word' id='word_1_234' title='bbox 512 1767 543 1797; x_wconf 92' lang='lat' dir='ltr'>in</span> <span class='ocrx_word' id='word_1_235' title='bbox 559 1767 619 1798; x_wconf 91' lang='lat' dir='ltr'>den</span> <span class='ocrx_word' id='word_1_236' title='bbox 636 1766 784 1798; x_wconf 84' lang='lat' dir='ltr'>Lehrbii-</span> 
     </span>
     <span class='ocr_line' id='line_1_29' title="bbox 115 1811 784 1844; baseline 0 -2"><span class='ocrx_word' id='word_1_237' title='bbox 115 1812 214 1844; x_wconf 85' lang='lat' dir='ltr'>chern</span> <span class='ocrx_word' id='word_1_238' title='bbox 239 1812 298 1843; x_wconf 89' lang='lat' dir='ltr'>der</span> <span class='ocrx_word' id='word_1_239' title='bbox 315 1811 472 1843; x_wconf 84' lang='lat' dir='ltr'>Rhetorik</span> <span class='ocrx_word' id='word_1_240' title='bbox 492 1813 557 1842; x_wconf 90' lang='lat' dir='ltr'>und</span> <span class='ocrx_word' id='word_1_241' title='bbox 575 1811 784 1843; x_wconf 85' lang='lat' dir='ltr'>Dichtkunst.</span> 
     </span>
     <span class='ocr_line' id='line_1_30' title="bbox 114 1855 784 1896; baseline 0.001 -9"><span class='ocrx_word' id='word_1_242' title='bbox 114 1856 158 1887; x_wconf 90' lang='lat' dir='ltr'>So</span> <span class='ocrx_word' id='word_1_243' title='bbox 177 1857 270 1890; x_wconf 85' lang='lat' dir='ltr'>stellt</span> <span class='ocrx_word' id='word_1_244' title='bbox 283 1856 349 1888; x_wconf 83' lang='lat' dir='ltr'><strong>Cic.</strong></span> <span class='ocrx_word' id='word_1_245' title='bbox 368 1867 416 1888; x_wconf 92' lang='lat' dir='ltr'>or.</span> <span class='ocrx_word' id='word_1_246' title='bbox 432 1857 484 1896; x_wconf 78' lang='lat'>21,</span> <span class='ocrx_word' id='word_1_247' title='bbox 500 1856 537 1887; x_wconf 93' lang='grc'>71</span> <span class='ocrx_word' id='word_1_248' title='bbox 554 1855 608 1887; x_wconf 87' lang='lat' dir='ltr'>fiir</span> <span class='ocrx_word' id='word_1_249' title='bbox 621 1857 682 1887; x_wconf 86' lang='lat' dir='ltr'>den</span> <span class='ocrx_word' id='word_1_250' title='bbox 696 1856 784 1888; x_wconf 83' lang='lat' dir='ltr'>Red-</span> 
     </span>
     <span class='ocr_line' id='line_1_31' title="bbox 113 1901 785 1944; baseline 0.001 -12"><span class='ocrx_word' id='word_1_251' title='bbox 113 1912 174 1933; x_wconf 88' lang='lat' dir='ltr'>ner</span> <span class='ocrx_word' id='word_1_252' title='bbox 197 1903 248 1934; x_wconf 88' lang='lat' dir='ltr'>die</span> <span class='ocrx_word' id='word_1_253' title='bbox 279 1901 469 1933; x_wconf 78' lang='lat' dir='ltr'>Vorschrift</span> <span class='ocrx_word' id='word_1_254' title='bbox 491 1901 562 1933; x_wconf 86' lang='lat' dir='ltr'>auf:</span> <span class='ocrx_word' id='word_1_255' title='bbox 587 1912 785 1944; x_wconf 75' lang='lat' dir='ltr'>semperque</span> 
     </span>
     <span class='ocr_line' id='line_1_32' title="bbox 111 1948 783 1990; baseline -0.001 -12"><span class='ocrx_word' id='word_1_256' title='bbox 111 1948 143 1978; x_wconf 81' lang='lat' dir='ltr'>z&#39;n</span> <span class='ocrx_word' id='word_1_257' title='bbox 175 1948 267 1980; x_wconf 71' lang='lat' dir='ltr'>omni</span> <span class='ocrx_word' id='word_1_258' title='bbox 291 1949 392 1990; x_wconf 75' lang='lat' dir='ltr'>parte</span> <span class='ocrx_word' id='word_1_259' title='bbox 420 1948 599 1987; x_wconf 74' lang='lat' dir='ltr'>orationis,</span> <span class='ocrx_word' id='word_1_260' title='bbox 628 1949 667 1978; x_wconf 79' lang='lat' dir='ltr'>ut</span> <span class='ocrx_word' id='word_1_261' title='bbox 685 1948 783 1987; x_wconf 75' lang='lat' dir='ltr'>vitae,</span> 
     </span>
     <span class='ocr_line' id='line_1_33' title="bbox 113 1991 786 2034; baseline 0 -11"><span class='ocrx_word' id='word_1_262' title='bbox 113 1992 192 2033; x_wconf 77' lang='lat' dir='ltr'>quid</span> <span class='ocrx_word' id='word_1_263' title='bbox 205 1993 321 2025; x_wconf 74' lang='lat' dir='ltr'>deceat</span> <span class='ocrx_word' id='word_1_264' title='bbox 332 1994 384 2023; x_wconf 66' lang='lat' dir='ltr'>est</span> <span class='ocrx_word' id='word_1_265' title='bbox 396 1991 686 2034; x_wconf 74' lang='lat' dir='ltr'>considerandum,</span> <span class='ocrx_word' id='word_1_266' title='bbox 697 1992 786 2034; x_wconf 73' lang='lat' dir='ltr'>quod</span> 
     </span>
     <span class='ocr_line' id='line_1_34' title="bbox 113 2037 782 2080; baseline 0 -12"><span class='ocrx_word' id='word_1_267' title='bbox 113 2040 146 2068; x_wconf 78' lang='lat' dir='ltr'>et</span> <span class='ocrx_word' id='word_1_268' title='bbox 167 2040 199 2070; x_wconf 74' lang='lat' dir='ltr'>in</span> <span class='ocrx_word' id='word_1_269' title='bbox 225 2048 262 2070; x_wconf 79' lang='lat' dir='ltr'>re</span> <span class='ocrx_word' id='word_1_270' title='bbox 285 2037 325 2068; x_wconf 85' lang='lat' dir='ltr'>de</span> <span class='ocrx_word' id='word_1_271' title='bbox 341 2047 405 2078; x_wconf 76' lang='lat' dir='ltr'>qua</span> <span class='ocrx_word' id='word_1_272' title='bbox 421 2039 537 2079; x_wconf 66' lang='lat' dir='ltr'>agitur</span> <span class='ocrx_word' id='word_1_273' title='bbox 553 2038 703 2080; x_wconf 74' lang='lat' dir='ltr'>positum.</span> <span class='ocrx_word' id='word_1_274' title='bbox 720 2040 782 2077; x_wconf 80' lang='lat' dir='ltr'>est,</span> 
     </span>
     <span class='ocr_line' id='line_1_35' title="bbox 113 2083 782 2126; baseline -0.001 -12"><span class='ocrx_word' id='word_1_275' title='bbox 113 2085 147 2113; x_wconf 80' lang='lat' dir='ltr'>et</span> <span class='ocrx_word' id='word_1_276' title='bbox 161 2085 194 2114; x_wconf 77' lang='lat' dir='ltr'>in</span> <span class='ocrx_word' id='word_1_277' title='bbox 208 2084 365 2126; x_wconf 78' lang='lat' dir='ltr'>personis</span> <span class='ocrx_word' id='word_1_278' title='bbox 384 2086 415 2114; x_wconf 73' lang='lat' dir='ltr'>el</span> <span class='ocrx_word' id='word_1_279' title='bbox 433 2092 564 2123; x_wconf 77' lang='lat' dir='ltr'>eorum,</span> <span class='ocrx_word' id='word_1_280' title='bbox 584 2084 642 2124; x_wconf 75' lang='grc' dir='ltr'>(11ιί</span> <span class='ocrx_word' id='word_1_281' title='bbox 658 2083 782 2123; x_wconf 63' lang='lat' dir='ltr'>Ascani,</span> 
     </span>
     <span class='ocr_line' id='line_1_36' title="bbox 113 2127 534 2169; baseline 0 -11"><span class='ocrx_word' id='word_1_282' title='bbox 113 2129 147 2158; x_wconf 76' lang='lat' dir='ltr'>et</span> <span class='ocrx_word' id='word_1_283' title='bbox 163 2138 291 2167; x_wconf 75' lang='lat' dir='ltr'>eornm,</span> <span class='ocrx_word' id='word_1_284' title='bbox 310 2130 367 2169; x_wconf 77' lang='lat' dir='ltr'>qzle‘</span> <span class='ocrx_word' id='word_1_285' title='bbox 380 2127 534 2159; x_wconf 70' lang='lat' dir='ltr'>audiunt.</span> 
     </span>
    </p>

    <p class='ocr_par' dir='ltr' id='par_1_9' title="bbox 113 2171 783 2347">
     <span class='ocr_line' id='line_1_37' title="bbox 162 2171 781 2215; baseline -0.003 -10"><span class='ocrx_word' id='word_1_286' title='bbox 162 2173 308 2213; x_wconf 67' lang='lat' dir='ltr'>Oderint,</span> <span class='ocrx_word' id='word_1_287' title='bbox 328 2175 399 2204; x_wconf 72' lang='lat' dir='ltr'>tum</span> <span class='ocrx_word' id='word_1_288' title='bbox 414 2174 493 2203; x_wconf 72' lang='lat' dir='ltr'>met.</span> <span class='ocrx_word' id='word_1_289' title='bbox 524 2171 622 2204; x_wconf 66' lang='lat' dir='ltr'>Natis</span> <span class='ocrx_word' id='word_1_290' title='bbox 638 2172 781 2215; x_wconf 75' lang='lat' dir='ltr'>sepulcr.</span> 
     </span>
     <span class='ocr_line' id='line_1_38' title="bbox 114 2216 783 2249; baseline 0 -2"><span class='ocrx_word' id='word_1_291' title='bbox 114 2220 174 2249; x_wconf 76' lang='lat' dir='ltr'>eet.</span> <span class='ocrx_word' id='word_1_292' title='bbox 214 2217 312 2249; x_wconf 86' lang='lat' dir='ltr'>Beide</span> <span class='ocrx_word' id='word_1_293' title='bbox 336 2216 444 2248; x_wconf 74' lang='lat' dir='ltr'>Verse</span> <span class='ocrx_word' id='word_1_294' title='bbox 468 2217 540 2247; x_wconf 90' lang='lat' dir='ltr'>sind</span> <span class='ocrx_word' id='word_1_295' title='bbox 565 2217 783 2248; x_wconf 75' lang='lat' dir='ltr'>vermuthlich</span> 
     </span>
     <span class='ocr_line' id='line_1_39' title="bbox 113 2261 782 2303; baseline -0.001 -10"><span class='ocrx_word' id='word_1_296' title='bbox 113 2272 173 2294; x_wconf 86' lang='lat' dir='ltr'>aus</span> <span class='ocrx_word' id='word_1_297' title='bbox 191 2263 250 2294; x_wconf 86' lang='lat' dir='ltr'>der</span> <span class='ocrx_word' id='word_1_298' title='bbox 265 2261 430 2303; x_wconf 70' lang='lat' dir='ltr'>Tragiidie</span> <span class='ocrx_word' id='word_1_299' title='bbox 445 2262 568 2293; x_wconf 83' lang='lat' dir='ltr'>Atreus</span> <span class='ocrx_word' id='word_1_300' title='bbox 587 2263 644 2293; x_wconf 87' lang='lat' dir='ltr'>des</span> <span class='ocrx_word' id='word_1_301' title='bbox 658 2261 782 2292; x_wconf 83' lang='lat' dir='ltr'>Attius.</span> 
     </span>
     <span class='ocr_line' id='line_1_40' title="bbox 113 2306 782 2347; baseline -0.004 -8"><span class='ocrx_word' id='word_1_302' title='bbox 113 2307 258 2339; x_wconf 84' lang='lat' dir='ltr'>Ribbeck</span> <span class='ocrx_word' id='word_1_303' title='bbox 276 2312 361 2347; x_wconf 84' lang='lat' dir='ltr'>trag.</span> <span class='ocrx_word' id='word_1_304' title='bbox 377 2307 450 2338; x_wconf 89' lang='lat' dir='ltr'>Lat.</span> <span class='ocrx_word' id='word_1_305' title='bbox 468 2306 561 2347; x_wconf 66' lang='lat' dir='ltr'>srgm,</span> <span class='ocrx_word' id='word_1_306' title='bbox 579 2306 641 2338; x_wconf 81' lang='lat'>136</span> <span class='ocrx_word' id='word_1_307' title='bbox 659 2317 690 2337; x_wconf 94' lang='lat' dir='ltr'>u.</span> <span class='ocrx_word' id='word_1_308' title='bbox 710 2306 782 2337; x_wconf 78' lang='lat'><strong>139.</strong></span> 
     </span>
    </p>

    <p class='ocr_par' dir='ltr' id='par_1_10' title="bbox 113 2352 782 2617">
     <span class='ocr_line' id='line_1_41' title="bbox 149 2352 782 2395; baseline -0.003 -11"><span class='ocrx_word' id='word_1_309' title='bbox 149 2354 366 2395; x_wconf 73' lang='lat' dir='ltr'>praestantia</span> <span class='ocrx_word' id='word_1_310' title='bbox 373 2354 606 2389; x_wconf 73' lang='lat' dir='ltr'>animantium,</span> <span class='ocrx_word' id='word_1_311' title='bbox 616 2352 668 2383; x_wconf 87' lang='lat' dir='ltr'>ein</span> <span class='ocrx_word' id='word_1_312' title='bbox 678 2356 782 2382; x_wconf 85' lang='lat' dir='ltr'>etwas</span> 
     </span>
     <span class='ocr_line' id='line_1_42' title="bbox 114 2396 782 2437; baseline 0 -10"><span class='ocrx_word' id='word_1_313' title='bbox 114 2397 226 2429; x_wconf 83' lang='lat' dir='ltr'>harter</span> <span class='ocrx_word' id='word_1_314' title='bbox 244 2396 416 2429; x_wconf 82' lang='lat' dir='ltr'>Gebrauch</span> <span class='ocrx_word' id='word_1_315' title='bbox 434 2397 491 2428; x_wconf 90' lang='lat' dir='ltr'>des</span> <span class='ocrx_word' id='word_1_316' title='bbox 510 2398 653 2437; x_wconf 84' lang='lat' dir='ltr'>genetiv.</span> <span class='ocrx_word' id='word_1_317' title='bbox 671 2396 782 2427; x_wconf 86' lang='lat' dir='ltr'>obiec-</span> 
     </span>
     <span class='ocr_line' id='line_1_43' title="bbox 114 2441 780 2483; baseline -0.002 -11"><span class='ocrx_word' id='word_1_318' title='bbox 114 2442 220 2481; x_wconf 85' lang='lat' dir='ltr'>tivus;</span> <span class='ocrx_word' id='word_1_319' title='bbox 241 2442 307 2482; x_wconf 82' lang='lat' dir='ltr'>vgl.</span> <span class='ocrx_word' id='word_1_320' title='bbox 323 2442 352 2483; x_wconf 74' lang='lat'>§.</span> <span class='ocrx_word' id='word_1_321' title='bbox 368 2441 407 2472; x_wconf 80' lang='grc'>87</span> <span class='ocrx_word' id='word_1_322' title='bbox 423 2444 589 2474; x_wconf 72' lang='lat' dir='ltr'>contentio</span> <span class='ocrx_word' id='word_1_323' title='bbox 604 2443 780 2474; x_wconf 75' lang='lat' dir='ltr'>honorum.</span> 
     </span>
     <span class='ocr_line' id='line_1_44' title="bbox 113 2485 781 2530; baseline 0.001 -14"><span class='ocrx_word' id='word_1_324' title='bbox 113 2485 152 2525; x_wconf 91' lang='grc' dir='ltr'>ΙΙ,</span> <span class='ocrx_word' id='word_1_325' title='bbox 179 2487 227 2527; x_wconf 86' lang='grc'>17,</span> <span class='ocrx_word' id='word_1_326' title='bbox 251 2487 292 2518; x_wconf 74' lang='grc'>58</span> <span class='ocrx_word' id='word_1_327' title='bbox 317 2487 512 2519; x_wconf 76' lang='lat' dir='ltr'>consulatus</span> <span class='ocrx_word' id='word_1_328' title='bbox 543 2487 689 2530; x_wconf 72' lang='lat' dir='ltr'>repulsa.</span> <span class='ocrx_word' id='word_1_329' title='bbox 728 2486 781 2527; x_wconf 87' lang='grc'>111,</span> 
     </span>
     <span class='ocr_line' id='line_1_45' title="bbox 115 2530 779 2571; baseline 0.002 -10"><span class='ocrx_word' id='word_1_330' title='bbox 115 2530 168 2571; x_wconf 86' lang='grc'>27,</span> <span class='ocrx_word' id='word_1_331' title='bbox 195 2531 256 2561; x_wconf 79' lang='lat'>100</span> <span class='ocrx_word' id='word_1_332' title='bbox 280 2535 445 2565; x_wconf 76' lang='lat' dir='ltr'>certamen</span> <span class='ocrx_word' id='word_1_333' title='bbox 477 2534 623 2565; x_wconf 68' lang='lat' dir='ltr'>virtutis.</span> <span class='ocrx_word' id='word_1_334' title='bbox 663 2533 702 2563; x_wconf 84' lang='lat' dir='ltr'>de</span> <span class='ocrx_word' id='word_1_335' title='bbox 726 2531 779 2562; x_wconf 88' lang='lat' dir='ltr'>fin.</span> 
     </span>
     <span class='ocr_line' id='line_1_46' title="bbox 114 2574 296 2617; baseline 0.011 -11"><span class='ocrx_word' id='word_1_336' title='bbox 114 2575 153 2617; x_wconf 73' lang='lat' dir='ltr'>V,</span> <span class='ocrx_word' id='word_1_337' title='bbox 172 2574 226 2617; x_wconf 75' lang='lat'>24,</span> <span class='ocrx_word' id='word_1_338' title='bbox 245 2575 296 2608; x_wconf 75' lang='lat'>71.</span> 
     </span>
    </p>
   </div>
   <div class='ocr_carea' id='block_1_7' title="bbox 854 1721 1529 2563">
    <p class='ocr_par' dir='ltr' id='par_1_11' title="bbox 854 1721 1529 2563">
     <span class='ocr_line' id='line_1_47' title="bbox 908 1721 1528 1765; baseline -0.003 -11"><span class='ocrx_word' id='word_1_339' title='bbox 908 1722 1068 1762; x_wconf 73' lang='lat' dir='ltr'>Quocirca</span> <span class='ocrx_word' id='word_1_340' title='bbox 1086 1722 1214 1765; x_wconf 73' lang='lat' dir='ltr'>poe‘lae.</span> <span class='ocrx_word' id='word_1_341' title='bbox 1244 1722 1313 1753; x_wconf 69' lang='lat' dir='ltr'>Der</span> <span class='ocrx_word' id='word_1_342' title='bbox 1330 1721 1528 1753; x_wconf 84' lang='lat' dir='ltr'>Gedanken-</span> 
     </span>
     <span class='ocr_line' id='line_1_48' title="bbox 858 1766 1529 1808; baseline -0.004 -9"><span class='ocrx_word' id='word_1_343' title='bbox 858 1768 1133 1808; x_wconf 86' lang='lat' dir='ltr'>zusammenbang</span> <span class='ocrx_word' id='word_1_344' title='bbox 1154 1768 1197 1798; x_wconf 90' lang='lat' dir='ltr'>ist</span> <span class='ocrx_word' id='word_1_345' title='bbox 1221 1767 1345 1798; x_wconf 82' lang='lat' dir='ltr'>dieser:</span> <span class='ocrx_word' id='word_1_346' title='bbox 1371 1766 1456 1797; x_wconf 81' lang='lat' dir='ltr'>VVas</span> <span class='ocrx_word' id='word_1_347' title='bbox 1474 1766 1529 1797; x_wconf 73' lang='lat' dir='ltr'>fiir</span> 
     </span>
     <span class='ocr_line' id='line_1_49' title="bbox 857 1811 1529 1852; baseline -0.003 -9"><span class='ocrx_word' id='word_1_348' title='bbox 857 1813 960 1844; x_wconf 89' lang='lat' dir='ltr'>Jeden</span> <span class='ocrx_word' id='word_1_349' title='bbox 990 1813 1048 1844; x_wconf 90' lang='lat' dir='ltr'>das</span> <span class='ocrx_word' id='word_1_350' title='bbox 1073 1811 1293 1844; x_wconf 87' lang='lat' dir='ltr'>Geziemende</span> <span class='ocrx_word' id='word_1_351' title='bbox 1319 1812 1378 1852; x_wconf 81' lang='lat' dir='ltr'>ist,</span> <span class='ocrx_word' id='word_1_352' title='bbox 1406 1811 1529 1842; x_wconf 87' lang='lat' dir='ltr'>richtet</span> 
     </span>
     <span class='ocr_line' id='line_1_50' title="bbox 858 1856 1527 1889; baseline -0.003 -1"><span class='ocrx_word' id='word_1_353' title='bbox 858 1858 927 1889; x_wconf 83' lang='lat' dir='ltr'>sich</span> <span class='ocrx_word' id='word_1_354' title='bbox 946 1858 1026 1888; x_wconf 87' lang='lat' dir='ltr'>nach</span> <span class='ocrx_word' id='word_1_355' title='bbox 1044 1857 1169 1889; x_wconf 86' lang='lat' dir='ltr'>seinem</span> <span class='ocrx_word' id='word_1_356' title='bbox 1183 1856 1376 1888; x_wconf 83' lang='lat' dir='ltr'>Charakter.</span> <span class='ocrx_word' id='word_1_357' title='bbox 1406 1856 1527 1887; x_wconf 89' lang='lat' dir='ltr'>Darum</span> 
     </span>
     <span class='ocr_line' id='line_1_51' title="bbox 855 1902 1527 1941; baseline -0.003 -8"><span class='ocrx_word' id='word_1_358' title='bbox 855 1903 990 1934; x_wconf 86' lang='lat' dir='ltr'>miissen</span> <span class='ocrx_word' id='word_1_359' title='bbox 1007 1903 1058 1933; x_wconf 90' lang='lat' dir='ltr'>die</span> <span class='ocrx_word' id='word_1_360' title='bbox 1078 1902 1211 1933; x_wconf 85' lang='lat' dir='ltr'>Dichter</span> <span class='ocrx_word' id='word_1_361' title='bbox 1228 1902 1308 1933; x_wconf 91' lang='lat' dir='ltr'>auch</span> <span class='ocrx_word' id='word_1_362' title='bbox 1328 1902 1439 1941; x_wconf 84' lang='grc'>5611611,</span> <span class='ocrx_word' id='word_1_363' title='bbox 1458 1910 1527 1931; x_wconf 81' lang='lat' dir='ltr'>was</span> 
     </span>
     <span class='ocr_line' id='line_1_52' title="bbox 855 1946 1526 1986; baseline -0.003 -8"><span class='ocrx_word' id='word_1_364' title='bbox 855 1947 910 1978; x_wconf 72' lang='lat' dir='ltr'>fiir</span> <span class='ocrx_word' id='word_1_365' title='bbox 942 1948 1004 1979; x_wconf 89' lang='lat' dir='ltr'>den</span> <span class='ocrx_word' id='word_1_366' title='bbox 1036 1947 1245 1979; x_wconf 84' lang='lat' dir='ltr'>Verbrecher</span> <span class='ocrx_word' id='word_1_367' title='bbox 1276 1946 1344 1978; x_wconf 91' lang='lat' dir='ltr'>sich</span> <span class='ocrx_word' id='word_1_368' title='bbox 1373 1946 1526 1986; x_wconf 83' lang='lat' dir='ltr'>geziemt.</span> 
     </span>
     <span class='ocr_line' id='line_1_53' title="bbox 858 1990 1526 2024; baseline -0.004 0"><span class='ocrx_word' id='word_1_369' title='bbox 858 1992 916 2024; x_wconf 91' lang='lat' dir='ltr'>Die</span> <span class='ocrx_word' id='word_1_370' title='bbox 939 1992 1047 2024; x_wconf 83' lang='lat' dir='ltr'>Natur</span> <span class='ocrx_word' id='word_1_371' title='bbox 1071 1992 1151 2023; x_wconf 81' lang='lat' dir='ltr'>aber</span> <span class='ocrx_word' id='word_1_372' title='bbox 1173 1993 1228 2023; x_wconf 87' lang='lat' dir='ltr'>hat</span> <span class='ocrx_word' id='word_1_373' title='bbox 1250 1992 1322 2023; x_wconf 88' lang='lat' dir='ltr'>dem</span> <span class='ocrx_word' id='word_1_374' title='bbox 1347 1990 1526 2022; x_wconf 87' lang='lat' dir='ltr'>Menscheu</span> 
     </span>
     <span class='ocr_line' id='line_1_54' title="bbox 855 2035 1527 2077; baseline -0.004 -8"><span class='ocrx_word' id='word_1_375' title='bbox 855 2038 905 2069; x_wconf 86' lang='lat' dir='ltr'>als</span> <span class='ocrx_word' id='word_1_376' title='bbox 919 2037 1103 2069; x_wconf 73' lang='lat' dir='ltr'>Charakter</span> <span class='ocrx_word' id='word_1_377' title='bbox 1116 2038 1272 2077; x_wconf 80' lang='lat' dir='ltr'>gegeben,</span> <span class='ocrx_word' id='word_1_378' title='bbox 1284 2041 1415 2067; x_wconf 89' lang='lat' dir='ltr'>erstens</span> <span class='ocrx_word' id='word_1_379' title='bbox 1430 2035 1527 2066; x_wconf 83' lang='lat' dir='ltr'>iiber—</span> 
     </span>
     <span class='ocr_line' id='line_1_55' title="bbox 855 2080 1525 2124; baseline -0.004 -11"><span class='ocrx_word' id='word_1_380' title='bbox 855 2084 955 2124; x_wconf 86' lang='lat' dir='ltr'>haupt</span> <span class='ocrx_word' id='word_1_381' title='bbox 978 2083 1038 2113; x_wconf 89' lang='lat' dir='ltr'>den</span> <span class='ocrx_word' id='word_1_382' title='bbox 1059 2081 1194 2122; x_wconf 84' lang='lat' dir='ltr'>Vorzug</span> <span class='ocrx_word' id='word_1_383' title='bbox 1211 2093 1272 2113; x_wconf 76' lang='lat' dir='ltr'>vor</span> <span class='ocrx_word' id='word_1_384' title='bbox 1290 2082 1350 2112; x_wconf 89' lang='lat' dir='ltr'>den</span> <span class='ocrx_word' id='word_1_385' title='bbox 1370 2080 1525 2119; x_wconf 86' lang='lat' dir='ltr'>Tbieren‚</span> 
     </span>
     <span class='ocr_line' id='line_1_56' title="bbox 856 2124 1527 2167; baseline -0.004 -9"><span class='ocrx_word' id='word_1_386' title='bbox 856 2128 939 2158; x_wconf 86' lang='lat' dir='ltr'>daun</span> <span class='ocrx_word' id='word_1_387' title='bbox 952 2128 1003 2158; x_wconf 85' lang='lat' dir='ltr'>die</span> <span class='ocrx_word' id='word_1_388' title='bbox 1012 2126 1217 2167; x_wconf 72' lang='lat' dir='ltr'>M&#39;assigung,</span> <span class='ocrx_word' id='word_1_389' title='bbox 1234 2124 1527 2164; x_wconf 84' lang='lat' dir='ltr'>Schamhaftigkeit</span> 
     </span>
     <span class='ocr_line' id='line_1_57' title="bbox 855 2170 1527 2211; baseline -0.004 -8"><span class='ocrx_word' id='word_1_390' title='bbox 855 2183 887 2203; x_wconf 92' lang='lat' dir='ltr'>u.</span> <span class='ocrx_word' id='word_1_391' title='bbox 903 2183 928 2203; x_wconf 89' lang='lat' dir='ltr'>s.</span> <span class='ocrx_word' id='word_1_392' title='bbox 943 2182 995 2210; x_wconf 86' lang='lat' dir='ltr'>w.‚</span> <span class='ocrx_word' id='word_1_393' title='bbox 1014 2173 1116 2203; x_wconf 84' lang='lat' dir='ltr'>daher</span> <span class='ocrx_word' id='word_1_394' title='bbox 1129 2172 1275 2202; x_wconf 88' lang='lat' dir='ltr'>leuchtet</span> <span class='ocrx_word' id='word_1_395' title='bbox 1289 2171 1350 2211; x_wconf 78' lang='lat' dir='ltr'>ein,</span> <span class='ocrx_word' id='word_1_396' title='bbox 1368 2170 1431 2200; x_wconf 86' lang='lat' dir='ltr'>wie</span> <span class='ocrx_word' id='word_1_397' title='bbox 1447 2170 1527 2201; x_wconf 86' lang='lat' dir='ltr'>weit</span> 
     </span>
     <span class='ocr_line' id='line_1_58' title="bbox 856 2214 1523 2256; baseline -0.003 -9"><span class='ocrx_word' id='word_1_398' title='bbox 856 2218 924 2247; x_wconf 85' lang='lat' dir='ltr'>sich</span> <span class='ocrx_word' id='word_1_399' title='bbox 939 2217 996 2247; x_wconf 88' lang='lat' dir='ltr'>das</span> <span class='ocrx_word' id='word_1_400' title='bbox 1010 2216 1206 2256; x_wconf 79' lang='lat' dir='ltr'>allgemeine</span> <span class='ocrx_word' id='word_1_401' title='bbox 1220 2216 1285 2247; x_wconf 89' lang='lat' dir='ltr'>und</span> <span class='ocrx_word' id='word_1_402' title='bbox 1299 2216 1356 2246; x_wconf 88' lang='lat' dir='ltr'>das</span> <span class='ocrx_word' id='word_1_403' title='bbox 1367 2214 1523 2256; x_wconf 82' lang='lat' dir='ltr'>specielle</span> 
     </span>
     <span class='ocr_line' id='line_1_59' title="bbox 857 2260 1526 2301; baseline -0.006 -8"><span class='ocrx_word' id='word_1_404' title='bbox 857 2261 1076 2293; x_wconf 82' lang='lat' dir='ltr'>Geziemende</span> <span class='ocrx_word' id='word_1_405' title='bbox 1091 2261 1269 2301; x_wconf 83' lang='lat' dir='ltr'>erstreckt,</span> <span class='ocrx_word' id='word_1_406' title='bbox 1288 2261 1318 2291; x_wconf 76' lang='lat' dir='ltr'>d,</span> <span class='ocrx_word' id='word_1_407' title='bbox 1331 2261 1360 2291; x_wconf 87' lang='lat' dir='ltr'>h.</span> <span class='ocrx_word' id='word_1_408' title='bbox 1371 2260 1526 2290; x_wconf 76' lang='grc'>651611611-</span> 
     </span>
     <span class='ocr_line' id='line_1_60' title="bbox 855 2305 1526 2345; baseline -0.004 -8"><span class='ocrx_word' id='word_1_409' title='bbox 855 2311 906 2338; x_wconf 88' lang='lat' dir='ltr'>tet</span> <span class='ocrx_word' id='word_1_410' title='bbox 928 2307 995 2345; x_wconf 85' lang='grc'>6111,</span> <span class='ocrx_word' id='word_1_411' title='bbox 1021 2307 1096 2337; x_wconf 84' lang='lat' dir='ltr'>dass</span> <span class='ocrx_word' id='word_1_412' title='bbox 1121 2317 1182 2337; x_wconf 91' lang='lat' dir='ltr'>nur</span> <span class='ocrx_word' id='word_1_413' title='bbox 1203 2307 1278 2345; x_wconf 70' lang='lat' dir='ltr'>das,</span> <span class='ocrx_word' id='word_1_414' title='bbox 1302 2315 1372 2335; x_wconf 80' lang='lat' dir='ltr'>was</span> <span class='ocrx_word' id='word_1_415' title='bbox 1391 2305 1450 2335; x_wconf 89' lang='lat' dir='ltr'>mit</span> <span class='ocrx_word' id='word_1_416' title='bbox 1467 2305 1526 2335; x_wconf 80' lang='lat' dir='ltr'>der</span> 
     </span>
     <span class='ocr_line' id='line_1_61' title="bbox 855 2349 1523 2391; baseline -0.004 -9"><span class='ocrx_word' id='word_1_417' title='bbox 855 2352 1014 2382; x_wconf 70' lang='lat' dir='ltr'>honestas</span> <span class='ocrx_word' id='word_1_418' title='bbox 1035 2351 1076 2382; x_wconf 88' lang='lat' dir='ltr'>im</span> <span class='ocrx_word' id='word_1_419' title='bbox 1093 2351 1321 2391; x_wconf 79' lang='lat' dir='ltr'>Aligemeinen</span> <span class='ocrx_word' id='word_1_420' title='bbox 1342 2350 1410 2388; x_wconf 87' lang='lat' dir='ltr'>(das</span> <span class='ocrx_word' id='word_1_421' title='bbox 1429 2349 1474 2380; x_wconf 86' lang='lat' dir='ltr'>ist</span> <span class='ocrx_word' id='word_1_422' title='bbox 1491 2350 1523 2380; x_wconf 79' lang='lat' dir='ltr'>z&#39;n</span> 
     </span>
     <span class='ocr_line' id='line_1_62' title="bbox 856 2393 1524 2435; baseline -0.006 -8"><span class='ocrx_word' id='word_1_423' title='bbox 856 2407 985 2428; x_wconf 80' lang='lat' dir='ltr'>omnem</span> <span class='ocrx_word' id='word_1_424' title='bbox 1004 2396 1225 2435; x_wconf 74' lang='lat' dir='ltr'>honestatem)</span> <span class='ocrx_word' id='word_1_425' title='bbox 1244 2396 1307 2427; x_wconf 86' lang='lat' dir='ltr'>und</span> <span class='ocrx_word' id='word_1_426' title='bbox 1321 2395 1382 2426; x_wconf 85' lang='lat' dir='ltr'>den</span> <span class='ocrx_word' id='word_1_427' title='bbox 1397 2393 1524 2425; x_wconf 87' lang='lat' dir='ltr'>Forde—</span> 
     </span>
     <span class='ocr_line' id='line_1_63' title="bbox 855 2439 1524 2481; baseline -0.007 -8"><span class='ocrx_word' id='word_1_428' title='bbox 855 2452 980 2481; x_wconf 84' lang='lat' dir='ltr'>rungen</span> <span class='ocrx_word' id='word_1_429' title='bbox 1001 2442 1060 2473; x_wconf 84' lang='lat' dir='ltr'>der</span> <span class='ocrx_word' id='word_1_430' title='bbox 1078 2440 1270 2481; x_wconf 69' lang='lat' dir='ltr'>Massigung</span> <span class='ocrx_word' id='word_1_431' title='bbox 1287 2439 1524 2471; x_wconf 86' lang='lat' dir='ltr'>insbesondere</span> 
     </span>
     <span class='ocr_line' id='line_1_64' title="bbox 854 2482 1523 2527; baseline -0.006 -9"><span class='ocrx_word' id='word_1_432' title='bbox 854 2486 1135 2527; x_wconf 70' lang='lat' dir='ltr'>iibereinstimnt,</span> <span class='ocrx_word' id='word_1_433' title='bbox 1158 2486 1213 2517; x_wconf 85' lang='lat' dir='ltr'>fiir</span> <span class='ocrx_word' id='word_1_434' title='bbox 1236 2495 1295 2516; x_wconf 91' lang='lat' dir='ltr'>uns</span> <span class='ocrx_word' id='word_1_435' title='bbox 1322 2485 1379 2516; x_wconf 88' lang='lat' dir='ltr'>das</span> <span class='ocrx_word' id='word_1_436' title='bbox 1404 2482 1523 2515; x_wconf 83' lang='lat' dir='ltr'>Gezie-</span> 
     </span>
     <span class='ocr_line' id='line_1_65' title="bbox 854 2532 1042 2563; baseline 0.005 -1"><span class='ocrx_word' id='word_1_437' title='bbox 854 2532 969 2563; x_wconf 88' lang='lat' dir='ltr'>mende</span> <span class='ocrx_word' id='word_1_438' title='bbox 988 2532 1042 2563; x_wconf 88' lang='lat' dir='ltr'>ist.</span> 
     </span>
    </p>
   </div>
  </div>
 </body>
</html>
