1684 2819
535 158 970 200 LIBER1.20‚4‹3.47.
1003 159 1129 199 21‚4s.
1491 158 1534 198 31

353 272 566 327 Europam
589 273 851 328 Libyamque
871 287 1014 328 rapax
1034 272 1106 312 ubi
1124 271 1271 313 dividit
1294 272 1425 312 meda.-

137 339 235 393 quod
258 340 414 380 tandem
444 340 707 394 spectaculum
738 341 822 380 fore
854 347 1061 392 putamus,
1095 354 1211 393 quum
1244 346 1366 380 totam
1395 347 1542 380 terram

136 396 314 436 contueri
335 396 468 436 licebit
490 397 649 449 eiusque
674 412 790 450 quum
813 397 931 437 situm
947 429 956 447 ‚
991 398 1180 446 formam,
1212 396 1543 450 circumscriptio-

134 465 238 501 nem,
265 458 346 492 tum
370 460 408 493 et
429 452 662 494 habitabiles
684 453 870 508 regiones
894 461 933 494 et
952 468 1111 494 rursum
1134 454 1238 493 omni
1261 453 1363 493 cultu
1385 460 1545 507 propter

135 508 214 548 vim
236 509 395 562 frigoris
418 517 483 549 aut
504 510 646 550 caloris
669 511 881 551 vacantes!

247 565 330 605 Nos
354 566 455 606 enim
480 581 528 607 ne
551 581 652 607 nunc
675 567 828 619 quidem
852 566 975 606 oculis
998 567 1195 607 cernimus
1219 581 1278 617 ea,
1314 579 1413 619 quae
1433 566 1543 607 vide·
1561 575 1603 607 46

134 635 235 662 mus.
284 622 420 674 Neque
452 630 512 663 est
543 623 644 662 enim
676 623 777 663 ullus
809 636 950 663 sensus
980 622 1019 661 in
1051 637 1242 676 corpore,
1275 624 1345 663 sed
1377 625 1438 671 (ut
1465 637 1543 662 non

134 678 285 732 physici
307 679 432 719 solum
456 680 621 729 docent,
655 693 789 719 verum
813 678 929 718 etiam
954 678 1119 727 medici,
1155 680 1218 731 qui
1250 679 1327 719 ista
1349 686 1485 732 aperta
1507 687 1547 719 et

134 736 327 788 patefacta
361 735 560 787 viderunt)
594 735 683 775 viae
713 735 823 787 quasi
856 736 1046 787 quaedam
1077 742 1168 776 sunt
1205 735 1252 775 ad
1293 736 1454 784 oculos,
1499 736 1543 776 ad

135 805 267 840 aures,
302 792 347 830 ad
371 805 486 831 nares
509 805 531 831 a
553 791 645 831 sede
667 792 786 831 animi
808 792 1046 845 perf0ratae.
1092 792 1226 845 Itaque
1251 805 1369 845 saepe
1392 799 1459 831 aut
1481 806 1545 831 co-

134 847 323 900 gitatione
355 855 421 887 aut
452 847 581 901 aliqua
603 849 641 888 vi
671 848 796 887 morbi
818 848 991 902 impediti
1015 848 1160 902 apertis
1183 855 1299 901 atque
1322 848 1487 901 integris
1510 856 1548 887 et

134 904 260 944 oculis
283 911 320 943 et
341 904 502 944 auribus
525 918 596 944 1100
617 904 795 945 videmus
823 919 896 945 nec
919 905 1105 959 ¹audimus
1120 937 1130 955 ‚
1164 912 1206 944 ut
1237 905 1349 945 facile
1378 904 1545 957 intelligi

132 960 273 1013 possit,
299 961 475 1001 animum'
494 968 532 1000 et
554 962 689 1002 videre
713 968 751 1001 et
773 961 924 1011 audire,
951 976 1029 1001 non
1052 976 1117 1002 035
1140 969 1286 1015 partes,
1314 975 1412 1015 quae
1435 961 1543 1014 quasi

133 1017 331 1057 fenestrae
354 1017 430 1057 sint
451 1018 594 1068 animi,
629 1018 768 1071 quibus
802 1025 929 1058 tamen
961 1018 1111 1059 sentire
1143 1018 1241 1058 nihil
1272 1025 1392 1071 queat
1415 1031 1540 1065 mens,

134 1073 209 1113 nisi
231 1074 268 1113 id
291 1081 381 1127 agat
401 1081 441 1114 et
457 1074 574 1115 adsit.
601 1074 730 1125 Quid?
751 1076 853 1128 quod
871 1075 1005 1116 eadem
1025 1081 1155 1115 mente
1177 1089 1242 1115 res
1265 1074 1545 1115 dissimillimas

134 1130 516 1184 comprehendimus,
548 1139 592 1171 ut
613 1132 801 1183 colorem,
835 1145 1030 1186 saporem,
1064 1132 1253 1181 calorem,
1279 1131 1455 1180 odorem,
1481 1144 1545 1171 so-

133 1188 254 1227 num?
279 1201 377 1240 quae
400 1202 609 1241 numquam
631 1188 802 1241 quinque
826 1189 971 1229 nuntiis
994 1190 1146 1237 animus
1168 1194 1442 1242 cognosceret,
1469 1187 1545 1227 nisi

133 1244 181 1284 ad
204 1257 293 1283 eum
316 1244 447 1284 omnia
469 1246 714 1285 referrentur
736 1253 774 1285 et
793 1245 827 1286 is
852 1245 1026 1286 omnium
1048 1246 1169 1285 iudex
1191 1247 1298 1286 solus
1321 1252 1443 1285 esset.
1477 1242 1545 1283 At-

134 1313 207 1352 que
242 1313 288 1340 ea
315 1302 489 1355 profecto
522 1308 603 1341 tum
635 1302 757 1341 multo
790 1301 950 1356 puriora
982 1309 1021 1342 et
1051 1301 1284 1342 dilucidiora
1315 1307 1542 1348 cernentur,

134 1371 277 1409 quum,
312 1371 386 1410 quo
419 1365 559 1398 natura
590 1359 691 1408 fert,
725 1358 826 1398 liber
855 1360 1010 1399 animus
1033 1359 1275 1412 pervenerit.
1318 1358 1418 1399 Nam
1443 1371 1545 1398 nunc
1563 1366 1604 1396 47

135 1413 314 1465 quidem,
349 1428 580 1468 quamquam
603 1415 795 1455 foramina
826 1416 919 1465 illa,
952 1429 1051 1468 quae
1081 1422 1216 1469 patent
1244 1415 1293 1455 ad
1322 1414 1495 1455 animum
1526 1428 1547 1453 a

135 1484 322 1524 corpore,
357 1470 611 1511 callidissimo
634 1472 799 1512 artificio
822 1480 962 1513 natura
984 1472 1172 1512 fabricata
1195 1478 1282 1521 est,
1315 1478 1446 1511 tamen
1468 1477 1547 1510 ter-

134 1527 243 1567 renis
275 1528 548 1581 concretisque
580 1529 810 1582 corporibus
839 1536 931 1569 sunt
960 1529 1201 1583 intersaepta
1232 1527 1543 1581 quodammodo,

135 1596 252 1635 quum
275 1591 405 1623 autem
425 1584 524 1623 nihil
545 1585 621 1624 erit
643 1592 800 1637 praeter
821 1585 1010 1634 animum,
1036 1585 1142 1625 nulla
1164 1599 1230 1625 res
1253 1584 1403 1624 obiecta
1423 1583 1546 1637 impe-

136 1639 230 1689 diet,
256 1654 330 1692 quo
353 1640 481 1680 minus
504 1641 707 1694 percipiat,
733 1642 846 1694 quale
870 1641 1035 1694 quidque
1059 1641 1126 1681 sit.

251 1696 439 1747 Quamvis
462 1697 619 1750 copiose
642 1698 737 1737 haec
759 1698 994 1747 diceremus,
1020 1698 1052 1738 si
1073 1711 1139 1737 res
1162 1697 1395 1751 postularet,
1430 1710 1545 1749 quam
1563 1696 1617 1740 21

136 1753 273 1802 multa,
308 1767 423 1805 quam
445 1755 571 1803 varia,
599 1760 742 1806 quanta
764 1754 987 1807 spectacula
1010 1755 1163 1794 animus
1185 1754 1225 1793 in
1249 1754 1344 1793 locis
1368 1753 1547 1792 caelesti-

134 1809 208 1849 bus
230 1816 337 1849 esset
360 1809 580 1850 habiturus.
625 1810 734 1861 Quae
758 1810 911 1863 quidem
935 1811 1113 1864 cogitans
1136 1810 1244 1850 soleo
1269 1823 1387 1862 saepe
1410 1809 1545 1849 mirari
1563 1816 1606 1847 48

136 1866 411 1906 nonnullorum
432 1866 684 1907 insolentiam
707 1867 1046 1921 philosophorum,
1080 1867 1144 1920 qui
1166 1874 1330 1907 naturae
1354 1865 1547 1919 cognitio-

172 2010 445 2052 Europametc.,
459 2011 544 2042 auch
557 2011 596 2043 de
608 2016 678 2042 nat.
692 2011 732 2042 D.
746 2011 803 2043 111.

139 2056 200 2096 10,
227 2055 271 2086 24
295 2056 406 2096 eitirt,
433 2067 495 2087 von
515 2057 755 2098 Spangenberg
773 2057 805 2088 iu

137 2101 195 2132 das
223 2101 256 2132 2.
276 2100 366 2133 Buch
394 2101 454 2133 der
478 2102 630 2134 Annalen
659 2103 718 2134 des
738 2102 806 2133 En-

137 2146 210 2178 nius
230 2146 278 2187 (v.
296 2147 353 2186 46)
373 2152 514 2187 gesetzt.

180 2204 237 2235 46.
272 2207 399 2244 operta
424 2220 470 2228 ν-
496 2204 681 2241 viderunt,
720 2204 806 2236 heim

137 2248 274 2280 Seciren
303 2249 361 2280 des
378 2250 627 2281 menschlichen
646 2248 805 2292 Horpers.

181 2313 259 2342 viae
275 2329 319 2334 -—
334 2311 557 2353 perforatae.
579 2311 655 2352 vgl.
677 2312 717 2343 de
735 2317 805 2343 nat.

137 2356 178 2387 D.
199 2356 257 2388 HI.
280 2358 313 2396 4,
333 2357 373 2388 9:
401 2357 471 2389 duo
490 2357 628 2389 lumina
647 2356 808 2399 („Licht-

137 2401 327 2441 uffnuugen,
348 2401 595 2440 Sehelficher“>
624 2403 667 2434 ab
685 2405 806 2434 animo

137 2447 184 2479 ad
201 2448 319 2480 oculo-s
331 2448 526 2490 perforata
546 2449 758 2490 (habemus).

183 2512 342 2542 animum
368 2528 413 2533 —
439 2511 579 2542 audire.
624 2510 666 2542 So
709 2514 804 2551 sagte

139 2553 376 2595 Epicharmus:
414 2557 511 2592 Νοῦς
543 2553 609 2601 ὁρῇ
637 2555 699 2587 καὶ
723 2556 807 2591 νοῦς

140 2595 278 2632 ἀκούει·
305 2596 416 2633 τᾶλλα
434 2598 542 2645 κωφὰ
559 2602 622 2634 καὶ
641 2596 776 2643 τυφλά.

922 2010 959 2042 z'd
985 2012 1066 2051 agit
1093 2009 1190 2049 „sich
1219 2009 1291 2040 dies
1316 2020 1378 2041 zur
1395 2009 1550 2051 (ernstii-

876 2056 975 2092 chen)
996 2054 1147 2096 Aufgabe
1172 2055 1327 2086 macht“.

922 2098 985 2136 21.
1006 2102 1062 2132 47.
1088 2102 1255 2142 Quamvis
1268 2102 1462 2142 copiose:
1476 2103 1546 2132 tam

878 2148 1028 2188 copiose,
1050 2157 1155 2188 quarn
1175 2148 1240 2177 vis.
1261 2145 1394 2177 Ebenso
1414 2145 1475 2177 III.
1493 2146 1546 2185 30,

877 2192 919 2223 73
937 2202 972 2223 u.
993 2191 1049 2224 lv,
1070 2192 1126 2229 26,
1148 2192 1211 2229 573
1232 2191 1264 2222 in
1284 2190 1382 2223 Verr.
1406 2190 1446 2223 ΙΙ.
1468 2192 1501 2232 5,
1516 2192 1548 2230 5,

880 2237 916 2268 11
935 2251 941 2267 :
964 2237 1331 2278 exspectatefacimts
1350 2247 1458 2278 quam
1476 2237 1553 2268 vul-

879 2285 925 2314 tis
943 2284 988 2314 im
989 2293 1058 2324 pro
1065 2283 1157 2314 bum.

922 2328 979 2359 48.
999 2328 1254 2360 nonnullorum
1271 2345 1310 2351 —
1322 2328 1552 2369 philosopho-

875 2382 969 2413 rum,
1001 2373 1100 2405 niiml.
1131 2374 1192 2405 der
1218 2373 1417 2415 Epikureer,
1450 2373 1550 2404 deren

876 2418 909 2449 in
928 2417 1007 2450 Rom
1027 2419 1155 2450 damals
1180 2419 1258 2451 sehr
1275 2418 1420 2450 beliebte
1439 2417 1549 2449 Lehre

877 2463 996 2496 Cicero
1015 2464 1068 2496 bei
1084 2464 1184 2506 jeder
1196 2463 1417 2505 Gelegenheit
1434 2468 1550 2502 streng

875 2509 995 2542 tadett.
1016 2510 1085 2542 Aus
1104 2510 1214 2542 dieser
1231 2508 1384 2550 Neigung
1402 2509 1446 2540 ist
1463 2508 1549 2540 auch

877 2555 930 2586 die
962 2555 1211 2597 gegenw'artige
1246 2555 1441 2596 Digression
1474 2554 1549 2585 her-

876 2611 1126 2642 vorgegangen.
