1684 2819
86 1188 128 1220 83

164 154 242 194 198
734 152 790 184 DE
816 150 996 184 OFFICHS

161 253 341 294 amittas?
382 254 481 301 Quid
511 260 569 293 est
590 253 694 306 quod
721 254 856 293 afferre
884 258 1033 292 tantum
1059 253 1188 305 possit
1206 254 1348 294 utilitas
1375 253 1447 293 ista
1472 266 1568 306 quae

161 312 317 357 dieitur,
354 315 539 361 quantum
569 312 734 357 auferre,
772 310 804 349 si
832 310 927 349 boni
948 309 1017 348 viri
1044 322 1189 349 nomen
1218 310 1418 362 eripuerit,
1453 311 1566 349 fidem

159 367 421 417 iustitiamque
449 365 685 406 detraxerit?
736 367 834 414 Quid
863 367 964 405 enim
993 366 1151 405 interest
1179 372 1307 405 utrum
1337 380 1381 406 ex
1407 367 1566 406 homine

160 436 201 462 se
222 429 418 462 convertat
439 423 524 474 quis
546 424 583 462 in
606 423 756 462 beluam
775 435 822 462 an
845 423 1015 462 hominis
1033 423 1153 474 ligura
1170 422 1445 462 immanitatem
1463 430 1570 474 gerat

158 479 318 519 beluae?

274 535 410 583 Quid?
438 537 501 587 qui
532 536 661 575 onmia
690 541 790 575 reeta
819 542 855 574 et
884 536 1047 575 honesta
1075 535 1302 586 neglegunt,
1330 536 1423 575 dum
1450 536 1568 575 modo

158 593 368 644 potentiam
392 598 701 643 consequantur,
729 604 859 631 nonne
881 592 981 630 idem
1004 592 1148 631 faciunt
1169 592 1272 643 quod
1294 592 1345 638 is,
1369 592 1434 643 qui
1454 592 1568 631 etiam

159 661 340 688 socerum
376 650 515 688 habere
552 649 669 687 voluit
697 661 804 694 eum,
843 649 951 687 euius
979 648 1064 699 ipse
1091 649 1244 688 audacia
1272 654 1411 700 potens
1439 646 1570 688 esset?

159 705 255 744 Utile
282 706 313 744 ei
341 706 540 745 videbatur
560 706 769 757 plurimum
794 717 913 756 posse
933 705 1091 744 alterius
1113 705 1266 744 invidia.
1306 705 1346 744 Id
1370 717 1485 757 quam
1508 705 1569 744 in-

157 762 302 801 iustum
326 762 363 800 in
387 763 550 814 patriam
575 767 612 801 et
634 775 748 814 quam
772 767 883 812 turpe
906 767 940 800 et
964 775 1077 813 quam
1100 761 1232 801 inutile
1249 767 1353 801 esset
1368 773 1447 801 non
1464 761 1569 801 vide-

157 818 233 857 bat,
269 819 358 870 Ipse
381 826 507 858 autem
531 831 644 857 socer
665 819 703 857 in
721 831 788 858 ore
806 831 960 869 semper
977 818 1144 858 Graecos
1163 831 1295 857 versus
1313 819 1359 857 de
1375 818 1568 858 Phoenis-

159 875 212 913 sis
234 875 406 923 hahebat,
429 889 528 927 quos
552 875 674 914 dicam
696 881 737 914 ut
753 881 904 926 potero,
929 875 1122 914 incondite
1140 878 1318 921 fortasse,
1343 876 1411 914 sed
1430 881 1569 921 tamen,

157 936 199 969 ut
218 944 283 970 res
304 932 430 983 possit
450 932 633 982 intellegi:

400 999 501 1037 Nam
523 1001 557 1037 si
575 999 800 1038 violandum
822 1005 874 1037 est
894 1001 965 1044 ius,
989 999 1179 1050 reymundi
1196 1001 1326 1050 qratia

408 1054 637 1095 l'v'olamlum
658 1063 729 1095 est:
752 1055 838 1095 aliis
859 1056 974 1094 *rebus
990 1058 1165 1107 pietatem
1189 1055 1301 1094 colas.

159 1123 342 1174 capitatis
364 1123 539 1162 Eteocles
560 1123 616 1162 vel
639 1118 769 1174 potius
792 1123 1012 1174 Euripides,
1043 1124 1105 1174 qui
1128 1123 1164 1161 id
1186 1136 1324 1170 unum,
1356 1124 1460 1175 quod
1483 1136 1569 1163 om·-

158 1180 266 1219 nium
289 1180 630 1218 sceleratissimum
654 1180 777 1225 suerit,
799 1179 1006 1231 exceperit!
1045 1180 1144 1226 Quid
1166 1180 1281 1231 igitur
1297 1180 1445 1220 minuta
1463 1180 1570 1219 colli-

157 1236 304 1287 gimus,
327 1236 573 1283 hereditates,
595 1242 851 1283 mercaturas,
874 1237 1116 1275 venditiones
1139 1236 1430 1276 fraudulentas?
1471 1237 1570 1276 Ecce

158 1292 242 1339 tihi,
272 1293 336 1343 qui
363 1305 428 1331 rex
456 1292 589 1344 populi
610 1292 775 1332 Romani
804 1293 1064 1344 dominusque
1095 1293 1270 1332 omnium
1293 1293 1461 1344 gentium
1485 1305 1571 1331 esse

158 1349 422 1400 concupiverit
438 1348 551 1400 idque
568 1348 790 1400 perfecerit!
826 1350 933 1388 Hanc
951 1349 1196 1400 cupiditatem
1215 1350 1246 1388 si
1264 1350 1467 1388 honestam
1485 1349 1570 1400 quis

158 1418 243 1444 esse
271 1406 378 1452 dicit,
407 1417 541 1444 amens
564 1412 632 1444 est.
674 1405 818 1444 Probat
838 1406 940 1444 enim
962 1407 1087 1455 legum
1111 1412 1147 1444 et
1166 1406 1354 1444 libertatis
1376 1405 1571 1445 interitum

158 1474 367 1513 earumque
389 1462 686 1513 oppressionem
709 1468 867 1501 taetram
890 1468 925 1500 et
947 1462 1207 1501 detestabilem
1226 1462 1432 1513 gloriosam
1450 1467 1570 1513 putat.

157 1518 229 1566 Qui
257 1523 382 1557 autem
413 1520 551 1557 fatetur
577 1519 783 1557 honestum
806 1531 886 1557 non
909 1532 994 1557 esse
1016 1518 1055 1557 in
1076 1532 1118 1557 ea
1141 1518 1306 1564 civitate,
1337 1531 1433 1570 quae
1456 1518 1571 1557 libera

156 1575 269 1614 suerit
291 1588 462 1626 quaeque
483 1588 569 1621 esse
592 1575 744 1621 debeat,
774 1587 952 1626 regnare,
976 1576 1042 1614 sed
1065 1575 1116 1621 ei,
1141 1575 1204 1626 qui
1228 1575 1265 1614 id
1288 1576 1410 1614 facere
1431 1575 1569 1626 possit,

203 1675 255 1708 82.
292 1677 435 1709 hominis
451 1677 594 1718 figura:
618 1679 649 1708 ιἸι
675 1676 719 1708 ist
738 1677 826 1708 nicht

158 1722 283 1761 niitliig.
318 1722 363 1753 Es
388 1722 431 1753 ist
456 1722 526 1753 dies
545 1722 596 1753 ein
615 1722 749 1753 Ablativ
768 1723 826 1753 des

157 1767 386 1807 begleiteuden
429 1766 643 1806 Umstandes‚
683 1767 748 1798 wie.
790 1778 827 1798 er

158 1812 226 1843 sich
251 1812 446 1843 nnmeutlieh
473 1812 502 1843 111
520 1811 737 1843 Ausdriieken
761 1813 825 1843 wie

155 1867 254 1900 pace,
277 1856 442 1899 periculo,
473 1857 591 1897 ductet,
623 1858 709 1888 bona
731 1859 827 1889 venia

158 1906 219 1932 etc.
239 1901 359 1933 findet:
379 1912 404 1932 s.
422 1901 556 1941 Madvig
570 1902 598 1942 ξ.
611 1902 673 1932 257
691 1903 824 1933 Anum.

204 1940 271 1978 21.
304 1949 332 1977 is
350 1949 421 1988 qui:
446 1946 639 1988 pompejus,
665 1947 723 1978 der
742 1947 781 1977 1111
796 1947 824 1977 J.

158 1992 222 2022 (595
239 1992 316 2030 (59),
331 1992 372 2022 47
389 1992 488 2022 Jahre
502 1992 560 2034 alt,
579 1992 630 2022 die
645 1991 825 2032 '23jfilirige

157 2037 303 2068 'l‘ochtei-
321 2036 461 2068 Caes-‘trs
480 2037 673 2068 heiratliete.

198 2082 384 2126 plurimmn
407 2092 509 2125 posse
525 2081 669 2113 allerias
686 2082 823 2113 invidia.

158 2128 211 2158 ssei
245 2128 305 2158 der
337 2127 565 2158 Aristokratie
599 2137 668 2158 war
701 2126 826 2158 Caesar

156 2177 242 2204 stets
276 2173 335 2203 der
369 2173 597 2203 verhasstestc
634 2176 731 2203 unter
763 2172 824 2203 den

156 2216 345 2249 Triumvirn
360 2243 367 2254 ,
386 2218 457 2248 dem
475 2218 588 2248 darum
608 2218 659 2248 die
679 2218 739 2248 den
759 2218 827 2259 (lp—r

156 2263 290 2294 timaten
310 2262 506 2293 l'eindliclien
529 2263 723 2293 Boseliliisse,
736 2287 743 2301 ,
763 2263 824 2293 wie

158 2319 185 2338 z.
207 2308 238 2339 B.
259 2308 310 2339 die
331 2308 554 2348 Yerbannung
571 2308 705 2339 Ciceros
723 2307 822 2339 allelu

158 2353 238 2384 oder
263 2353 405 2384 zumeist
429 2363 489 2384 zur
507 2353 588 2384 Last
604 2353 716 2393 gelegt
734 2363 823 2384 vvur-

158 2398 230 2429 den.
262 2398 311 2429 Ob
325 2398 498 2440 Pompejus
517 2398 667 2429 vvirklieh
682 2398 821 2429 aufdie-

158 2454 210 2473 ses
234 2443 468 2475 Verliasstsein
495 2444 635 2474 Caesars
665 2443 824 2484 speculirt

156 2490 221 2527 hat,
239 2499 328 2519 muss
346 2489 440 2520 ‹laliin
459 2488 596 2527 gestellt
613 2488 753 2519 bleiben.

203 2544 299 2574 qnam
325 2535 492 2565 initanltnu
510 2551 554 2556 -—
573 2536 670 2576 turpe
686 2551 730 2555 —
747 2535 820 2565 imc-

159 2577 224 2609 tz'le.
259 2578 316 2609 Die
341 2578 516 2619 Adjectiva
541 2579 654 2610 stelien
686 2589 724 2609 zu
751 2579 820 2609 ein-

900 1677 1003 1708 ander
1021 1677 1050 1707 in
1066 1676 1137 1707 deni
1154 1676 1320 1717 logischen
1337 1676 1568 1708 Verh'altnisse

901 1718 1137 1753 ‹les-'Grundes
1163 1722 1228 1753 und
1255 1722 1315 1753 der
1341 1721 1462 1762 Folge,
1491 1721 1567 1753 weil

900 1767 1091 1807 uugereclm
1113 1767 1157 1798 ist
1174 1777 1209 1798 es
1229 1767 1429 1809 schimpssieh
1449 1776 1566 1798 u.s.w.

900 1815 931 1844 et
949 1823 1048 1854 quam
1076 1812 1194 1844 inutile
1217 1811 1299 1843 fehlt
1322 1812 1352 1843 in
1377 1812 1437 1843 den
1458 1811 1567 1852 Hdss.‚

900 1858 943 1889 ist
959 1858 1040 1889 aber
1059 1858 1145 1888 nieht
1170 1868 1210 1888 zu
1229 1857 1426 1896 entbehren‚
1451 1857 1491 1888 da
1509 1856 1569 1887 der

900 1903 978 1933 Satz
1003 1903 1125 1941 gei-ade
1152 1903 1208 1933 das
1234 1902 1314 1933 utile
1337 1904 1368 1933 ei
1396 1901 1568 1934 ridebatur

899 1947 1100 1987 widerlegen
1121 1947 1194 1978 soll.

944 1992 984 2024 de
1016 1992 1229 2023 Phoenissis:
1265 1991 1410 2033 Euripid.
1441 1991 1564 2023 Phoen.

900 2036 963 2068 524
994 2038 1097 2080 εἴπερ
1122 2033 1191 2079 γὰρ
1221 2033 1362 2068 ἀδικεῖν
1385 2033 1476 2079 χοή,
1507 2047 1565 2068 τυ-

901 2081 1073 2125 ραννίδος
1091 2082 1174 2123 πέρι
1191 2079 1401 2114 Κάλλιστον
1415 2079 1566 2123 αδίκεῖν,

900 2123 1009 2158 τᾶλλα
1028 2123 1064 2158 δ’
1086 2123 1247 2168 εὐσεβεῖν
1269 2123 1401 2170 χρεών.

946 2172 998 2203 53.
1044 2172 1094 2203 rel
1117 2174 1234 2216 potius
1264 2171 1455 2216 Euripides.
1506 2172 1567 2204 Mit

898 2217 1043 2249 Unreebt
1061 2218 1115 2248 hat
1133 2227 1204 2249 inan
1232 2216 1282 2249 die
1302 2217 1406 2249 Stelle
1425 2217 1565 2258 cor-rigi-

900 2273 955 2293 ren
988 2263 1125 2301 wollen,
1165 2263 1242 2294 weil
1273 2262 1447 2304 Euripides
1478 2262 1566 2294 nicht

898 2317 1013 2347 wegen
1061 2309 1154 2339 einer
1194 2307 1491 2339 Yerbreeherrolle
1533 2307 1563 2339 in

898 2353 1003 2384 eineni
1035 2353 1147 2385 seiner
1176 2353 1299 2384 Stin-ke
1329 2350 1477 2384 strasbai‘·
1505 2362 1563 2393 ge-

898 2398 1015 2429 funden
1041 2398 1172 2429 werden
1204 2399 1322 2429 ko'nne.
1364 2397 1429 2429 Cic.
1460 2397 1563 2429 tadelt

898 2444 967 2481 ilm,
984 2444 1061 2474 ‘wie
1092 2444 1162 2474 dies
1186 2443 1425 2484 Aristophanes
1455 2452 1491 2473 so
1516 2442 1563 2474 ol't

899 2489 985 2528 thut,
1013 2488 1087 2519 weil
1113 2499 1175 2519 von
1195 2489 1256 2519 ihm
1275 2488 1355 2519 doch
1375 2488 1426 2518 die
1446 2498 1562 2519 unmo-

897 2533 1037 2564 ralische
1057 2533 1200 2564 Sentenz
1218 2533 1366 2573 ausgeht.

929 2579 1064 2620 suerit:
1083 2576 1120 2614 11,
1138 2577 1190 2617 24,
1210 2578 1262 2609 84.
