1684 2819
148 173 197 211 14
613 171 947 215 LlssER1.8‚17.
977 175 1088 212 9,18.

146 296 207 329 est
227 288 388 337 malum,
409 287 471 328 cui
493 287 715 341 proximum
738 294 888 341 tempus
911 294 972 329 est
994 294 1081 342 post
1102 295 1284 338 mortem,
1305 289 1345 328 in
1367 303 1441 342 quo
1464 288 1556 329 mali

140 344 236 385 nihil
259 358 347 386 esse
370 343 579 384 concedis:
605 344 659 383 ita
676 356 725 383 ne
747 345 990 384 moriendum
1016 345 1168 397 quidem
1192 358 1280 385 essc
1304 345 1444 385 malum
1468 353 1552 397 estg

144 402 179 442 id
204 409 264 441 est
286 401 403 449 enim,
438 400 745 453 perveniendum
777 413 865 440 esse
895 401 941 440 ad
972 400 1025 450 id,
1059 402 1160 453 quod
1183 416 1260 441 non
1292 415 1381 443 esse
1412 403 1556 442 malum

144 458 389 498 confitemur.
431 456 489 496 A.
524 455 691 496 Uberius
722 457 813 505 ista,
849 469 1013 509 quaeso,
1058 457 1164 498 Haec
1196 457 1299 498 enim
1331 459 1555 511 spinosiora

144 515 266 569 prius,
293 521 334 553 ut
356 513 557 562 confitear,
591 525 651 552 me
682 520 842 567 cogunt,
876 526 989 566 quam
1021 519 1065 553 ut
1093 514 1304 554 assentiar.
1350 514 1425 555 Sed
1457 529 1557 568 quae

143 578 231 610 sunt
256 583 315 618 ea,
350 581 450 622 quae
481 569 575 609 dicis
599 576 636 609 te
659 569 808 610 maiora
838 569 995 610 moliri?
1035 568 1098 610 M.
1124 569 1172 611 Ut
1193 570 1370 621 doceam,
1405 572 1438 612 si
1466 585 1557 626 pos-

142 627 229 675 sim,
253 639 331 665 non
353 626 467 666 modo
485 626 631 666 malum
654 640 732 667 non
749 639 853 675 esse,
874 626 942 667 sed
964 625 1107 666 bonum
1126 627 1245 667 etiam
1263 639 1351 668 6556
1368 635 1553 668 mortem.

142 683 203 724 A.
237 682 327 723 Non
349 682 505 736 postulo
527 683 565 722 id
588 683 758 736 quidem,
792 696 892 724 aveo
925 690 1056 724 tamen
1080 683 1233 723 audire.
1280 683 1330 724 Ut
1352 685 1455 724 enim
1478 698 1557 724 non

143 739 302 788 efficias,
328 738 429 793 quod
451 738 528 789 vis,
554 747 700 790 tamen,
725 754 832 780 mors
854 746 897 780 ut
918 739 1059 780 malum
1084 754 1161 779 non
1184 740 1249 789 sit,
1275 740 1434 781 efficies.
1480 740 1556 781 Sed

142 795 240 836 nihil
280 803 318 835 te
354 796 640 850 interpellab03
685 797 951 837 continentem
994 797 1212 836 orationem
1255 797 1391 837 audire
1433 797 1552 837 malo.

82 861 120 893 17
138 852 202 894 M.
228 852 357 903 Quid?
390 852 422 893 si
453 860 489 893 te
519 866 717 906 rogavero
750 853 919 906 aliquid,
955 867 1033 893 non
1062 853 1348 906 respondebis?
1387 854 1449 895 Α.
1483 854 1556 894 Su-

141 909 302 963 perbum
325 911 362 951 id
385 910 539 963 quidem
563 917 637 958 est,
663 910 747 958 sed,
782 910 857 950 nisi
881 909 971 962 quid
1002 922 1166 950 necesse
1196 909 1286 959 crit,
1324 909 1442 960 malo,
1477 924 1556 950 non

94 967 122 1011 9
140 972 274 1020 roges.
319 967 384 1008 M.
411 965 552 1006 Geram
576 966 644 1006 tibi
667 980 816 1007 morem
841 973 879 1006 et
901 979 963 1016 ea,
997 980 1097 1019 quae
1119 966 1197 1015 vis,
1231 973 1275 1006 ut
1297 973 1453 1020 potero,
1484 980 1557 1006 ex-

141 1023 309 1077 plicabo,
342 1036 414 1063 nec
437 1030 568 1063 tamen
591 1023 701 1076 quasi
724 1022 889 1077 Pythius
910 1022 1068 1076 Apollo,
1102 1029 1211 1063 certa
1232 1030 1274 1063 ut
1295 1023 1374 1063 sint
1396 1030 1435 1063 et
1456 1023 1552 1071 fixa,

141 1092 240 1133 quae
263 1080 420 1129 dixero,
447 1080 515 1120 sed
537 1087 580 1120 ut
603 1080 863 1120 homunculus
887 1093 988 1119 unus
1008 1093 1028 1120 6
1049 1079 1196 1129 multis,
1222 1079 1440 1133 probabilia
1462 1084 1556 1119 con-

140 1136 291 1176 iectura
321 1149 506 1189 sequens.
551 1136 659 1177 Ultra
689 1136 792 1176 enini
815 1150 890 1189 quo
913 1136 1160 1190 progrediar,
1186 1149 1300 1188 quam
1323 1143 1366 1176 ut
1386 1136 1472 1176 veri
1503 1136 1557 1176 si—

140 1192 247 1233 milia
276 1193 447 1243 videam,
483 1207 562 1232 non
594 1193 743 1243 habe03
779 1199 888 1233 certa
920 1193 1052 1233 dicent
1081 1192 1132 1242 ii,
1167 1193 1231 1245 qui
1263 1200 1301 1232 et
1331 1192 1479 1247 percipi
1509 1205 1555 1233 ea

140 1262 255 1302 posse
289 1250 421 1289 dicunt
453 1257 492 1290 et
525 1263 567 1289 56
599 1250 798 1303 sapientes
829 1262 918 1290 esse
950 1249 1198 1304 profitentur.
1243 1247 1303 1289 A.
1331 1249 1408 1298 Tu,
1434 1255 1477 1289 ut
1496 1249 1556 1289 vi-

139 1306 275 1355 detur3
310 1321 382 1346 nos
405 1307 454 1346 ad
477 1306 711 1346 audiendum
735 1307 859 1360 parati
883 1320 1031 1346 sumus.

237 1363 301 1404 M.
326 1363 435 1404 Mors
457 1362 578 1417 igitur
594 1363 694 1417 ipsa,
721 1376 820 1416 quae
837 1364 994 1403 videtur
1017 1362 1223 1403 notissima
1244 1376 1310 1403 rcs
1334 1375 1439 1412 esse,
1464 1361 1556 1416 quid

183 1480 236 1512 16.
250 1483 355 1522 prins
372 1481 482 1522 „eher
495 1481 608 1513 ῃοοΙκι
624 1481 687 1513 wie
697 1480 739 1512 V.
753 1482 808 1518 27,

136 1525 198 1557 78:
222 1526 424 1568 (Aegyptii)
446 1529 609 1569 quamvis
628 1529 811 1567 carnfici-

135 1581 216 1603 nam
231 1574 337 1613 prius
362 1573 559 1613 subierint,
589 1582 696 1614 qnam
724 1574 810 1605 ibim

136 1617 281 1649 violent.

180 1675 357 1714 confitear
375 1691 417 1697 -·
436 1676 625 1706 assentiar.
649 1673 809 1707 Ersteres

134 1719 208 1750 thut
225 1728 300 1750 man
322 1718 611 1759 nothgedrungen‚
626 1730 807 1752 wennman

133 1773 237 1804 gegen
272 1764 335 1794 den
363 1763 500 1795 Andern
535 1763 654 1796 Nichts
687 1775 809 1797 vorzu-

133 1809 273 1849 bringen
292 1808 415 1848 wciss3
436 1809 597 1841 lctztercs
613 1820 674 1841 aus
691 1810 806 1842 freicln

133 1853 337 1885 Entschluss
356 1854 421 1884 und
443 1852 721 1896 Ueberzeugung.

179 1914 221 1942 ut
243 1928 289 1933 -—
320 1920 388 1942 non
423 1911 580 1951 efficias,
616 1912 804 1952 concessiv,

132 1956 194 1988 wie
216 1956 277 1995 11,
297 1956 338 1987 23
366 1958 407 1986 ut
434 1958 504 1987 isla
531 1966 599 1986 nou
627 1957 805 1988 disseran-

134 2005 214 2041 tur-5
242 2001 304 2040 21,
324 2000 366 2032 49
396 2004 434 2032 uc
461 2003 641 2033 rationem
668 2002 805 2034 nullam

133 2048 294 2089 afferret.

178 2105 418 2134 continentem
451 2105 664 2135 orationem.
708 2103 806 2135 Dem-

131 2149 264 2189 gcm'ziss
291 2149 371 2188 geht
390 2147 461 2180 Cic.
482 2149 523 2179 im
545 2148 720 2190 folgenden
740 2148 806 2181 Κει-

131 2195 213 2235 pite!
238 2205 300 2225 von
320 2194 380 2225 der
398 2194 631 2226 sokratischen
652 2194 805 2226 Methode.

132 2250 174 2271 zu
202 2239 262 2270 der
287 2239 352 2270 ihm
384 2239 448 2270 und
475 2240 589 2271 seinen
619 2240 802 2272 rihnischen

132 2284 260 2317 Lesern
281 2284 500 2326 bequcmcrcn
526 2285 583 2315 dos
603 2286 804 2317 Aristoteles

133 2330 227 2369 iiber,
248 2330 280 2361 d.
294 2330 327 2361 h.
348 2340 383 2362 cs
400 2331 470 2361 tritt
491 2340 532 2361 an
548 2330 600 2361 dic
619 2331 724 2362 Stella
744 2332 802 2363 ‹les

132 2375 270 2417 Dialogs
289 2376 348 2407 der
365 2375 595 2415 Lchrvortrag
612 2377 704 2408 oinos
723 2376 804 2408 Ein-

132 2421 250 2453 zelnen
271 2422 315 2461 (s.
336 2421 476 2453 Einleit.
498 2432 551 2462 gg.
572 2421 694 2462 Endc).

180 2478 232 2509 17.
246 2488 314 2509 non
329 2478 557 2518 respondebis
567 2481 582 2509 ?
592 2478 711 2509 driickt
721 2477 804 2509 Ver—

132 2523 339 2563 wunderung
366 2522 420 2554 ffir
438 2523 499 2554 den
520 2533 802 2564 angenommcnen

134 2567 205 2599 Fau
256 2568 314 2600 des
358 2567 670 2600 Nichtautwortens
719 2579 800 2608 aus3

132 2624 246 2645 nonne
262 2614 487 2656 respondebis
499 2621 514 2644 Υ
527 2615 641 2645 wiirdc
654 2615 802 2655 dagegen

881 1481 934 1513 die
953 1481 1082 1513 sichcre
1102 1481 1304 1522 Erwartung
1322 1481 1381 1513 des
1399 1481 1556 1513 Antwor-

881 1532 954 1558 tens
973 1528 1156 1559 andeuten.

925 1574 1117 1614 superbam,
1145 1573 1183 1604 id
1208 1573 1348 1614 quidem
1376 1576 1442 1604 est.
1486 1571 1556 1605 Der

882 1617 987 1650 indic.
1019 1618 1101 1649 nach
1125 1618 1290 1658 Analogia
1315 1628 1378 1649 von
1407 1618 1554 1659 longum

881 1667 935 1695 est
952 1673 1162 1695 enumcrare
1181 1674 1214 1695 u.
1235 1663 1304 1704 dgl.

925 1705 964 1744 9.
979 1709 1252 1751 quasiPythius
1264 1709 1406 1750 Apollo,
1423 1709 1553 1749 griech.

879 1749 927 1790 ὡς
943 1752 981 1786 ἐκ
1000 1754 1186 1797 τρίποδος,
1206 1764 1269 1785 von
1289 1754 1552 1786 zuversichtlich

879 1798 1127 1841 Sprechenden.

924 1855 1015 1875 unus
1035 1855 1051 1875 e
1066 1845 1189 1875 multis
1209 1844 1292 1882 „ein
1303 1844 1556 1884 gewiihnlicher

878 1888 1059 1922 Menseln“.
1081 1889 1176 1921 Brut.
1198 1889 1252 1929 79,
1273 1889 1360 1920 274:
1382 1890 1431 1921 M.
1456 1890 1553 1922 Cale·-

878 1935 957 1966 de'us
985 1945 1052 1966 non
1069 1936 1153 1976 suit
1171 1939 1300 1967 oralor
1318 1945 1409 1966 unus
1428 1946 1445 1967 e
1464 1936 1554 1967 mul—

877 1983 937 2020 tis,
956 1982 1080 2022 polius
1101 1983 1196 2013 inter
1209 1981 1343 2012 multos
1352 1991 1467 2023 prope
1480 1982 1555 2012 sin-

875 2025 1018 2067 gularis
1028 2027 1123 2066 sm'l.

919 2071 1123 2112 probabilia
1150 2073 1361 2103 coniectura
1385 2081 1549 2114 sequens.

875 2115 938 2147 Dio
974 2126 1118 2147 neueren
1153 2115 1398 2157 Akademikeffi
1443 2117 1550 2149 denen

876 2162 947 2193 sich
981 2161 1055 2193 Cic.
1090 2162 1133 2193 im
1167 2161 1300 2204 Princip
1336 2161 1549 2199 anschliesst,

875 2207 1002 2238 hielten
1056 2217 1119 2238 nur
1163 2206 1549 2246 8VahrscMinlichkeit,

875 2252 965 2284 nicht
1000 2250 1203 2283 Gewissheit
1244 2252 1299 2283 fiir
1338 2253 1550 2284 crreichbar.

874 2296 950 2338 vgl.
968 2308 1001 2328 u.
1019 2298 1057 2328 A.
1080 2298 1132 2337 17,
1149 2298 1211 2337 403
1242 2298 1298 2336 25,
1315 2297 1442 2337 60311.
1461 2297 1493 2337 2,
1512 2299 1548 2329 5.

921 2346 1018 2374 eet-la
1051 2343 1166 2374 dicent
1195 2344 1223 2373 ‘iz‘
1253 2347 1317 2374 etc.
1362 2341 1454 2374 Nach
1490 2342 1552 2374 der

875 2387 984 2419 Lehre
1011 2388 1071 2419 der
1088 2387 1226 2419 swiker
1242 2397 1314 2418 war
1331 2387 1475 2419 Iri-thum
1495 2388 1550 2419 fiir

876 2433 937 2464 den
958 2432 1096 2464 NVeisen
1124 2433 1215 2464 nicht
1238 2433 1381 2472 iniiglich
1396 2457 1405 2472 ‚
1433 2432 1550 2464 woher

876 2479 923 2509 sie
944 2478 1014 2509 ihre
1035 2478 1134 2509 Siitze
1157 2474 1353 2521 (δόχυατα)
1380 2478 1463 2509 auch
1488 2479 1547 2510 mit

877 2523 1121 2555 Bestimmtheit
1140 2523 1349 2555 liinstellten.

922 2572 973 2609 tn,
995 2572 1035 2600 ut
1053 2569 1204 2609 vitletur,
1235 2569 1264 2600 d.
1288 2569 1320 2600 h.
1343 2572 1382 2601 tu
1398 2569 1479 2611 sac,
1508 2572 1547 2600 ut

875 2615 943 2646 tibi
962 2614 1114 2646 ridetur.
