1684 2819
683 146 759 179 [ΑΒ.
778 145 815 179 ll.
853 146 943 178 CAP.
962 146 1013 179 22.
1030 146 1082 178 23.
1506 148 1579 186 151

185 248 290 299 ginta
310 258 501 286 annorum
525 249 797 298 possessiones
819 249 965 288 moveri
986 261 1067 287 non
1088 249 1203 287 nimis
1225 261 1389 300 aequum
1413 249 1583 300 putabat,

184 309 387 356 propterea
404 304 504 355 quod
527 310 603 343 tam
625 305 740 356 longo
763 306 885 356 spatio
904 305 1020 344 multa
1037 304 1320 351 hereditatibus
1339 305 1456 344 multa
1473 317 1583 356 emp-

182 360 373 406 tionibus,
404 361 521 399 multa
550 361 702 400 dotibus
724 362 952 401 tenebantur
974 362 1056 400 sine
1078 361 1232 407 iniuria,
1263 362 1440 401 iudicavit
1461 374 1585 412 neque

183 416 253 455 illis
277 416 392 455 adimi
414 429 485 455 nec
505 418 565 456 his
588 429 668 456 non
691 418 782 457 satis
805 419 905 465 fieri,
935 430 1098 469 quorum
1123 418 1181 456 illa
1204 419 1366 466 fuerant,
1390 423 1582 469 oportere.

182 472 277 511 Cum
306 473 419 523 igitur
449 474 645 512 statuisset
675 487 774 525 opus
797 488 882 513 esse
903 475 948 513 ad
972 488 1052 513 eain
1077 487 1157 512 rem
1183 474 1491 514 constituendam
1513 487 1581 525 pe—

183 529 313 574 cunia,
343 529 605 569 Alexandriam
630 543 671 568 se
692 531 884 582 proficisci
913 531 1003 569 velle
1031 531 1122 569 dixit
1150 543 1307 582 remque
1329 531 1514 582 integram
1537 531 1582 570 ad

182 586 347 624 reditum
371 598 484 624 suum
516 586 626 625 iussit
646 599 742 626 esse.
784 587 896 638 Isque
917 587 1088 626 celeriter
1114 588 1161 625 ad
1183 587 1445 626 Ptolemaeum
1468 600 1582 626 suum

182 642 374 693 hospitem
402 642 521 689 venit,
549 643 612 694 qui
643 649 723 682 tuni
752 643 935 694 regnabat
962 644 1055 681 alter
1083 649 1171 693 post
1191 644 1457 682 Alexandriam
1487 655 1582 681 con-

183 698 310 737 ditam.
349 698 416 737 Cui
441 711 527 737 cum
552 699 795 749 exposuisset
817 700 978 750 patriam
1004 712 1044 737 se
1066 699 1225 738 liberare
1246 700 1335 738 velle
1353 712 1583 750 causamque
1618 709 1625 715 “

183 755 390 801 docuisset,
407 767 426 792 a
444 767 533 805 rege
551 756 734 806 opulento
752 755 808 793 vir
826 768 1003 794 summus
1022 756 1126 794 facile
1143 756 1372 806 impetravit,
1391 762 1433 795 ut
1449 756 1583 806 grandi

179 810 340 862 pecunia
370 810 619 849 adiuvaretur.
667 812 792 858 Quam
820 824 907 850 cum
938 812 1143 862 Sicyonem
1172 812 1377 859 attulisset,
1412 812 1584 851 adhibuit

181 866 253 905 sibi
275 866 313 904 in
335 866 538 905 concilium
557 867 775 918 quindecim
792 867 999 918 principes,
1021 880 1108 906 eum
1127 868 1265 919 quibus
1284 881 1417 908 causas
1436 881 1582 919 cogno—

180 922 231 961 vit
251 928 288 961 et
308 935 462 969 eorum,
492 924 555 973 qui
580 924 700 963 aliena
722 924 918 971 tenebant,
947 930 983 962 et
1004 937 1157 969 eorum,
1188 925 1251 975 qui
1274 937 1342 963 sua
1364 925 1583 969 amiserant,

180 978 413 1030 perfec-itque
441 980 689 1019 aestimandis
717 980 1054 1031 possessionilmS,
1083 986 1125 1019 ut
1145 981 1392 1032 persuaderet
1413 980 1513 1028 aliis,
1541 986 1583 1020 ut

181 1035 382 1086 pec-uniam
412 1036 583 1086 accipere
618 1036 791 1083 mallent,
826 1036 1143 1087 possessionibus
1180 1038 1372 1084 cederent,
1409 1037 1506 1083 aliiS,
1540 1042 1608 1079 ute

182 1091 425 1131 commodius
446 1098 621 1143 putarent
646 1093 839 1132 numerari
862 1093 933 1132 sibi
962 1094 1064 1143 quod
1092 1093 1184 1132 tanti
1208 1099 1309 1132 esset
1330 1106 1443 1145 quam
1467 1106 1581 1132 suum

180 1160 417 1198 recuperare.
465 1149 518 1186 Ita
552 1149 766 1199 perfectum
800 1154 858 1187 est
890 1154 931 1188 ut
966 1162 1102 1188 omnes
1137 1150 1340 1188 concordia
1376 1150 1582 1188 constituta

181 1205 264 1242 sine
287 1204 450 1254 querella
473 1203 742 1243 discederent?
770 1205 800 1243 Ο
823 1205 947 1244 virum
976 1218 1157 1256 magnum
1188 1206 1422 1256 dignumque
1450 1206 1515 1256 qui
1542 1206 1581 1244 in

181 1273 221 1298 re
250 1260 399 1311 publica
429 1266 561 1299 nostra
590 1266 703 1299 natus
732 1260 850 1300 esset!
893 1261 955 1300 Sic
982 1274 1051 1312 par
1078 1267 1137 1300 est
1171 1274 1282 1312 agere
1310 1274 1396 1301 cum
1426 1262 1580 1307 civibus,

182 1329 279 1363 11011,
301 1322 342 1355 ut
362 1316 421 1355 1115
443 1316 517 1355 iam
541 1316 725 1365 vidimus,
748 1318 898 1356 hastam
921 1318 959 1356 in
983 1320 1068 1356 soro
1091 1330 1237 1369 ponere
1260 1324 1296 1357 et
1317 1318 1418 1357 bona
1441 1318 1581 1357 01111101

182 1373 266 1411 voci
288 1372 461 1411 subicere
487 1373 701 1424 praeconis.
745 1375 792 1412 At
820 1374 879 1413 ille
902 1374 1086 1420 Graecus,
1118 1375 1153 1412 id
1177 1375 1280 1425 quod
1309 1375 1378 1413 fuit
1399 1374 1582 1426 sapientis

182 1435 218 1467 et.
252 1429 484 1480 praestantis
519 1429 606 1475 viri,
642 1430 822 1469 omnibus
857 1431 1137 1469 consulendum
1174 1431 1337 1482 putavit,
1371 1443 1489 1482 eaque
1523 1436 1583 1470 est

183 1498 334 1524 summa
362 1485 456 1524 ratio
485 1491 521 1523 et
547 1486 732 1536 sapientia
760 1487 851 1525 boni
881 1487 990 1533 civis,
1019 1487 1223 1526 commoda
1250 1487 1388 1526 civium
1416 1499 1495 1525 non
1523 1487 1581 1526 di—

182 1541 316 1580 vellere
344 1547 453 1592 atque
481 1554 617 1581 omnes
641 1543 828 1593 aequitate
858 1544 987 1582 eadem
1012 1543 1223 1582 continere.
1265 1543 1444 1582 Habitent
1464 1544 1582 1595 gratis

920 1666 1159 1698 Griechenland
1179 1665 1348 1706 geschickt
1366 1667 1466 1698 hatte.

964 1711 1016 1742 83.
1053 1713 1101 1743 bis
1118 1713 1183 1742 iam
1203 1710 1362 1742 vidimus:
1386 1710 1417 1753 ξ.
1438 1710 1490 1742 29.

180 1668 303 1698 sv'oues.
334 1665 392 1697 Die
417 1665 611 1705 Fliichtigen
638 1676 748 1698 waren
773 1676 845 1697 zum

182 1710 277 1742 Theil
301 1711 400 1742 sehon
431 1721 493 1742 vor
515 1709 643 1742 Hlinias
668 1710 743 1742 Zeit
767 1721 844 1742 ver-

5 1419 9 1428 st

5 1437 6 1448 l

4 1489 7 1498 .

2 1583 5 1595 l

0 1633 4 1657 l

0 1659 4 1682 ,¹

0 1688 3 1713 i

0 1723 3 1746 l

179 1755 324 1792 trieben3
351 1755 436 1787 Plut.
456 1756 548 1787 Arat.
568 1756 598 1787 9.

225 1800 277 1832 82.
312 1802 491 1843 integram,
511 1801 541 1831 d.
560 1801 580 1832 i.
600 1801 766 1832 intactam.

225 1846 378 1878 liberare.
426 1845 495 1877 Zur
523 1845 699 1885 Befreiung
728 1846 846 1887 gehort

180 1891 269 1922 nicht
286 1890 357 1922 blos
375 1891 427 1922 die
448 1890 671 1931 Vertreibung
698 1891 755 1922 des
774 1890 843 1933 Ty-

179 1946 320 1976 rannen,
348 1936 490 1967 sondern
515 1936 595 1967 auch
618 1936 669 1967 die
688 1936 845 1976 Ordnung

180 1982 239 2013 der
279 1981 394 2012 innern
435 1980 753 2021 Angelegenheiten.
810 1980 843 2012 In

178 2027 301 2058 diesem
325 2026 446 2058 weiten
472 2025 571 2057 Sinne
596 2027 685 2058 steht
708 2026 778 2057 hier
807 2026 844 2056 li-

179 2073 308 2103 berare.

225 2126 360 2148 causam
393 2115 578 2147 docuisset:
607 2116 658 2147 die
684 2115 843 2156 Sachlag'e

179 2161 379 2201 darstellen,
405 2161 454 2191 ein
476 2161 653 2191 stehender
669 2160 844 2192 Ausdruck

180 2205 376 2238 namentlich
414 2205 464 2236 bei
495 2205 731 2243 gerichtlichen
758 2205 843 2237 Ver-

180 2251 399 2291 handlungen.

222 2295 352 2338 grande?
363 2298 517 2339 pecunia.
543 2295 753 2327 Ptolemaeus
767 2294 843 2327 Phi-

180 2341 353 2383 ladelphus
392 2341 454 2381 gab
493 2340 555 2372 ihm
600 2340 661 2372 150
694 2340 843 2382 Talente‚

180 2387 279 2418 theiis
297 2386 374 2417 weil
391 2386 454 2417 ihm
473 2386 574 2417 daran
594 2386 647 2426 lag
664 2386 715 2417 die
734 2385 844 2418 Mace-

179 2432 295 2463 donier
311 2441 369 2462 aus
388 2431 460 2462 dem
477 2430 683 2473 Peloponnes
709 2442 750 2462 zu
768 2441 845 2462 vei·-

180 2477 336 2517 dr'zingen,
356 2487 407 2507 1110
427 2476 532 2507 selbst
550 2476 625 2507 dort
643 2476 786 2507 Einssuss
806 2486 845 2507 zu

183 2521 369 2561 gewinnen,
389 2521 486 2552 theils
505 2521 581 2552 weil
598 2521 661 2553 ihm
679 2521 761 2553 Arat
778 2520 847 2552 1111-

181 2567 240 2598 her
263 2566 350 2598 'efter
374 2566 572 2598 werthvolle
600 2565 758 2598 Gem'alde
788 2576 846 2597 aus

962 1759 1062 1798 atque
1079 1756 1254 1787 verbindet
1271 1756 1365 1787 einen
1382 1756 1580 1787 1010011100-

919 1801 979 1832 (100
1014 1801 1092 1832 Satz
1130 1801 1188 1832 mit
1227 1800 1330 1832 einem
1366 1800 1580 1842 bejahenden,

918 1856 1013 1877 wenn
1044 1846 1154 1877 dieser
1193 1856 1234 1876 zu
1263 1846 1333 1876 dem
1368 1850 1480 1877 ersten
1514 1846 1584 1877 kei-

919 1902 980 1922 nen
999 1890 1187 1931 Gegensatz
1206 1890 1328 1930 bildet,
1348 1891 1490 1921 sondern
1509 1891 1581 1922 eine

918 1936 1143 1976 Erl'ziuterung
1165 1935 1275 1975 giebt3
1309 1935 1425 1966 Parad.
1454 1935 1513 1976 VJ,
1538 1935 1580 1966 43

918 1983 950 2012 ,νί
978 1983 1179 2012 testamenta
1207 1981 1409 2013 αηιῖσονιηη,
1423 1984 1582 2024 ewpectas

917 2029 977 2058 (lut
998 2037 1040 2057 71e
1064 2029 1224 2069 ezz‘peclas
1248 2025 1381 2068 quidem
1398 2029 1495 2068 atque
1510 2027 1583 2070 ipse

918 2072 1090 2114 supponis.

962 2117 1117 2147 Habitent
1139 2116 1254 2157 gratis
1271 2117 1302 2146 ίη
1321 2116 1440 2147 alieno.
1474 2115 1580 2146 Schon

918 2161 958 2192 ini
977 2161 1006 2191 J.
1028 2160 1091 2191 70ss
1111 2160 1188 2200 (43)
1214 2160 1347 2191 brachte
1366 2161 1425 2191 dei·
1441 2159 1581 2192 Praetor

918 2205 961 2237 M.
987 2205 1119 2236 Caelius
1149 2204 1251 2236 Rufus
1281 2205 1333 2236 ein
1364 2204 1487 2237 Gesetz
1517 2205 1580 2246 ein,

918 2251 974 2282 das
993 2250 1057 2281 alle
1074 2249 1311 2290 Forderungen
1329 2260 1388 2281 aus
1406 2250 1579 2282 lausenden

917 2295 1149 2327 Hausmiethen
1180 2295 1336 2335 cassirte,
1370 2296 1474 2336 drang
1501 2295 1581 2327 aber

917 2340 1017 2372 damit
1042 2341 1130 2372 nicht
1146 2341 1264 2372 durch:
1289 2340 1522 2381 ehensowenig
1539 2340 1579 2372 im

918 2385 1093 2426 folgenden
1112 2385 1210 2416 Jahn-e
1234 2385 1293 2416 der
1309 2384 1432 2416 Tribun
1456 2385 1492 2417 P.
1511 2385 1578 2417 Do-

918 2431 1039 2463 labella
1055 2429 1295 2470 (Mommsenlll
1306 2430 1467 2472 p.437f.).
1487 2431 1578 2462 Auch

920 2475 1042 2508 Caesar
1058 2476 1118 2515 gab
1137 2475 1195 2507 auf
1207 2473 1331 2507 Hosten
1352 2476 1411 2507 der
1428 2475 1579 2507 Hausbe-

921 2521 1025 2553 sitzer
1054 2521 1114 2552 den
1146 2520 1294 2552 kleinern
1326 2520 1490 2552 Miethern
1524 2521 1584 2552 aut·

922 2566 973 2598 ein
1003 2566 1082 2597 Jahr
1111 2565 1374 2597 Miethsfreiheit.
1409 2564 1500 2597 Cass.
1519 2565 1579 2597 Dio

1612 1213 1629 1245 S
1634 1214 1652 1244 3
