1684 2819
548 172 626 205 LIB.
644 172 668 205 1.
707 172 798 206 CAP.
819 173 870 205 17.
890 173 941 205 15.
1391 175 1443 213 57

37 276 102 323 sit,
137 275 402 327 propinquum
438 275 570 326 potius
599 281 636 314 et
673 275 838 314 amicum
867 287 983 326 quam
1017 275 1186 314 vicinum
1215 275 1443 314 defenderis.

35 332 136 371 Haec
157 332 271 382 igitur
292 336 328 370 et
349 331 434 370 talia
456 331 802 383 circumspicienda
824 336 916 370 sunt
935 331 975 369 in
1003 331 1111 370 omni
1133 331 1259 370 officio
1289 337 1325 370 et
1347 344 1443 370 con-

35 388 199 427 suetudo
217 386 512 438 exercitatioque
530 389 728 439 capienda,
750 387 899 426 utboni
916 387 1207 427 ratiocinatores
1225 387 1443 426 officiorum

33 456 118 482 esse
135 444 335 494 possimus
358 450 394 483 et
411 445 586 483 addendo
605 443 907 495 deducendoque
923 444 1050 483 videre
1067 457 1162 495 quae
1179 444 1315 495 reliqui
1332 456 1441 482 sum-

31 513 94 538 ma
115 500 191 539 fiat.
234 501 287 538 Ex
309 513 384 551 quo
407 506 592 551 quantum
616 501 752 552 cuique
769 501 950 539 debeatur
971 500 1180 551 intellegas.
1216 501 1292 539 Sed
1310 507 1351 539 ut
1367 512 1440 538 nec

32 556 171 594 medici
198 568 270 595 nec
299 557 551 607 imperatores
580 570 652 596 1166
680 562 872 602 oratores,
908 556 1081 607 quamvis
1116 557 1207 595 artis
1236 561 1442 607 praecepta

29 613 292 663 perceperint,
325 613 528 664 quicquam
556 625 692 664 magna
720 613 831 652 laude
854 613 1012 663 dignum
1036 613 1119 651 sine
1139 625 1215 651 usu
1237 618 1274 651 et
1294 613 1440 651 exerci-

31 668 175 707 tatione
196 669 380 719 consequi
403 675 589 720 possunt,
620 669 674 707 sic
702 669 817 707 officii
847 669 1100 707 conservandi
1127 674 1331 720 praecepta
1359 673 1440 707 tra-

29 725 173 763 duntur
192 725 254 764 illa
276 725 443 776 quidem,
463 731 506 764 ut
522 725 682 763 facimus
700 725 787 775 ipsi,
809 725 876 763 sed
893 725 947 763 rei
964 725 1188 787 magnitudo
1208 737 1322 763 usum
1340 737 1440 775 quo-

28 793 102 843 qne
123 781 509 831 exercitationemque
531 781 736 819 desiderat.
778 781 901 831 Atque
923 781 968 818 ab
997 781 1042 819 iis
1070 781 1204 828 rebus,
1233 793 1329 831 quae
1350 786 1441 819 sunt

26 836 65 874 in
86 837 169 875 iure
191 837 383 875 societatis
406 837 616 883 humanae,
646 849 759 887 quem
782 837 826 874 ad
849 837 1011 874 modum
1034 837 1195 875 ducatur
1215 838 1438 895 honestum,

26 905 71 931 ex
93 905 170 943 quo
193 898 325 943 aptum
348 898 405 930 est
428 893 612 939 osticium,
635 893 726 931 satis
750 894 827 931 fele
849 893 1028 931 diximus.

138 949 436 999 Intellegendum
458 954 583 988 autem
607 956 682 994 est,
713 961 800 987 cum
830 949 1031 1000 proposita
1059 949 1135 987 sint
1162 961 1301 999 genera
1323 955 1434 999 quat—

25 1010 133 1051 tuor,
162 1005 343 1056 equibus
367 1006 551 1044 honestas
582 1005 829 1056 officiumque
859 1011 1050 1051 manaret,
1081 1005 1438 1055 splendidissimum

25 1061 145 1099 videri
169 1062 275 1112 quod
304 1061 458 1099 animo
487 1073 655 1111 magno
688 1062 906 1112 elatoque
935 1062 1201 1113 humanasque
1221 1074 1283 1099 res
1306 1061 1438 1112 despi-

24 1117 144 1155 ciente
172 1119 313 1156 factnm
337 1117 397 1155 sit.
438 1118 570 1168 Itaque
596 1118 635 1156 in
658 1117 813 1168 probris
835 1118 1001 1156 maxime
1023 1117 1062 1155 in
1084 1124 1271 1168 promptu
1299 1123 1374 1163 est,
1405 1118 1437 1155 si

23 1173 113 1224 quid
135 1174 206 1212 tale
228 1173 300 1212 dici
322 1179 470 1224 potest:

142 1240 211 1279 Vo's
240 1243 360 1284 enim,
390 1243 560 1285 1111161163,
591 1243 763 1280 (inimum
791 1244 921 1291 yere'te's
949 1241 1192 1285 muliebrem,
1229 1241 1298 1279 illa
1327 1242 1435 1291 vz'ryo'

101 1329 103 1335 .
1169 1299 1248 1335 viri

23 1358 60 1391 et
81 1352 113 1391 51
136 1352 226 1403 qnid
249 1352 329 1391 61115
352 1352 478 1391 modi:

132 1420 354 1459 Salmcice’da
376 1420 500 1471 spolia
521 1424 600 1458 sine
622 1422 761 1459 sudore
784 1428 817 1459 et
837 1423 1033 1471 sanquine.

19 1488 235 1537 Contraque
257 1487 295 1525 in
316 1487 505 1533 laudibus,
530 1500 625 1538 quae
646 1500 785 1537 magno
808 1488 937 1525 animo
962 1487 1114 1526 fortiter
1129 1488 1432 1538 excellenterque

18 1549 124 1594 gesta
153 1549 260 1590 sunt,
294 1556 335 1581 ea
364 1544 496 1582 nescio
526 1556 602 1594 quo
632 1544 751 1582 modo
781 1544 889 1594 quasi
918 1543 1091 1593 pleniore
1120 1557 1187 1582 ore
1213 1544 1430 1583 laudamus.

17 1600 116 1638 Hinc
136 1600 336 1638 rhetorum
360 1612 517 1651 campus
541 1600 586 1638 de
607 1600 850 1647 Marathone,
873 1599 1081 1645 Salamine,
1104 1600 1286 1646 Plataeis,
1309 1601 1431 1639 Ther-

15 1655 198 1706 mopylis,
220 1656 412 1702 Leuctris,
433 1656 524 1695 hinc
545 1661 680 1694 noster
701 1656 850 1703 Cocles,
873 1657 962 1694 hinc
983 1656 1105 1703 Decii,
1128 1656 1220 1694 hinc
1242 1657 1307 1695 Cn.
1331 1662 1368 1694 et
1388 1657 1431 1695 P.

18 1711 233 1762 Scipiones,
254 1711 345 1750 111116
365 1712 412 1750 Μ.
432 1713 643 1759 Marcellus,
666 1712 965 1751 innumerabiles
989 1712 1061 1757 alii,
1085 1712 1326 1764 maximeque
1347 1713 1432 1764 ipse

61 1826 95 1854 et
121 1824 324 1855 consuetudo
343 1826 605 1866 exercitatioque
633 1834 687 1855 eu-

11 1867 135 1911 pc'encla
148 1869 264 1900 deutet
277 1869 334 1900 das
349 1869 390 1899 im
404 1869 536 1901 Voraus
549 1879 601 1909 an,
617 1879 685 1901 was

13 1914 56 1944 im
74 1912 105 1954 ξ.
116 1913 157 1944 60
171 1913 233 1945 sed
245 1916 283 1945 ut
299 1916 359 1945 eet.
378 1912 573 1953 ausgesiihrt
589 1914 684 1945 wird.

13 1956 83 1990 Sed
99 1958 294 1989 bezeichnet
318 1959 389 1989 also
416 1959 491 1990 dort
515 1959 604 1991 nicht
621 1959 684 1990 den

12 2003 210 2044 Uehergang
238 2014 279 2034 zu
307 2008 411 2035 etwas
436 2014 519 2044 ganz
546 2003 682 2043 Neuem,

15 2049 157 2080 sondern
177 2053 266 2079 setzt
291 2059 352 2079 nur
377 2048 429 2080 die
456 2049 575 2080 zweite
594 2049 681 2081 Vor-

15 2092 132 2125 schrift
167 2094 239 2125 dem
272 2104 317 2125 ew
345 2104 407 2135 quo
436 2112 481 2116 —
507 2094 684 2136 intellegas

14 2143 188 2178 entgegen.

61 2184 336 2215 ewercitalionem
369 2194 489 2226 capere
519 2184 581 2215 w1e
613 2186 685 2215 αηί-

13 2238 117 2267 mum,
135 2228 406 2260 misericordz'azn
424 2238 553 2271 capere.

60 2273 112 2305 60.
140 2284 224 2315 quae
241 2277 322 2305 sunt
338 2275 369 2304 iu
389 2274 464 2305 iure
481 2284 547 2305 soc.
572 2274 615 2314 le.y
632 2274 683 2304 die

13 2317 362 2350 Rechtsverh'altnisse
372 2318 683 2349 dermenschlichen

15 2362 248 2395 Gesellschast.

61 2407 114 2440 61.
147 2410 257 2440 animo
280 2419 415 2450 magno.
455 2408 578 2440 Zuerst
599 2408 684 2439 wird

16 2463 81 2483 von
97 2453 169 2484 dem
181 2454 314 2484 wahren
330 2452 372 2495 (ξ.
388 2452 441 2493 61)
456 2454 522 2484 und
536 2453 684 2485 falschen

15 2496 171 2537 (62—65)
202 2498 365 2529 Hochsinn
392 2499 434 2529 im
456 2498 684 2539 Allgemeinen

15 2543 230 2583 gesprochen.
248 2543 308 2574 Die
322 2544 461 2575 weitere
472 2543 686 2583 Eintheilung

15 2598 41 2619 s.
61 2598 89 2619 z.
110 2586 141 2629 ξ.
158 2587 210 2619 66.

807 1824 880 1857 l‘os
899 1826 986 1855 enim
1003 1827 1063 1855 cet.
1087 1824 1273 1855 Lachmann
1288 1835 1316 1855 z.
1331 1823 1430 1855 Lucr.

759 1868 814 1909 lv,
832 1869 893 1899 211
905 1869 1031 1900 hatden
1041 1868 1128 1900 vers
1138 1869 1188 1900 als
1198 1869 1431 1901 troch'aischen

760 1914 927 1945 Sextenar
940 1914 1092 1953 erkannt,
1111 1914 1142 1944 in
1161 1915 1233 1945 dein
1250 1914 1308 1945 illa
1323 1915 1354 1945 in
1373 1914 1432 1945 der

759 1964 871 1990 ersten
886 1959 1000 2001 Sylbe,
1018 1959 1081 1990 wie
1100 1969 1136 1990 so
1151 1959 1261 1999 h'aufig
1274 1959 1326 1990 bei
1341 1959 1432 1990 alten

757 2004 1000 2043 Dramatikern,
1047 2004 1131 2035 kurz
1164 2004 1345 2044 gebraucht
1376 2004 1432 2035 ist.

757 2049 904 2089 Dichter,
935 2049 1039 2080 Stiick
1068 2050 1133 2080 und
1161 2049 1350 2088 Beziehung
1372 2049 1430 2080 des

756 2094 883 2127 verses
902 2094 975 2125 sind
992 2094 1193 2125 unbekannt.

802 2138 1003 2170 Salmczce‘da.
1043 2138 1202 2170 Salmacis
1238 2138 1326 2168 hiess
1357 2138 1429 2169 eine

759 2183 876 2225 Quelle
894 2183 1052 2222 Hariens‚
1083 2184 1184 2214 deren
1212 2182 1354 2214 &Vasser
1379 2182 1430 2214 die

758 2228 937 2259 Menschcn
958 2228 1246 2266 verweichlichte3
1274 2227 1334 2259 Ov.
1351 2232 1429 2258 met.

758 2273 813 2312 lv,
843 2272 908 2304 288
939 2273 970 2303 ff.
1023 2272 1225 2303 Salmacides
1258 2272 1302 2303 ist
1328 2273 1432 2303 daher

759 2318 999 2359 Schimpfname
1027 2317 1082 2349 fiir
1107 2318 1201 2348 einen
1225 2316 1429 2357 Weichling.

756 2363 848 2395 ΝΊοΙ]
873 2362 965 2394 Fest.
986 2373 1015 2403 p.
1035 2362 1097 2393 202
1122 2363 1168 2394 ist
1190 2363 1249 2393 der
1268 2361 1353 2394 Yers
1371 2372 1430 2393 aus

758 2408 894 2439 Ennius.

806 2452 862 2484 Cn.
879 2451 1234 2495 etP.Setp2'012es,de1
1247 2451 1276 2484 V
1279 2456 1352 2482 ater
1365 2451 1430 2482 und

760 2498 876 2529 01161111
905 2498 963 2529 des
993 2498 1120 2529 'alteren
1151 2496 1345 2535 Africanus,
1377 2496 1429 2527 die

758 2543 854 2574 beide
884 2543 915 2573 in
945 2542 1086 2584 Spanien
1116 2552 1220 2582 g'egen
1245 2521 1430 2572 Hasdrubal

760 2587 881 2619 fielen
874 2598 916 2619 1111
931 2587 1033 2619 J.542
1051 2586 1161 2627 (212).
1187 2586 1232 2619 ΙΙ.
1249 2585 1430 2618 Marcellus

1469 508 1510 540 60

1465 958 1504 990 61
