1684 2819
135 526 175 558 32

131 1149 173 1181 33

205 176 282 217 180
670 174 832 208 LIBER
852 175 906 208 tv.
927 176 978 217 14,
996 177 1049 209 32.
1070 176 1122 208 33.

200 305 285 332 rum
318 291 550 331 offensiones
583 289 667 329 sine
698 289 809 343 eulpa
839 290 1015 330 accidere
1045 297 1227 345 possunt,
1262 290 1479 330 animorum
1511 304 1590 331 non

198 348 314 388 item:
349 360 512 400 quorum
536 358 669 386 omnes
692 345 816 386 morbi
839 353 878 386 et
898 347 1211 400 perturbationes
1234 360 1285 387 ex
1313 347 1589 401 aspernatione

200 404 365 445 rationis
389 402 588 443 eveniunt.
624 402 756 455 Itaque
779 402 818 442 in
842 402 1058 444 hominibus
1087 403 1212 444 solum
1243 404 1465 456 exsistunt3
1501 418 1590 444 nam

199 460 346 500 bestiae
368 459 494 500 simile
517 459 694 512 quiddam
718 459 878 509 faciunt,
912 459 979 500 sed
1002 459 1041 498 in
1064 460 1373 512 perturbationes
1395 475 1472 501 non
1494 461 1589 501 inci-

198 517 305 556 dunt.
340 516 447 556 Inter
468 523 604 557 acutos
626 523 753 557 autem
778 523 817 556 et
838 516 941 556 inter
961 515 1118 557 hebetes
1141 516 1324 566 interest,
1360 518 1459 571 quod
1481 518 1589 572 inge—

198 572 324 622 niosi,
353 581 395 613 ut
417 587 484 613 aes
508 573 751 614 Corinthium
773 573 811 613 in
835 573 1060 627 aeruginem
1076 603 1085 621 ,
1119 573 1175 613 sic
1206 573 1262 613 itti
1293 573 1332 613 in
1354 574 1529 615 morbum
1553 582 1591 616 et

197 629 370 670 incidunt
400 630 548 672 tardius
582 638 620 671 et
652 637 886 670 recreantur
907 630 1038 680 ocius,
1073 629 1231 670 hebetes
1260 644 1337 670 nou
1368 631 1475 670 item.
1508 631 1589 672 Nec

196 687 352 727 veroin
385 701 537 728 omnem
573 687 748 727 morbum
778 701 822 727 ac
854 686 1180 741 perturbationem
1212 687 1364 727 animus
1395 687 1591 741 ingeniosi

198 743 322 794 cadit3
356 758 433 784 non
456 745 555 785 enim
578 745 616 785 in
639 744 717 784 ulla
747 745 905 784 efferata
938 752 975 785 et
1005 744 1211 794 immania3
1246 744 1430 797 quaedam
1463 752 1590 785 autem

198 800 452 842 humanitatis
474 816 626 855 quoque
651 802 791 847 habent
820 801 981 854 primam
1013 800 1204 855 speeiem,
1229 807 1271 840 ut
1302 800 1588 852 misericordia,-

197 857 417 909 aegritudo,
458 866 598 899 metus.
651 857 951 912 Aegrotationes
984 866 1110 898 autem
1143 857 1342 910 morbique
1374 859 1589 899 animorum

198 914 385 954 difficilius
408 915 523 956 evelli
545 930 658 970 posse
683 922 888 968 putantur,
923 929 1036 968 quam
1066 929 1214 955 summa
1244 915 1310 954 illa
1340 915 1458 962 vitia,
1493 929 1589 968 quae

195 971 406 1011 virtutibus
429 979 520 1012 sunt
541 973 752 1012 contraria.
787 971 932 1012 Morbis
956 973 1055 1012 enim
1079 971 1348 1020 manentibus,
1383 972 1479 1012 vitia
1501 972 1590 1012 sub-

196 1028 275 1068 lata
294 1041 383 1068 esse
405 1037 592 1081 possunt,
626 1029 713 1082 quia
744 1029 782 1068 hi
815 1042 891 1068 non
922 1035 998 1068 tam
1030 1029 1214 1068 celeriter
1235 1036 1448 1076 sanantur,
1476 1042 1589 1081 quam

197 1084 263 1125 itta
284 1084 486 1125 tolluntur.

311 1141 437 1181 Habes
470 1155 537 1190 ea,
571 1155 668 1194 quae
700 1142 745 1182 de
776 1141 1133 1195 perturbationibus
1165 1141 1366 1182 enucleate
1396 1141 1591 1196 disputant

198 1197 342 1247 Stoici,
378 1211 474 1251 quae
506 1198 633 1253 logica
664 1199 882 1253 appellant,
916 1198 1005 1252 quia
1028 1198 1274 1238 disseruntur
1296 1198 1494 1239 subtilius.
1528 1198 1591 1239 Ex

197 1254 334 1308 quibus
357 1255 538 1308 quoniam
554 1262 745 1309 tamquam
766 1270 817 1297 ex
834 1255 1074 1309 scrupulosis
1093 1255 1243 1295 cotibus
1262 1256 1486 1309 enavigavit
1503 1269 1590 1296 ora-

200 1312 266 1361 tio,
301 1311 474 1365 reliquae
504 1312 778 1366 disputationis
810 1327 966 1354 cursum
995 1321 1219 1362 teneamus,
1253 1313 1368 1352 modo
1399 1313 1494 1353 satis
1524 1312 1591 1352 illa

192 1447 360 1478 kiinstelte
379 1446 611 1486 Erkliirungen
639 1447 703 1478 und
722 1447 857 1478 llinein-

193 1493 328 1533 bringen
344 1502 406 1523 von
423 1493 494 1523 hier
506 1492 766 1534 Fremdartigem
783 1503 857 1524 ver—

192 1538 322 1579 einigeu
343 1538 437 1569 liisst.
474 1538 564 1569 Auch
586 1538 699 1569 deutet
717 1539 775 1569 das
796 1537 857 1569 fot-

192 1584 296 1625 gende
329 1583 390 1615 sed
429 1584 552 1615 darauf
582 1584 656 1623 hin,
693 1584 768 1615 dass
801 1584 856 1615 ein

194 1628 401 1671 Gegensatz‚
429 1630 500 1661 also
532 1630 603 1661 hier
635 1630 688 1661 die
718 1629 857 1661 Erw'ah-

193 1685 281 1716 nuug
299 1675 389 1707 eines
414 1675 627 1715 analogen
650 1674 853 1707 Verhiiltnis-

193 1731 245 1753 ses
289 1721 454 1752 zwisehen
489 1720 583 1753 Geist
615 1721 679 1752 und
714 1720 854 1763 Hiirper,

192 1767 501 1807 vorhergegungen.
546 1767 613 1799 Der
638 1767 717 1798 Satz
745 1769 858 1798 animi

195 1830 234 1834 —
248 1822 398 1854 corpora
410 1816 562 1854 possunt
580 1813 624 1844 ist
640 1813 711 1844 dem
732 1812 856 1854 t'otgen-

193 1858 255 1889 den
274 1858 437 1889 natiirlich
464 1858 629 1899 logisch
650 1858 857 1889 subordinirt

194 1903 403 1944 (‚‚w'2ihreud
423 1905 515 1942 —“,
536 1904 736 1944 eoncessiv).

239 1958 426 1991 corporum
461 1952 666 1991 qll'eensiones
708 1949 780 1980 hier
812 1964 856 1974 z

193 2004 289 2036 corp.
305 1995 427 2026 morbi.
459 1995 606 2034 (Anders
628 1994 663 2025 C.
682 1997 763 2026 lttu.
782 1995 854 2036 ll.)

238 2042 437 2072 animorum
471 2050 540 2072 non
570 2043 671 2079 ilem,
703 2051 764 2071 zur
790 2040 856 2070 Ab·

192 2085 384 2127 wechstung
414 2085 468 2117 stit·
493 2097 559 2117 uon
583 2089 734 2128 possunt
759 2085 855 2126 (aber

192 2142 257 2163 uon
277 2141 356 2163 vero
371 2134 567 2164 animorum
590 2132 678 2163 wiire
699 2131 854 2163 deutsch-

193 2177 342 2217 latein.).

237 2223 350 2253 simile
366 2223 570 2263 ——saeiaelnt‚
593 2221 646 2254 ffir
661 2225 854 2264 patiuntur

193 2267 274 2299 oder
299 2269 440 2299 habent.
491 2268 590 2300 Soust
621 2268 703 2300 wird
727 2269 854 2310 faeere

193 2314 398 2353 gewiihnlich
434 2324 493 2344 nur
527 2314 576 2345 ais
602 2314 854 2345 Stellvertreter

193 2360 282 2390 eines
307 2358 514 2390 bestimmten
534 2364 853 2401 vorangrgangeneu

193 2403 356 2436 Verbums
375 2405 574 2445 gebraucht3
596 2405 657 2436 wie
678 2407 699 2436 1.
724 2406 774 2445 11,
795 2407 850 2437 24.

237 2450 291 2482 32.
329 2452 502 2492 ingeniosi
527 2469 568 2473 -
596 2453 645 2481 sic
677 2451 740 2482 illi.
793 2451 852 2483 Die

192 2495 851 2537 wiederautnalnne‹tcsSut›j‹-c1sdurch

192 2542 243 2573 ein
263 2541 362 2573 Pron.
379 2542 556 2573 demonstr.
579 2542 659 2581 (vgt.
678 2542 729 2573 111.
748 2543 779 2582 8,
798 2543 851 2583 lb)

194 2587 236 2618 ist
262 2588 333 2618 hier
360 2587 460 2619 durch
487 2588 538 2619 die
557 2588 767 2620 Coneinnitiit
795 2589 853 2620 der

195 2632 399 2674 Gegensiitzc
418 2633 566 2674 geboten.
600 2633 729 2665 Ebenso
750 2640 849 2666 unten

927 1447 1054 1486 30,‹›‘1:
1077 1447 1138 1478 Es!
1159 1449 1245 1477 enim
1267 1450 1391 1485 metus,
1414 1451 1454 1478 ut
1473 1449 1590 1489 aegri-

927 1492 1011 1523 tudo
1018 1495 1229 1534 praesentis,
1240 1494 1289 1523 sie
1299 1492 1588 1534 illesulurimali.

971 1548 1029 1568 aes
1042 1538 1278 1577 Corinthium,
1295 1548 1354 1569 aus
1367 1537 1464 1578 Gotd,
1480 1538 1590 1569 sithen·

926 1583 991 1614 und
1011 1581 1139 1624 h'upfer
1156 1584 1331 1622 gemischt.

971 1631 1004 1660 ίη
1033 1629 1118 1666 ullu,
1149 1629 1318 1672 Beutiey’s
1338 1629 1519 1670 (Jonjeetur
1537 1628 1591 1660 ffir

925 1675 1053 1706 multu.
1105 1674 1170 1706 Das
1200 1673 1317 1706 Neutr.
1355 1675 1427 1706 hier
1459 1675 1523 1706 und
1558 1675 1588 1705 in

926 1721 1119 1763 quaedam,
1146 1721 1223 1752 weil
1252 1722 1393 1752 ¹morbus
1421 1721 1483 1751 und
1507 1731 1590 1762 per·-

927 1767 1087 1798 t‘urbulso
1107 1766 1298 1806 ungleiches
1317 1766 1429 1798 Genus
1448 1766 1567 1798 baben.

971 1813 1103 1844 habeut
1122 1815 1278 1853 primam
1305 1815 1449 1854 speciem
1463 1825 1473 1843 :
1494 1837 1516 1853 ‚,
1531 1812 1588 1843 ha-

925 1857 986 1888 ben
1039 1857 1124 1888 heim
1172 1863 1279 1889 ersten
1330 1858 1470 1890 Anbtick
1526 1857 1587 1889 den

925 1902 1043 1934 Schein
1065 1921 1103 1925 ⁴-—
1120 1903 1157 1933 ⁸⁴.

954 1950 1010 1979 Ἰιί
1027 1967 1067 1970 --
1087 1948 1162 1987 illu,
1189 1959 1217 1979 s.
1238 1959 1277 1979 zu
1300 1948 1321 1979 1.
1345 1949 1398 1984 19,
1423 1949 1495 1979 117.
1527 1948 1586 1980 Die

925 1995 1039 2025 morbi
1071 1994 1140 2024 sind
1177 1993 1276 2025 durch
1311 1995 1347 2025 Ιιί
1378 1994 1585 2033 bezeichnet,

925 2040 999 2070 weit
1036 2050 1095 2070 von
1133 2041 1261 2071 morbis
1296 2039 1326 2070 in
1354 2039 1476 2071 diesem
1503 2040 1583 2082 Cap.

925 2085 1038 2116 bisher
1057 2086 1170 2115 immor
1184 2085 1236 2116 die
1252 2083 1338 2116 Rode
1357 2096 1508 2125 gewesen
1529 2086 1584 2117 ist.

924 2130 966 2161 So
996 2131 1070 2162 Cat.
1093 2130 1135 2161 M.
1171 2131 1220 2166 19,
1240 2133 1302 2161 os:
1333 2132 1446 2163 &onear
1472 2135 1523 2163 est
1548 2143 1585 2163 eo

924 2176 1068 2208 meliora
1101 2176 1303 2207 condicione
1337 2188 1440 2219 quam
1472 2177 1586 2208 adole-

923 2233 1030 2257 scens,
1053 2233 1156 2264 quum
1179 2222 1225 2259 id,
1248 2223 1341 2264 quod
1367 2223 1424 2254 ille
1447 2227 1583 2265 spemn,

924 2269 978 2300 luit,-
1009 2272 1217 2299 vonseculux
1245 2271 1305 2298 (πε-Ι.

922 2339 930 2342 .
969 2316 1022 2344 335.
1053 2314 1240 2353 enucleate,
1272 2314 1434 2353 vigentl.:
1467 2323 1584 2355 ausge-

923 2360 1044 2399 schiitt,
1072 2359 1192 2391 daher:
1228 2359 1344 2395 „kurz
1364 2359 1426 2391 und
1447 2359 1581 2400 biindig,

922 2405 1178 2436 sctimuck1‹›s“.

968 2451 1081 2492 logis-[1
1103 2451 1190 2483 ..dou
1212 2450 1578 2492 togischenVort1·ag‘⁴.

911 2518 913 2521 v
968 2497 1028 2528 rel.
1045 2497 1132 2538 disp.
1147 2508 1286 2528 eut-sum
1304 2501 1501 2528 leneamus:
1523 2497 1582 2535 „in

923 2542 980 2573 der
995 2543 1074 2573 noch
1090 2543 1225 2582 iibrigvu
1240 2541 1492 2584 Untersuchung
1506 2543 1584 2575 wei-

923 2593 972 2620 ter
986 2589 1140 2627 segetw‘.
1168 2587 1225 2620 Mit
1241 2589 1312 2620 dem
1325 2588 1499 2620 Ausdruck
1513 2589 1579 2630 vgl.

923 2633 1002 2676 Cap.
1024 2635 1040 2665 ⁴
1062 2639 1144 2665 extr.
1170 2645 1202 2665 u.
1224 2636 1241 2665 5
1262 2634 1305 2665 in.
