1684 2819
84 975 123 1007 18

86 1538 125 1569 19

152 192 230 231 166
721 185 778 218 ne
804 184 986 218 orrlcns

147 293 316 343 pientem
333 289 511 329 volumus
535 287 710 338 intellegi,
729 299 800 326 nec
816 287 853 333 ii,
869 287 932 338 qui
950 285 1144 337 sapientes
1163 286 1280 326 habiti
1303 292 1339 325 et
1359 285 1558 333 nominati,

149 349 198 387 Μ.
221 347 311 387 Cato
341 352 378 385 et
399 345 436 384 C.
459 344 628 390 Laelius,
657 344 848 395 sapientes
875 345 1046 390 fuerunt,
1073 355 1120 381 ne
1147 343 1196 382 illi
1218 343 1371 394 quidem
1396 348 1558 394 septem,

149 404 216 443 sed
245 416 288 443 ex
316 402 533 441 mediorum
563 401 782 440 officiorum
806 399 1017 451 frequentia
1039 399 1331 438 similitudinem
1353 399 1560 450 quamdam

149 460 331 512 gerebant
367 458 612 509 speciemque
641 457 886 508 sapientium.
935 456 1122 503 Quocirca
1151 468 1222 494 nee
1249 456 1306 501 id,
1344 456 1447 506 quod
1473 468 1561 495 vere

148 518 357 556 honestum
385 520 461 561 est,
493 515 547 553 sas
580 519 639 552 est
667 526 752 552 cum
784 512 954 552 utilitatis
977 512 1229 563 repugnantia
1253 511 1469 563 comparari
1489 524 1562 551 nec

148 573 199 619 id,
225 565 328 624 qudd
353 570 611 609 communiter
635 569 884 621 appellamUS,
907 569 1130 615 honestum,
1153 568 1256 620 quod
1281 568 1417 607 colitur
1437 567 1482 606 ab
1504 568 1561 614 iis,

149 629 213 680 qui
235 629 362 667 bonos
384 640 424 665 se
446 627 548 665 viros
572 626 702 665 haberi
723 626 868 671 volunt,
899 637 985 664 cum
1007 624 1277 663 emolumentis
1300 637 1480 676 umquam
1504 630 1563 663 est

150 684 469 736 comparandum,
493 688 649 734 tamque
668 682 702 721 id
722 683 945 727 honestum,
970 680 1071 732 quod
1090 681 1128 720 in
1145 687 1319 720 nostram
1340 680 1561 731 intellegen-

149 741 239 780 tiam
276 740 393 785 eadit,
431 740 615 779 tuendum
652 739 1037 788 conservandumque
1070 737 1183 776 nobis
1217 743 1276 776 est
1309 749 1423 788 quam
1457 737 1561 783 illud,

149 797 253 849 quod
280 797 438 848 proprie
466 796 603 834 dieitur
623 807 785 846 vereque
807 801 864 833 est
885 796 1117 841 honestum,
1145 793 1395 845 sapientibus
1444 793 1563 833 Aliter

149 854 252 893 enim
281 853 399 892 teneri
428 864 508 891 non
530 858 677 902 potest,
706 852 737 889 si
761 864 833 902 qua
856 852 900 890 ad
924 851 1100 889 virtutem
1124 856 1182 889 est
1204 853 1300 889 sacta
1323 850 1561 901 progressio.

152 911 227 949 Sed
248 910 345 948 haec
366 909 519 960 quidem
543 909 588 946 de
610 908 673 954 iis,
697 908 760 958 qui
783 907 1073 946 conservatione
1097 907 1314 945 officiorum
1337 907 1562 945 existiman-

153 973 215 1006 tur
243 965 347 1005 boni.
390 965 465 1012 Qui
496 970 623 1003 autern
647 963 775 1002 omnia
799 964 1009 1002 metiuntur
1031 963 1303 1001 emolumentis
1326 968 1362 1001 ct
1384 975 1562 1001 commo-

151 1023 209 1061 dis
231 1034 354 1072 neque
376 1033 417 1059 ea
439 1021 571 1059 volunt
593 1020 893 1071 praeponderari
916 1020 1133 1066 honestate,
1156 1020 1195 1058 bi
1218 1019 1343 1057 solent
1364 1019 1400 1057 in
1419 1018 1563 1057 delibe-

150 1078 270 1118 rando
294 1078 502 1116 honestum
527 1089 613 1115 cum
636 1089 694 1122 e0,
716 1077 819 1126 quod
842 1077 930 1115 utile
950 1081 1098 1127 putant,
1121 1088 1357 1127 comparare,
1381 1075 1474 1113 boni
1495 1075 1563 1113 viri

150 1146 232 1174 non
259 1134 396 1172 solent.
442 1133 574 1184 Itaque
611 1132 789 1171 existimo
818 1132 1059 1179 Panaetium,
1088 1145 1174 1170 cum
1203 1132 1337 1170 dixerit
1367 1131 1563 1170 ‘homines

153 1191 278 1230 solere
300 1190 338 1228 in
358 1190 430 1228 hae
451 1190 741 1240 comparatione
763 1189 968 1235 dubita1·e,'
1002 1190 1077 1227 hoc
1098 1189 1225 1239 ipsum
1249 1188 1437 1235 sensisse,
1459 1189 1563 1240 quod

153 1247 303 1293 dixerit,
337 1246 494 1285 ‘solere'
518 1246 649 1291 mod0,
672 1257 751 1284 non
773 1246 886 1284 etiam
911 1245 1133 1296 ‘oportere'
1170 1245 1321 1284 Etenim
1344 1257 1423 1283 non
1444 1245 1563 1283 modo

153 1303 274 1355 pluris
296 1308 429 1354 putare
452 1303 554 1353 quod
577 1302 665 1341 utile
682 1302 853 1341 videatur
869 1315 983 1353 quam
1003 1302 1106 1352 quod
1125 1302 1344 1347 honestum,
1367 1301 1432 1339 sed
1451 1301 1562 1340 etiam

153 1360 248 1399 haec
268 1359 368 1397 inter
388 1371 429 1397 se
451 1371 678 1410 comparare
701 1364 737 1397 et
759 1359 797 1397 in
820 1359 879 1397 his
902 1358 1124 1397 addubitare
1146 1357 1414 1408 turpissimum
1436 1363 1504 1396 est.

267 1415 366 1462 Quid
395 1427 486 1466 ergo
516 1421 591 1462 est,
627 1415 730 1466 quod
760 1427 840 1453 non
868 1427 1080 1466 numquam
1109 1414 1387 1453 dubitationem
1416 1414 1564 1453 adferre

154 1472 274 1511 soleat
301 1471 700 1521 considerandumque
726 1470 925 1510 videatur?
966 1471 1108 1517 Credo,
1138 1471 1169 1509 si
1198 1470 1354 1521 quando
1377 1470 1563 1509 dubitatio

153 1528 288 1568 accidit
315 1528 423 1579 quale
451 1528 501 1566 sit
528 1528 583 1574 id,
614 1528 660 1566 de
689 1540 766 1578 quo
799 1528 1076 1566 consideretur.
1120 1528 1242 1578 Saepe
1264 1527 1366 1565 enim
1388 1532 1564 1578 tempore

153 1624 237 1651 stets
254 1629 329 1650 vom
348 1618 485 1650 Weisen
504 1619 545 1650 im
564 1619 731 1659 Singular.
766 1619 820 1650 Sie

154 1668 301 1696 wussten
327 1664 449 1696 ebenso
467 1665 576 1704 wenig
598 1664 647 1695 als
665 1663 732 1695 Cic.
752 1664 822 1695 hier

154 1709 350 1741 historiscbe
380 1709 543 1751 Beispiele
572 1709 626 1740 fiir
655 1709 704 1740 ibr
733 1707 819 1740 ldeal

153 1754 370 1786 anzufiihren.
405 1754 438 1785 S.
457 1754 542 1785 Einl.

202 1798 281 1830 Cato
295 1799 361 1830 und
373 1798 508 1830 Laelius
526 1799 656 1831 l'iihrten
672 1799 733 1830 den
748 1799 821 1830 Bei-

154 1854 268 1875 namen
316 1844 452 1886 sapiens
500 1844 541 1875 im
586 1844 820 1875 altriimisclien

153 1888 244 1928 Sinn,
262 1888 333 1919 ‘der
344 1889 547 1928 Besonnene,
567 1888 820 1928 Verstiindige'3

154 1932 225 1965 Cat.
243 1939 282 1965 ιῑι.
311 1933 341 1963 5.
393 1932 484 1964 Lael.
511 1933 540 1964 6.
564 1933 593 1964 7.
643 1932 821 1964 Trotzdem

153 1978 233 2010 aher
250 1978 345 2010 stelit
362 1977 427 2009 Cic.
448 1978 546 2009 Beide
570 1978 660 2009 mehr
677 1978 727 2008 als
747 1978 821 2009 Phi—

154 2023 309 2065 losophen
327 2022 395 2063 dar,
413 2023 462 2054 als
477 2023 524 2054 sie
540 2023 569 2054 in
586 2022 822 2054 Wirklichkvit

154 2077 276 2099 waren.

198 2113 249 2145 ille·
289 2115 434 2155 septem:
489 2112 722 2153 Naehalimung
761 2113 821 2144 des

154 2158 387 2189 Griechischen
418 2157 455 2189 οἱ
472 2154 565 2189 ἑπτά
595 2157 648 2188 fiir
673 2158 709 2188 οἱ
726 2154 820 2189 ἑπτὰ

157 2204 284 2247 σοφοί.

197 2248 386 2281 mediorum
406 2248 597 2290 officiorum
604 2249 820 2290 frequentia,

154 2293 335 2334 Befolgung
391 2293 598 2325 zahlreicher
656 2293 822 2325 mittlerer

152 2338 329 2378 Pssichten3
369 2339 499 2371 mediae
528 2339 668 2370 virtutes·
699 2338 820 2369 konnte

154 2383 219 2415 Cic.
235 2383 326 2416 nieht
342 2394 454 2424 sagen.
493 2383 524 2414 S.
546 2383 640 2414 oben.

202 2429 250 2459 17.
286 2429 442 2460 utilitatis
460 2430 703 2471 repugnantia:
727 2427 748 2467 1,
768 2428 820 2469 34,

158 2472 217 2504 122
236 2475 382 2505 ineuntis
406 2475 528 2505 aetatis
549 2474 682 2504 inscitia
696 2475 820 2504 eonsti-

155 2518 277 2550 tuenda
294 2521 354 2550 est.
389 2518 462 2559 Vgl.
482 2529 511 2549 z.
531 2518 562 2559 ς’.
583 2518 613 2549 3.

198 2564 229 2593 iu
258 2566 412 2595 nostruin
437 2563 697 2605 intellegentiam
717 2563 816 2594 eadit.

153 2607 243 2638 Auch
266 2608 376 2641 dieser
399 2607 570 2639 Ausdruck
597 2608 697 2648 li'zingt
719 2608 819 2639 damit

896 1628 1096 1657 zusammen,
1115 1619 1191 1650 dass
1211 1619 1263 1650 die
1282 1618 1417 1650 Stoiker
1434 1618 1484 1649 die
1499 1617 1565 1649 Tu-

895 1665 978 1703 gend
997 1663 1046 1695 als
1063 1662 1198 1695 Wissen
1218 1664 1390 1695 definiren.
1422 1663 1480 1694 Die
1495 1662 1563 1694 Tu-

894 1710 989 1749 gend,
1012 1708 1138 1740 welche
1156 1709 1218 1740 wir
1235 1708 1402 1748 begreil'en
1421 1708 1564 1748 konnen,

895 1756 1072 1794 vermiigen
1094 1754 1152 1785 wir
1169 1755 1250 1785 aut-h
1268 1753 1504 1785 auszufiihren.

942 1812 1062 1852 teneri,
1083 1810 1313 1851 innegehalten
1332 1810 1483 1850 werden,
1502 1809 1563 1841 wie

895 1858 968 1895 iter,
987 1866 1137 1896 cursum,
1145 1857 1282 1897 jugam
1300 1858 1421 1887 tenere.

944 1912 992 1943 18.
1023 1912 1307 1955 praeponderari:
1325 1911 1356 1954 ξ.
1379 1912 1428 1943 11.

902 1992 906 1996 .
940 1968 1029 2009 quod
1076 1969 1272 2000 honestum:
1333 1968 1562 2008 grammatiseh

895 2013 1027 2043 werden
1047 2013 1108 2044 wir
1125 2014 1290 2053 ergiinzen
1310 2012 1479 2047 rideatur.
1505 2013 1564 2044 der

895 2057 973 2088 Sinn
1004 2057 1132 2089 l'ordert
1161 2061 1222 2089 est.
1269 2058 1303 2088 S.
1322 2056 1353 2099 ξ.
1377 2057 1426 2089 12.
1474 2057 1563 2089 Doeli

896 2103 939 2133 ist
965 2102 1037 2133 eine
1063 2113 1098 2134 so
1123 2102 1251 2134 scharfe
1278 2102 1563 2143 L'nterscheiduug

895 2148 1059 2178 zwischen
1084 2148 1155 2179 dem
1173 2148 1365 2179 wirklichen
1385 2148 1563 2180 honestum

896 2192 958 2223 und
978 2193 1049 2224 dem
1069 2193 1284 2224 scheinbaren
1304 2192 1445 2230 Numen,
1465 2194 1562 2224 nach—

895 2238 965 2268 dem
991 2237 1109 2269 einmal
1129 2238 1179 2269 die
1201 2238 1339 2278 Begriffe
1364 2238 1563 2278 festgesetzt

895 2283 978 2319 sind,
1001 2282 1088 2314 nieht
1105 2284 1197 2314 mehr
1215 2283 1338 2323 no'thig.

940 2336 1158 2374 addubitare,
1184 2337 1213 2368 d.
1230 2337 1249 2368 i.
1267 2337 1307 2368 ad
1326 2336 1561 2368 dubitationem

894 2382 1066 2417 accedere,
1086 2387 1159 2412 ‘nur
1174 2382 1234 2412 den
1249 2381 1440 2422 geringsten
1456 2381 1562 2413 Zwei-

896 2426 938 2457 l'el
958 2425 1084 2465 liegeu’.
1123 2426 1196 2467 vgt.
1225 2425 1234 2456 l
1259 2425 1291 2467 ξ.
1311 2425 1362 2457 83.
1395 2425 1466 2457 Liv.
1486 2425 1522 2465 ll,
1542 2426 1561 2457 4

894 2472 935 2503 (le
956 2471 1080 2511 leg-atis
1109 2471 1292 2513 paullulum
1326 2470 1558 2503 addubitatum

893 2518 952 2548 est.
987 2515 1069 2557 wll,
1092 2516 1130 2546 10
1155 2515 1327 2559 paulisper
1345 2515 1560 2548 addubitave-

893 2563 984 2594 runt.

941 2605 990 2636 19.
1026 2608 1194 2648 tempore:
1229 2616 1257 2636 z.
1277 2604 1299 2645 l,
1324 2605 1373 2646 18,
1392 2605 1445 2637 59.
