1684 2819
85 402 128 434 66

86 1024 127 1056 67

153 169 232 208 112
633 167 852 200 LlBERll.
881 169 1088 210 27,66.67.

148 281 189 321 in
211 282 372 332 morbo,
407 281 506 322 nihil
537 280 641 321 enim
673 288 800 335 potest
831 295 919 324 esse
942 283 1161 337 aequabile,
1188 283 1289 337 quod
1311 298 1390 324 non
1413 298 1434 324 a
1457 291 1565 325 certa

145 338 300 380 ratione
330 338 615 392 proficiscatur.
645 365 654 370 -

266 396 341 436 Sed
364 409 480 447 quum
502 393 655 444 videas,
680 408 766 444 eos,
793 395 859 448 qui
879 402 945 436 aut
965 396 1092 436 studio
1115 404 1183 437 aut
1203 397 1388 452 opinione
1418 397 1563 438 ducan-

149 458 229 501 tur,
263 451 304 491 in
326 464 373 491 eo
397 452 668 505 persequendo
699 458 816 505 atque
847 452 1097 505 adipiscendo
1129 453 1263 494 dolore
1294 468 1373 494 non
1406 455 1559 508 frangi:

149 508 292 548 debeas
315 507 564 558 existimare,
585 515 654 549 aut
675 522 754 548 non
777 522 866 549 esse
888 508 1032 549 malum
1056 508 1246 559 dolorem,
1267 518 1349 558 aut,
1370 511 1487 552 etiam
1510 511 1560 561 si,

148 563 332 617 quicquid
363 578 547 618 asperum
579 565 830 619 alienumque
860 573 1001 606 natura
1033 566 1098 616 sit,
1128 566 1167 605 id
1197 567 1385 620 appellari
1414 568 1566 622 placeat

147 620 307 670 malum,
329 621 524 662 tantulum
548 628 679 663 tamen
702 636 808 672 esse,
832 629 872 662 ut
895 636 917 662 a
934 622 1080 663 virtute
1103 623 1155 663 ita
1178 622 1382 672 obruatur,
1408 631 1452 664 ut
1473 638 1565 665 nus-

147 690 264 730 quam
286 685 487 732 appareat.
523 677 631 729 Quae
652 680 860 729 meditare,
886 692 1049 733 quaeso,
1076 679 1158 720 dies
1181 687 1220 719 et
1241 686 1392 720 noctes.
1428 680 1565 721 Latius

147 734 251 774 enim
283 735 460 775 manabit
490 735 586 775 haec
617 736 721 776 ratio
753 743 792 776 et
814 736 1014 790 aliquanto
1044 736 1236 776 maiorem
1269 737 1413 786 locum,
1448 750 1566 792 quam

147 790 194 830 de
217 805 295 831 uno
319 791 470 841 dolore,
496 793 714 846 occupabit.
752 793 853 834 Nam
876 794 907 834 si
931 793 1061 833 omnia
1083 793 1292 847 fugiendae
1315 793 1566 847 turpitudinis

148 847 503 902 adipiscendaeque
527 848 745 891 honestatis
764 863 905 890 caussa
922 850 1125 898 faciemus,
1145 864 1224 890 non
1246 850 1361 889 modo
1383 850 1564 890 stimulos

148 904 312 954 doloris,
333 905 401 946 sed
423 905 539 946 etiam
563 907 724 947 fulmina
747 908 927 947 fortunae
959 914 1257 946 contemnamus
1280 906 1427 955 licebit,
1452 920 1565 960 prae—

147 960 286 1001 sertim
309 975 426 1013 quum
455 969 634 1015 paratum
657 963 709 1003 sit
730 963 825 1003 illud
847 977 898 1003 ex
921 963 1107 1004 hesterna
1139 963 1400 1016 disputatione
1433 964 1566 1017 perfu-

150 1017 272 1070 gium.
318 1017 368 1058 Ut
397 1018 518 1068 enim,
551 1018 585 1059 si
615 1020 678 1060 cui
710 1019 937 1073 naviganti,
970 1019 1190 1073 praedones
1221 1020 1254 1060 si
1284 1019 1562 1072 insequantur,

150 1075 245 1114 deus
269 1074 334 1126 qui
358 1074 526 1116 dixerit:
555 1075 707 1125 „Eiice
730 1083 768 1117 tc
791 1076 838 1116 de
860 1076 976 1126 navi,
1002 1083 1161 1130 praesto
1185 1083 1260 1126 est,
1281 1076 1345 1129 qui
1364 1076 1562 1129 excipiat:

146 1130 212 1171 vel
234 1130 457 1184 delphinus,
483 1139 527 1172 ut
546 1131 734 1173 Arionem
755 1133 1094 1187 Methymnaeum,
1121 1132 1184 1172 vel
1213 1133 1301 1186 equi
1324 1132 1479 1186 Pelopis
1510 1132 1566 1173 illi

147 1186 360 1240 Neptunii,
396 1188 461 1241 qui
477 1203 559 1243 per
580 1190 713 1230 mulas
736 1204 887 1230 carrus
908 1204 1130 1244 suspensos
1151 1191 1345 1243 rapuisse
1367 1189 1563 1238 dicuntur,

148 1243 351 1298 excipient
382 1251 421 1284 te
452 1252 506 1294 et,
543 1260 618 1298 quo
639 1246 756 1296 velis,
791 1247 1046 1300 perferent,“
1079 1260 1235 1286 omnem
1265 1247 1421 1287 omittat
1449 1246 1568 1286 timo-

146 1314 254 1341 remz
289 1300 347 1342 sic
368 1302 599 1355 urgentibus
622 1303 774 1356 asperis
799 1310 838 1343 et
859 1302 1006 1343 odiosis
1029 1302 1247 1353 doloribus,
1283 1303 1316 1343 si
1339 1303 1434 1344 tanti
1467 1302 1563 1352 sint,

148 1364 190 1397 ut
217 1357 369 1397 ferendi
393 1372 472 1398 non
494 1359 588 1409 sint,
615 1374 689 1412 quo
712 1361 764 1400 sit
785 1359 1109 1413 confugiendum,
1136 1360 1263 1400 vides.

262 1413 368 1455 Haec
390 1415 473 1455 fere
496 1416 569 1456 hoc
592 1423 768 1471 tempore
802 1417 934 1471 putavi
965 1429 1054 1457 esse
1085 1414 1262 1456 dicenda.
1309 1414 1385 1455 Sed
1416 1422 1455 1455 tu
1487 1415 1566 1455 for-

145 1514 184 1547 ll.
206 1518 238 1557 6,
262 1517 323 1548 11:
353 1518 498 1550 Alacris
525 1522 562 1550 et
578 1519 700 1560 forle's
728 1520 821 1552 Cim-

146 1562 293 1594 brorum
313 1565 349 1595 et
364 1563 622 1596 Celtiberorum
642 1564 821 1606 (philoso-

140 1608 255 1649 phia),
276 1610 341 1650 qai
357 1610 393 1640 in
411 1611 487 1641 acie
501 1609 638 1650 gaudio
658 1610 821 1641 eat-salla-

146 1654 243 1694 bant,
265 1657 452 1696 tamquam
473 1655 636 1697 gloriose
655 1655 821 1696 etfelz'ez'-

144 1702 202 1730 ter
216 1701 291 1731 vita
307 1703 506 1739 excessu7·i‚·
527 1701 822 1732 lamentabantur·

146 1746 181 1775 in
200 1746 337 1786 morbo,
359 1748 465 1787 quasi
489 1749 648 1788 turpet-er
666 1750 701 1778 et
717 1749 818 1778 mise-

146 1790 315 1821 rabiliter
330 1793 505 1832 perituri.

191 1846 248 1878 66.
288 1849 322 1877 ιή
351 1857 409 1888 eo,
447 1858 495 1878 sc.
524 1850 583 1879 em·
605 1848 751 1879 student
785 1852 821 1879 et

145 1892 242 1933 quod
268 1892 396 1923 bonam
422 1895 632 1934 opinantur.

190 1937 315 1969 debeas=
329 1962 337 1977 ,
375 1937 473 1980 Conj.
503 1938 719 1980 potentialis,
755 1939 818 1970 wie

147 1981 205 2014 lll.
234 1982 290 2023 22,
311 1983 351 2014 52
381 1986 561 2026 reperiam
589 1984 644 2024 29,
667 1984 706 2015 73
737 1994 819 2015 eon-

145 2032 332 2070 sequatur.

193 2085 382 2126 obruatur,
403 2086 468 2117 wie
490 2086 543 2127 13,
563 2086 605 2118 32
624 2086 778 2128 sepeliri.

185 2144 400 2182 praesertim
414 2153 523 2184 quum
535 2147 598 2174 etc.
611 2142 656 2174 lm
672 2143 819 2174 1.Bucl1e

145 2196 217 2217 war
234 2197 297 2218 vou
320 2187 381 2219 der
396 2187 614 2230 Veraclitung
632 2188 689 2220 des
710 2187 820 2220 Todcs

147 2231 200 2262 die
215 2231 320 2272 ssede,
342 2233 404 2265 den
424 2233 494 2265 sich
513 2234 619 2265 selbst
638 2245 679 2265 zu
698 2234 816 2274 geben,

146 2277 229 2308 nach
248 2278 417 2311 stoischen
438 2277 694 2320 Grunds‘zitzen,
722 2284 823 2311 unter

146 2320 350 2355 Umstiindeu
378 2329 544 2365 gestattet
568 2335 651 2357 war.
685 2324 762 2366 Vgl.
794 2325 819 2357 l.

146 2368 289 2409 Α19,118
315 2370 449 2401 11.119.

191 2425 249 2457 67.
275 2426 482 2468 praedones
509 2430 539 2457 si
567 2429 818 2468 insequantur.

146 2470 195 2501 Da
222 2471 275 2502 die
301 2471 443 2504 meisten
469 2472 536 2503 und
572 2472 687 2504 bcsten
715 2471 816 2506 Mser.

146 2515 234 2548 bloss
264 2517 468 2559 praedones
494 2520 733 2559 insequantur
762 2519 820 2550 ha-

146 2561 221 2599 ben,
250 2572 286 2593 so
314 2563 358 2595 ist
384 2564 436 2594 die
455 2562 552 2603 obige
564 2562 820 2604 Verbesserung

148 2610 227 2647 (von
247 2607 438 2651 Wopkens)
463 2608 614 2641 oll'cnbar
636 2608 740 2640 niiher
759 2610 819 2641 lie-

891 1519 975 1559 gend
995 1518 1043 1550 als
1062 1518 1114 1549 die
1127 1518 1225 1558 Vulg.
1247 1527 1349 1558 quem
1363 1517 1564 1559 praedones

890 1567 1141 1605 insequantur,
1171 1563 1280 1594 indem
1306 1565 1338 1594 sa?
1363 1563 1530 1594 zwischen
1549 1573 1565 1594 s

891 1610 957 1641 und
973 1613 987 1641 ι’
1003 1608 1114 1650 (nicht
1129 1608 1212 1640 aber
1226 1608 1345 1651 quem)
1366 1608 1468 1640 leicbt
1487 1618 1566 1640 aus-

893 1654 995 1687 sallen
1012 1654 1150 1686 konnte.
1170 1652 1298 1695 wegen
1316 1655 1374 1686 des
1389 1654 1565 1696 doppelten

889 1703 922 1732 εἰ
953 1701 1022 1741 vgl.
1059 1700 1101 1731 ad
1129 1699 1206 1731 fam.
1238 1699 1261 1732 1.
1284 1700 1316 1737 9,
1339 1700 1380 1731 30
1406 1702 1440 1731 si
1465 1709 1567 1731 acea-

890 1747 998 1778 Sandz‘
1020 1749 1116 1785 sant,
1145 1747 1179 1776 si
1201 1747 1264 1786 qai
1282 1748 1563 1787 pertitnaernnt,

890 1794 1006 1833 magis
1018 1793 1128 1823 etiam
1142 1791 1427 1833 reprehendendi
1436 1793 1569 1831 sanast

890 1839 953 1880 qni
964 1848 1000 1868 se
1015 1839 1138 1868 timere
1152 1836 1384 1868 simularunt.
1401 1836 1566 1868 Aebnlich

889 1882 948 1914 mit
967 1883 1041 1913 dem
1062 1880 1273 1912 Relativum:
1296 1881 1380 1914 oben
1401 1881 1455 1921 26,
1479 1881 1534 1913 62.

936 1929 1119 1960 Arionem.
1170 1925 1230 1957 Die
1265 1926 1433 1958 bekannte
1461 1925 1565 1958 Fabel

889 1984 952 2005 von
965 1972 1232 2013 Α1“1011(11111620
1244 1982 1276 2003 v.
1291 1972 1391 2014 Chr.)
1404 1972 1565 2004 erzahlen

891 2018 1140 2057 11erod.l.23;
1162 2016 1250 2049 Gell.
1272 2016 1313 2049 N.
1329 2018 1369 2050 A.
1391 2016 1562 2058 xV1.19;

892 2064 990 2096 ovid.
1013 2062 1105 2095 Fast.
1129 2063 1171 2094 ΙΙ.
1193 2063 1233 2094 53
1250 2074 1299 2105 sq.

939 2111 1021 2151 eqni
1052 2109 1207 2151 Pelopis.
1259 2109 1319 2140 Als
1351 2108 1472 2151 Pelops
1509 2119 1564 2140 uin

892 2155 1111 2197 Hippodamia
1137 2154 1230 2185 warb
1264 2154 1330 2185 und
1364 2155 1423 2186 mit
1457 2154 1565 2186 ihrem

890 2199 997 2232 Vater
1016 2199 1206 2231 Oenomaus
1234 2210 1286 2231 um
1306 2200 1354 2231 516
1380 2200 1434 2232 6111
1453 2199 1566 2232 Wett-

891 2256 1016 2278 rcnnen
1036 2257 1077 2277 zu
1090 2245 1309 2285 §Vagemdas
1329 2246 1433 2277 sehon
1444 2244 1564 2277 Vielen

891 2292 950 2324 das
962 2291 1074 2323 Lebeu
1091 2291 1258 2332 gekostct,
1271 2291 1433 2322 bestehen
1449 2291 1562 2331 sollte,

891 2337 954 2378 gab
975 2337 1040 2368 ihm
1059 2336 1238 2377 Poseidon,
1260 2336 1321 2367 den
1340 2347 1378 2368 er
1395 2346 1447 2368 um
1464 2335 1563 2368 Hiill'e

891 2383 1047 2421 anssehtc,
1062 2383 1158 2414 einen
1178 2382 1341 2422 goldcnen
1354 2380 1484 2422 W'agen
1505 2381 1564 2412 mit

890 2428 1094 2460 wunderbar
1111 2427 1281 2459 schnellen
1301 2427 1440 2459 Rossen.
1465 2426 1560 2458 Pind.

891 2474 1025 2517 Olymp.
1048 2473 1071 2505 l.
1095 2473 1240 2505 07—57
1261 2472 1313 2504 ed.
1334 2472 1460 2504 Bo'ckli.

932 2530 999 2561 per
1018 2519 1132 2551 undas
1145 2520 1371 2561 —7·apm'sse,
1396 2517 1563 2550 Reminis-

890 2575 972 2597 cenz
1006 2575 1067 2597 aus
1102 2565 1207 2596 einem
1233 2574 1295 2596 uns
1323 2563 1561 2596 unbekannten

890 2610 1041 2642 Dichter.
