1684 2819
543 116 699 150 LIBER
720 117 775 150 lV.
807 118 862 159 30,
883 118 936 149 64.
989 118 1042 155 31,
1064 118 1119 149 65.
1447 117 1523 155 199

142 235 180 274 id
202 248 272 275 nos
295 233 470 282 fecimus,
491 239 732 285 naturaeque
751 234 825 272 vim
844 228 1058 284 attulimus,
1079 240 1121 273 ut
1136 232 1388 285 magnitudini
1407 232 1525 272 medi·

143 291 252 332 cinae
274 290 419 330 doloris
441 289 662 343 magnitudo
686 290 929 330 concederet.

254 347 327 387 Sed
348 346 599 400 aegritudini,
616 347 675 386 Vde
697 362 770 399 qua
791 346 885 387 satis
910 354 968 397 est
990 347 1235 400 disputatum,
1259 346 1443 386 finitimus
1465 345 1588 388 est30

143 411 312 452 metus,
339 405 383 443 de
406 417 481 456 quo
503 417 620 456 pauca
643 404 801 443 dicenda
824 411 927 444 sunt.
954 404 1025 443 Est
1046 404 1147 443 enim
1170 410 1310 454 metus,
1337 410 1377 443 ut
1398 402 1526 456 aegri·
1548 410 1589 440 64

142 461 231 500 tudo
254 460 493 514 praesentis,
519 461 573 499 sie
594 461 659 500 ille
681 461 800 500 futuri
822 460 927 500 mali.
963 460 1094 513 Itaque
1116 460 1292 501 nonnulli
1314 458 1524 513 aegritudi-

141 517 203 556 nis
224 523 371 571 partem
395 517 584 570 quandam
608 525 749 557 metum
781 530 867 557 esse
900 517 1098 566 dicebant,
1132 517 1196 556 alii
1228 524 1355 558 autem
1382 523 1525 556 metum

140 574 450 626 praemolestiam
473 574 740 627 appellabant,
774 574 874 626 quod
896 580 999 612 esset
1021 573 1131 625 quasi
1154 574 1232 613 dux
1253 572 1524 627 consequentis

141 631 357 671 molestiae.
394 630 538 681 Quibus
560 631 679 683 igitur
699 630 912 671 rationibus
934 629 1119 669 instantia
1141 631 1340 680 feruntur,
1376 630 1522 670 eisdem

141 694 440 728 contemnuntur
470 687 684 739 sequentia.
724 686 818 726 Nam
849 685 1057 725 videndum
1089 693 1147 726 est
1175 686 1214 726 in
1243 686 1442 739 utrisque,
1476 699 1524 725 ne

140 745 229 797 quid
260 744 422 791 humile,
457 743 729 790 summissum,
765 742 903 791 molle,
941 741 1223 791 effeminatum,
1263 744 1425 783 fractum
1460 743 1523 782 ab·

138 801 358 852 iectumque
381 800 579 839 faciamus.
606 799 680 838 Sed
703 812 933 852 quamquam
955 798 1000 838 de
1021 799 1141 852 ipsius
1160 807 1284 839 metus
1301 799 1525 839 inconstan-

139 858 206 906 tia,
232 856 510 904 imbecillitate,
532 856 691 896 levitate
710 856 909 895 dicendum
928 863 1001 904 est,
1023 862 1150 896 tamen
1168 856 1328 895 multum
1347 856 1520 909 prodest,

139 926 201 962 ea,
227 927 323 966 quae
345 919 586 963 metuuntur,
611 912 695 966 ipsa
716 919 980 952 contemnere.
1023 912 1179 966 ltaque,
1204 913 1286 952 sive
1309 926 1401 952 casu
1424 912 1524 951 acci-

139 971 194 1010 dit
215 970 299 1010 sive
323 969 487 1010 consilio
503 1001 512 1019 ,
546 970 813 1023 percommode
843 970 984 1009 factum
1008 976 1087 1017 est,
1120 969 1219 1022 quod
1243 969 1298 1009 eis
1322 970 1367 1009 de
1389 968 1520 1016 rebus,

139 1041 235 1080 quae
271 1027 440 1066 maxime
476 1033 713 1076 metuuntur,
752 1027 798 1065 de
832 1033 956 1066 morte
993 1033 1030 1066 et
1065 1027 1110 1065 de
1140 1026 1295 1075 dolore,
1331 1025 1454 1079 primo
1486 1032 1524 1065 et

140 1083 319 1137 proximo
342 1084 402 1122 die
425 1083 656 1135 disputatum
681 1091 753 1123 est.
780 1082 887 1133 Quae
909 1083 942 1123 si
962 1083 1124 1137 probata
1142 1091 1244 1133 sunt,
1265 1090 1369 1123 metu
1387 1096 1523 1136 magna

138 1154 191 1180 ex
213 1147 321 1195 parte
342 1140 492 1180 liberati
516 1154 663 1180 sumus.

251 1198 307 1237 Ac
329 1198 375 1237 de
397 1197 585 1237 malorum
609 1197 790 1250 opinione
812 1196 1011 1237 hactenus.
1037 1196 1246 1236 Videamus
1268 1210 1369 1236 nunc
1392 1196 1437 1235 de
1458 1195 1525 1235 bo-
1542 1196 1590 1240 31

141 1268 295 1303 norum,
318 1255 354 1294 id
379 1261 438 1294 est
465 1255 510 1293 de
541 1253 742 1294 laetitia
773 1254 887 1293 etde
919 1253 1214 1306 cupiditate.
1256 1253 1351 1294 Mihi
1374 1253 1524 1306 quidem
1548 1261 1588 1292 65

139 1311 177 1351 in
201 1318 277 1351 tota
300 1311 449 1350 ratione
472 1324 531 1358 ea,
563 1324 659 1364 quae
681 1311 848 1364 pertinet
869 1310 915 1349 ad
938 1309 1054 1350 animi
1078 1310 1423 1364 perturbationem,
1449 1323 1525 1349 una

139 1382 203 1409 res
244 1367 399 1408 videtur
440 1382 616 1408 caussam
657 1368 879 1416 continere,
919 1381 1053 1407 omnes
1091 1380 1156 1411 eas
1194 1381 1281 1407 csse
1318 1367 1357 1406 in
1393 1373 1524 1406 nostra

140 1431 346 1478 potestate,
372 1438 507 1465 omnes
530 1424 670 1464 iudicio
694 1431 910 1477 susceptas,
932 1437 1066 1463 omnes
1084 1424 1340 1464 voluntarias.
1367 1423 1436 1462 Hic
1452 1423 1525 1476 igi-

140 1488 203 1521 tur
225 1495 336 1521 error
357 1489 417 1521 est
438 1481 657 1534 eripiendus
674 1511 684 1530 ,
716 1481 810 1520 haec
833 1481 1068 1521 detrahenda
1092 1481 1222 1533 opinio
1245 1487 1381 1533 atque,
1415 1486 1456 1519 ut
1482 1481 1523 1520 in

140 1538 250 1578 malis
274 1537 441 1590 opinatis
463 1537 678 1577 tolerabilia
692 1568 701 1585 ,
734 1538 789 1577 sic
808 1537 848 1576 in
871 1537 982 1576 bonis
1004 1537 1199 1576 sedatiora
1221 1544 1311 1577 sunt
1332 1536 1525 1577 efficienda

141 1609 201 1645 ea,
226 1607 323 1646 quae
346 1608 482 1646 magna
506 1601 544 1633 et
564 1593 758 1633 laetabilia
781 1594 984 1633 ducuntur.
1009 1593 1135 1646 Atque
1157 1594 1229 1633 hoc
1250 1593 1399 1646 quidem
1423 1607 1525 1633 com-

871 1716 986 1737 omnes
1001 1716 1070 1737 eas.
1091 1705 1208 1737 Solche
1223 1705 1437 1747 Ueberg'auge
1453 1717 1525 1737 vom

870 1751 960 1792 Sing.
982 1751 1068 1791 (dem
1087 1750 1213 1793 Genus)
1240 1761 1313 1782 zum
1331 1751 1422 1784 Plur.
1450 1752 1525 1792 (den

140 1718 223 1747 gen:
259 1705 439 1744 „Wunden
466 1705 522 1736 der
548 1704 686 1737 Seele‘.
722 1704 796 1745 Vgl.

140 1751 347 1793 Nfigelsbach
375 1750 409 1782 S.
432 1750 508 1782 393.

186 1796 594 1836 concedet-etzeederet,
612 1796 725 1828 wie'iu
744 1795 799 1827 C'r-

139 1853 233 1875 ceros
251 1840 566 1873 bekanntemverse:
590 1842 726 1873 Cedant
740 1852 796 1873 (ιι--

140 1899 196 1920 ma
216 1892 332 1929 togae,
353 1887 518 1918 concedat
540 1888 661 1919 lam-ea
680 1887 795 1928 laudi,-

140 1935 219 1966 doch
239 1933 320 1964 auch
340 1932 371 1963 in
390 1932 493 1964 Prosa
512 1933 600 1964 nicht
618 1934 736 1965 selten.

184 1976 250 2015 30.
287 1979 341 2010 61.
378 1979 446 2009 Est
467 1981 557 2009 enim,
580 1997 622 2001 —
641 1979 738 2017 mali,
767 1989 794 2010 ε.

141 2025 202 2057 Ill>
217 2025 268 2065 11,
281 2025 335 2055 25.
352 2023 479 2064 Wegen
498 2024 556 2055 ille
575 2024 626 2055 bei
644 2027 693 2056 sie
710 2036 738 2056 s.
758 2035 797 2055 zu

140 2070 195 2103 lv.
220 2071 270 2109 14,
292 2069 346 2102 32.

180 2115 489 2158 praemolestiam,
526 2109 625 2152 ἅπαξ
649 2112 796 2159 λεγόμε-

140 2172 220 2195 vor:
240 2160 571 2202 ‚‚Vorbetriibniss“.

185 2208 258 2239 dum
276 2205 558 2247 „Vorffiuferin‘st

183 2255 369 2291 instantia,
392 2252 452 2283 wie
472 2252 551 2283 oben
573 2252 605 2291 6,
628 2252 678 2283 11.

176 2298 339 2340 fractam
373 2298 631 2339 abiectumque:
665 2297 797 2337 „wobei

140 2354 214 2376 man
238 2344 305 2375 sich
331 2342 473 2374 kraftlos
489 2342 706 2382 'wegwirst“.

183 2392 296 2432 primo
315 2392 347 2420 el
360 2390 526 2431 prooel'mo
546 2389 611 2428 die,
642 2389 685 2419 im
712 2389 741 2421 1.
763 2399 795 2420 ιι.

142 2436 175 2467 2.
195 2435 315 2466 Buche.

188 2476 247 2515 31.
276 2481 330 2511 65.
361 2479 400 2511 de
421 2480 596 2511 malorum
624 2481 794 2521 opinione,

144 2526 206 2556 wie
232 2525 254 2557 Ι.
278 2525 330 2565 13,
351 2525 391 2556 30
418 2525 560 2556 deorum
587 2527 716 2567 ope'm'o.

190 2570 235 2601 ad
274 2572 384 2602 animi
417 2572 721 2612 perturbationem
756 2589 798 2593 —-

868 1796 1018 1838 Species)
1049 1796 1196 1828 kommen
1224 1797 1308 1828 auch
1335 1802 1427 1828 sonst
1452 1808 1523 1829 vor.

866 1842 969 1873 Acad.
991 1842 1015 1873 l.
1038 1842 1090 1883 10,
1112 1842 1173 1873 38:
1195 1852 1370 1884 quumque
1383 1846 1526 1884 pertar-

869 1888 988 1919 balion
1002 1898 1063 1918 em
1090 1890 1202 1919 am‘mz'
1217 1906 1258 1910 —
1278 1898 1345 1919 non
1365 1889 1528 1920 tollerent

864 1950 909 1955 —
932 1943 1106 1975 quumque
1130 1944 1203 1965 eas
1225 1934 1526 1975 perturbationes

864 1997 908 2001 —-
937 1979 1122 2011 naturales
1152 1989 1223 2010 esse
1252 1979 1427 2019 dicerent,-
1461 1980 1526 2011 und

864 2024 1073 2064 umgekehrt,
1093 2029 1193 2056 unten
1208 2023 1248 2057 V.
1272 2025 1323 2065 15,
1338 2025 1397 2056 43:
1420 2036 1523 2067 quum

859 2071 1164 2112 perturbationes
1206 2073 1319 2102 animi
1348 2073 1523 2103 miseriam

865 2116 1024 2157 efficiant
1043 2116 1240 2157 duplexque
1260 2119 1358 2147 -ratz'o
1378 2120 1526 2158 pertur-

867 2162 985 2193 Dalion
996 2164 1033 2193 z's
1062 2164 1124 2193 sit.
1156 2161 1230 2202 Vgl.
1262 2161 1303 2192 H.
1333 2162 1371 2192 23
1385 2186 1393 2202 ,
1414 2163 1455 2192 54
1485 2173 1525 2193 zu

866 2208 1072 2248 corporibus
1089 2225 1130 2228 —
1151 2208 1300 2238 animus.

910 2263 1067 2283 caussam
1089 2254 1276 2293 continere,
1298 2263 1322 2284 s.
1346 2251 1468 2290 111.24‚
1484 2252 1524 2284 58

867 2308 907 2328 zu
926 2298 1019 2339 quod
1034 2308 1105 2328 rem
1126 2300 1297 2329 continet.

913 2343 975 2374 Hic
992 2361 1035 2366 —
1053 2353 1164 2383 error,
1186 2343 1261 2374 dass
1280 2344 1326 2375 sie
1351 2345 1471 2375 nieht
1491 2345 1523 2375 in

866 2399 1004 2420 unserer
1022 2388 1151 2420 Gewa'lt
1170 2389 1319 2421 standen.

912 2434 1128 2469 tolerabilia,
1143 2445 1187 2465 sc.
1201 2445 1241 2465 ea
1256 2446 1343 2477 quoe
1352 2437 1477 2476 gravat
1491 2438 1523 2466 et

868 2482 987 2511 tristia
1007 2480 1194 2512 ducuntur.

912 2525 1106 2565 dac-untur,
1136 2524 1245 2557 Wolfs
1265 2524 1445 2565 Conjectur
1470 2524 1522 2556 fiir

867 2570 1045 2612 dicuntur,
1067 2572 1120 2603 die
1146 2571 1227 2603 auch
1255 2571 1354 2601 durch
1378 2570 1437 2601 den
1457 2569 1523 2602 Ge-
