1684 2819
81 598 132 637 31

159 160 212 200 80
733 156 790 188 DE
816 156 996 189 orricus

160 274 204 299 ex
226 259 439 298 maioribus
461 264 554 297 natu
575 258 650 296 hoc
671 257 772 296 idem
794 257 970 297 suisse'in
986 258 1029 297 P.
1047 258 1228 310 Scipione
1245 259 1394 306 Nasica,
1417 264 1573 298 contra-

160 329 233 368 que
250 321 397 368 patrem
417 315 511 360 eius,
528 314 632 353 illum
651 314 717 365 qui
735 314 792 352 Ti.
811 314 973 353 Gracchi
989 320 1150 354 conatus
1168 315 1340 365 perditos
1358 315 1572 363 vindicavit,

158 372 302 412 nullam
325 371 549 410 comitatem
577 370 763 409 habuisse
789 371 1002 418 sermonis,
1034 372 1101 421 [ne
1121 370 1376 411 Xenocratem
1405 372 1573 423 quidem,

159 427 448 468 severissimum
470 426 818 478 philosophorum]
832 458 840 474 ‚
873 427 923 466 ob
946 440 1107 479 eamque
1134 439 1216 465 rem
1239 427 1366 478 ipsam
1387 440 1572 479 magnum

160 485 383 535 clarumque
405 483 538 523 fuisse.
578 483 886 522 Innumerabiles
916 483 1009 523 aliae
1031 482 1366 522 dissimilitudines
1389 490 1481 523 sunt
1502 497 1571 523 na-

159 547 266 580 turae
287 552 531 591 morumque,
553 539 713 579 minime
734 546 862 579 tamen
884 539 1240 592 vituperandorum.

272 596 496 636 Admodum
518 601 645 635 autem
667 596 831 636 tenenda
852 602 946 635 sunt
968 609 1037 636 sua
1066 596 1201 647 cuique
1222 607 1304 634 non
1324 596 1477 643 vitiosa,
1505 597 1574 636 sed

68 660 130 692 110
158 660 287 693 tamen
309 653 486 704 propria,
509 665 586 704 quo
609 653 753 692 facilius
776 653 962 692 decorum
984 653 1094 700 illud,
1123 652 1226 704 quod
1248 652 1487 704 quaerimus,
1513 665 1575 691 re-

67 1111 126 1144 111

157 710 335 749 tineatur.
377 710 442 749 Sic
463 710 564 748 enim
588 714 646 748 est
673 710 906 756 faciendum,
936 715 976 749 ut
999 715 1132 748 contra
1155 709 1376 748 universam
1398 714 1577 748 naturam

158 767 253 806 nihil
275 766 575 812 contendamus,
605 779 647 805 ea
670 772 797 805 tamen
828 772 1055 805 conservata
1083 766 1284 818 propriam
1312 771 1490 804 nostram
1512 778 1576 804 se-

160 835 336 874 quamur,
361 829 414 868 ut,
438 823 550 861 etiam
575 823 607 861 si
630 822 707 861 sint
729 823 799 861 alia
822 823 995 874 graviora
1017 829 1129 874 atque
1150 823 1327 864 meliora,
1351 828 1481 861 tamen
1501 833 1575 861 nos

160 879 286 919 studia
308 885 444 918 nostra
466 886 624 918 nostrae
646 885 804 918 naturae
828 880 954 930 regula
977 879 1196 918 metiamur.
1238 879 1369 930 Neque
1391 879 1492 917 enim
1517 884 1576 917 at-

157 936 252 975 tinet
273 942 430 975 naturae
461 948 675 986 repugnare
704 948 773 974 nec
802 935 1006 987 quicquam
1041 935 1149 986 sequi
1179 936 1284 986 quod
1312 935 1467 987 assequi
1495 946 1577 973 non

158 1005 290 1043 queas.
334 993 389 1030 Ex
412 1004 488 1042 quo
511 991 634 1041 magis
657 992 819 1042 emergit
840 993 950 1042 quale
972 992 1021 1030 sit
1044 992 1228 1030 decorum
1252 991 1355 1037 illud,
1379 991 1465 1029 ideo
1489 991 1577 1041 quia

157 1048 252 1087 nihil
281 1048 388 1086 decet
416 1047 531 1086 invita
553 1048 738 1093 Minerva,
767 1053 806 1086 ut
827 1048 951 1093 aiunt,
981 1047 1018 1086 id
1047 1053 1122 1094 est,
1152 1048 1376 1086 adversante
1402 1053 1438 1085 et
1459 1059 1578 1098 repu-

159 1110 299 1156 gnante
322 1110 473 1143 natura.
511 1104 680 1143 Omnino
704 1104 737 1143 si
759 1104 964 1155 quicquam
988 1110 1046 1142 est
1068 1104 1265 1150 decorum,
1288 1102 1382 1141 nihil
1403 1109 1461 1142 est
1482 1115 1577 1154 pro-

158 1162 256 1200 secto
285 1160 407 1210 magis
437 1173 550 1211 quam
584 1160 828 1211 aequabilitas
858 1161 1061 1199 universae
1095 1160 1191 1199 vitae
1225 1167 1307 1199 tum
1337 1159 1576 1210 singularum

157 1218 367 1262 actionum,
392 1229 507 1268 quam
531 1229 760 1255 conservare
781 1229 861 1255 non
884 1217 1027 1268 possis,
1051 1216 1083 1255 si
1105 1216 1270 1255 aliorum
1288 1222 1465 1255 naturam
1488 1215 1578 1254 imi-

156 1280 244 1313 tans
268 1273 424 1312 omittas
446 1278 566 1311 tuam.
612 1273 659 1311 Ut
681 1273 781 1311 enim
805 1285 987 1312 sermone
1009 1286 1053 1312 eo
1077 1273 1263 1312 debemus
1286 1272 1353 1317 uti,
1379 1272 1442 1323 qui
1465 1277 1577 1311 natus

159 1337 217 1370 est
238 1329 371 1375 nobis,
400 1341 469 1375 ne,
499 1334 541 1367 ut
564 1329 719 1380 quidam
743 1329 885 1369 Graeca
914 1330 1026 1369 verba
1054 1329 1289 1368 inculcantes
1323 1329 1404 1367 iure
1427 1328 1576 1380 optimo

155 1454 215 1492 ist,
245 1453 295 1484 als
322 1453 381 1483 der
406 1451 552 1483 Zuname
579 1452 707 1483 Mancia
737 1456 832 1483 soust

156 1498 313 1538 nirgends
344 1498 375 1528 in
406 1498 466 1528 der
491 1508 579 1539 gens
608 1497 723 1529 Μυσία
751 1507 831 1528 vor-

155 1544 289 1574 kommt.
333 1542 404 1575 Und
427 1543 508 1573 doch
534 1553 623 1573 muss
648 1542 714 1573 Cic.
734 1542 830 1573 einen

154 1588 419 1628 hochgestellten
429 1587 671 1627 Zeitgenosson
686 1587 833 1628 geineint

155 1635 173 1665 li
200 1634 278 1672 ben3
298 1633 378 1664 aber
392 1633 444 1664 bei
458 1632 831 1673 dchengederNach-

157 1680 184 1710 ri
207 1679 284 1710 htcn
323 1678 404 1709 iibcr
437 1678 527 1710 diese
558 1677 633 1709 Zeit
671 1678 737 1709 und
773 1678 833 1709 der

157 1723 464 1764 Vollst'andigkeitj
488 1723 520 1754 in
539 1723 599 1754 der
614 1723 677 1753 wir
694 1723 745 1754 die
764 1722 831 1754 Na-

157 1780 228 1800 men
254 1769 314 1799 der
334 1768 528 1809 Magistrate
553 1769 698 1809 kennen,
729 1769 773 1799 ist
796 1778 832 1799 es

157 1814 224 1846 fast
240 1813 438 1853 unmoglich,
457 1814 534 1844 dass
551 1814 613 1844 wir
630 1824 693 1845 von
708 1813 833 1844 diesem

157 1868 217 1899 gar
236 1859 342 1889 nichts
368 1858 521 1889 ei·l'ah1·en
541 1859 665 1890 hiitten.
708 1858 832 1889 Vl'alir-

159 1903 336 1935 scheinlieh
357 1904 400 1935 ist
421 1902 455 1942 Q.
471 1903 584 1934 Jlucio
599 1906 631 1935 el
646 1903 775 1935 Mar-01⁴0
791 1914 832 1933 zu

158 1948 350 1980 schreiben:
387 1948 435 1979 bei
465 1948 536 1979 dein
561 1953 673 1980 ersten
700 1948 830 1979 kiinnen

158 1994 220 2024 wir
243 1993 349 2024 sowol
374 2003 413 2024 an
438 1993 498 2024 den
515 1993 630 2033 Augur
650 1992 829 2032 (ss1·uts.212

156 2040 325 2082 percomis
343 2041 427 2076 erat)
451 2038 502 2069 als
527 2048 566 2069 an
592 2038 653 2069 «len
674 2037 831 2069 Pontil'ex

158 2083 323 2115 Maximus
347 2083 494 2123 denken,
519 2094 544 2114 s.
566 2094 594 2114 z.
612 2082 633 2124 ξ
655 2083 727 2114 115.
772 2082 831 2114 Die

159 2129 281 2159 n'ahere
290 2128 518 2168 Bezeichnung
531 2128 613 2160 l'ehlt
627 2128 713 2159 {ister
727 2128 830 2168 (Bi-ut.

160 2173 247 2213 115).
280 2172 425 2205 Marcius
453 2174 497 2205 ist
526 2173 564 2205 L.
587 2172 732 2205 Marcius
756 2172 832 2204 Phi-

158 2219 279 2260 lippus,
311 2219 385 2257 der,
416 2218 493 2249 weil
511 2229 550 2250 er
573 2219 654 2250 eben
681 2219 831 2249 erw'ahnt

158 2263 212 2303 ist,
231 2264 302 2294 hier
319 2263 391 2295 blos
410 2264 555 2295 Marcius
573 2269 717 2304 genannt
736 2263 831 2294 wird.

205 2308 244 2339 P.
263 2307 374 2352 Scipio
403 2309 542 2344 Nasica,
579 2309 700 2341 Consul
731 2310 771 2340 im
802 2308 831 2339 J.

159 2353 224 2384 6-12
242 2354 342 2392 (112).
372 2354 724 2391 ErstarbalsConsu13
741 2354 831 2385 Brut.

161 2398 220 2438 34,
244 2398 304 2429 125
336 2399 417 2430 wird
447 2399 538 2430 seino
568 2399 833 2439 Redi-sertigkeit

161 2444 225 2474 und
244 2444 315 2475 sein
336 2444 429 2475 witz
447 2445 609 2485 geriilnnt.

205 2491 338 2531 patrem
358 2491 447 2521 esus:
466 2490 559 2530 §.TU
588 2490 677 2521 Brut.
699 2491 750 2526 25.
771 2490 829 2521 107

161 2533 253 2564 illum
284 2533 474 2577 Scipionem
511 2546 586 2567 omn
617 2537 769 2567 munibus
798 2538 829 2567 7⁴11

162 2579 262 2610 rebus
286 2581 526 2621 vehementem,
559 2583 627 2613 (um
650 2591 762 2613 acrem
782 2582 830 2622 (1,.

906 1453 1040 1492 Accius)
1075 1454 1186 1484 aiebat
1217 1453 1251 1483 in
1285 1451 1423 1483 dicendo
1446 1453 1578 1493 fuisse.

906 1498 952 1529 Ei·
981 1507 1051 1528 war
1079 1497 1289 1536 hocbmiithig
1321 1497 1386 1528 und
1415 1496 1580 1529 bekannte

905 1543 987 1574 auch
1005 1543 1077 1574 dem
1086 1542 1191 1573 Volke
1206 1542 1398 1582 gegeniiber
1411 1541 1496 1573 offen
1514 1542 1581 1573 sei-

907 1598 946 1619 ne
965 1587 1052 1620 That
1068 1598 1107 1618 an
1127 1587 1390 1627 Tib.Gracchns‚
1409 1587 1460 1619 die
1475 1587 1581 1619 selbst

906 1638 1004 1664 uniter
1021 1634 1082 1664 den
1092 1632 1279 1675 Optimaten
1298 1631 1493 1664 seinerZeit
1510 1632 1580 1663 kei-

906 1689 981 1717 ner,
1016 1679 1074 1710 dei·
1107 1683 1212 1710 etwas
1242 1678 1483 1709 Besonnenlieit
1515 1678 1579 1709 und

905 1723 1141 1763 Reclitsgel'iihl
1161 1723 1287 1763 besass,
1306 1722 1444 1763 billigte.

951 1780 992 1800 ne
1005 1768 1231 1801 Xenocratem
1248 1768 1389 1810 quidem.
1418 1768 1581 1808 Dergrie-

906 1815 1036 1846 chische
1054 1813 1230 1856 Pliilosoph
1247 1814 1368 1854 gehiirt
1385 1813 1475 1844 nicht
1492 1813 1581 1844 bier-

907 1860 966 1890 liei·
983 1864 1081 1890 untei·
1095 1859 1147 1890 die
1161 1859 1347 1890 roiniscben
1357 1858 1579 1890 Yornehmen.

907 1904 1088 1937 Uebevdies
1107 1905 1149 1935 ist
1164 1904 1331 1935 dieStelle
1349 1903 1578 1943 grammatiscli

905 1949 1142 1980 unverbunden
1159 1948 1399 1989 (¹ingeschoben
1416 1948 1511 1986 (donn
1521 1948 1579 1979 das

905 1994 1052 2025 Yerbum
1081 1993 1198 2025 audivi
1224 2004 1245 2024 a
1272 1994 1458 2025 mucoribus
1488 1997 1581 2034 passt

906 2039 987 2070 (loch
1008 2039 1096 2070 nicht
1113 2038 1172 2070 aul'
1187 2038 1411 2077 xonokrates)
1444 2038 1507 2069 und
1527 2038 1581 2069 ffir

906 2084 958 2115 dii·
999 2093 1104 2124 ganze
1133 2083 1273 2115 Periode
1312 2083 1459 2114 stiirend.
1520 2082 1579 2114 Die

907 2129 1029 2160 worte
1048 2129 1118 2160 sind
1137 2129 1251 2160 darum
1269 2129 1513 2168 wegzulasscn.

953 2167 1021 2206 31.
1051 2174 1124 2206 110.
1149 2175 1327 2206 attinet=
1340 2184 1356 2205 e
1373 2184 1408 2206 re
1421 2178 1484 2213 est,
1504 2173 1579 2205 usui

906 2225 969 2252 est.

955 2265 1029 2297 111.
1057 2267 1127 2296 tum
1145 2265 1288 2307 sz'ngnl.:
1306 2275 1332 2296 S.
1353 2275 1381 2295 z.
1400 2264 1432 2306 ξ.
1454 2265 1506 2296 71.
1551 2283 1563 2291 -

952 2313 1116 2352 qm'natus
1125 2312 1289 2349 estnobis‚
1304 2309 1578 2350 dieunsangebo-

908 2354 1576 2397 remfiirunsdieurspriingliclieism-also

907 2401 958 2432 «lie
974 2400 1250 2442 Multorspraclic.
1273 2411 1323 2441 pr.
1340 2399 1408 2431 Mil.
1426 2399 1454 2440 -l,
1472 2400 1511 2430 10
1527 2403 1579 2431 est

906 2446 1100 2486 miturhaee
1113 2456 1178 2477 non
1187 2444 1384 2488 scriptased
1395 2456 1414 2475 η
1425 2456 1446 2475 (ι
1456 2448 1496 2477 ta
1508 2445 1575 2480 lem,

907 2501 1005 2533 quam
1014 2502 1034 2522 η
1040 2502 1078 2521 (m
1088 2490 1222 2522 didit-im
1228 2501 1276 2529 us,
1284 2491 1485 2533 avet-pintus,
1493 2491 1504 2521 I
1505 2491 1577 2532 egi-

906 2547 992 2571 mus,
1003 2535 1065 2568 sed
1077 2547 1121 2567 tu·
1133 2538 1260 2567 natura
1273 2536 1347 2578 ipsa
1356 2537 1576 2579 arripuimus.

906 2581 1007 2613 Soust
1026 2580 1181 2612 bor-dentem
1197 2583 1299 2612 notus
1316 2580 1433 2622 alieni,
1456 2580 1503 2614 ad
1517 2580 1578 2613 ali-
