1684 2819
157 154 209 194 33
621 150 783 183 [ABER
802 149 825 184 1.
847 151 902 192 25,
924 151 978 183 60.
1001 152 1054 183 61.

156 268 203 308 de
226 267 423 307 communi
446 265 645 306 hominum
669 265 858 305 memoria
881 265 1034 319 loquor,
1069 272 1107 305 et
1129 279 1265 306 eorum
1289 265 1477 314 maxime,
1503 266 1567 318 qui

154 325 195 364 in
216 324 347 378 aliquo
370 323 519 363 maiore
542 321 670 362 studio
692 328 731 360 et
752 328 837 362 arte
851 329 1087 362 versantur:
1113 336 1279 387 quorum
1296 328 1443 376 quanta
1459 335 1569 364 mens

155 381 224 431 sit,
249 380 402 422 difficile
424 386 484 420 est
506 377 762 427 existimare3
796 376 850 418 ita
870 378 991 419 multa
1011 379 1291 419 meminerunt.

83 437 142 483 25
276 436 453 487 Quorsus
486 435 607 489 igitur
640 434 736 474 haec
766 441 919 488 spectat
947 436 1106 475 oratio?
1136 435 1243 486 Quae
1273 436 1324 476 sit
1351 435 1418 476 illa
1440 435 1502 476 vis
1533 442 1572 476 et

95 503 138 535 60
155 494 258 535 uude
280 493 356 542 sit,
388 492 444 532 sic
465 491 765 546 intelligendum
788 497 896 544 puto.
931 490 1019 531 Non
1042 499 1102 531 est
1123 499 1230 532 certe
1251 506 1324 532 nec
1346 492 1475 532 cordis
1498 505 1570 533 nec

155 549 309 591 cerebri
326 561 397 589 nec
412 548 618 602 sanguinis
637 562 710 589 nec
729 555 948 588 atomorum
964 564 974 598 ς
1000 548 1130 588 anima
1149 548 1200 588 sit
1215 549 1387 602 ignisve,
1407 549 1541 589 nescio
1557 567 1567 599 ς

154 619 228 646 nec
249 619 310 646 me
333 605 465 660 pudet,
499 612 541 645 ut
561 605 676 654 istos,
711 604 827 645 fateri
850 605 1022 655 nescire,
1047 605 1149 658 quod
1172 605 1368 655 nesciam3
1400 605 1511 655 illud,
1537 605 1570 646 si

154 662 235 703 ulla
257 662 336 702 alia
357 662 404 702 de
426 676 470 703 re
493 662 659 703 obscura
681 662 873 702 affirmare
895 675 1068 715 possem,
1103 662 1188 702 sive
1209 661 1340 701 anima
1361 662 1445 702 sive
1467 662 1571 715 ignis

156 719 208 759 sit
229 719 409 769 animus,
444 732 533 759 eum
556 719 728 759 iurarem
752 726 841 760 es'se
874 718 1064 759 divinum.
1111 718 1210 769 Quid
1242 718 1375 758 enim?
1405 718 1572 759 obsecro

155 782 209 825 te,
236 783 395 816 terrane
417 775 502 826 tibi,
538 776 610 816 hoc
636 775 826 816 nebuloso
850 782 889 815 et
910 775 1129 829 caliginoso
1152 775 1275 825 caelo,
1311 782 1378 815 aut
1399 782 1484 815 sata
1506 782 1575 815 aut

158 839 345 873 concreta
368 832 526 873 videtur
558 839 665 872 tanta
689 833 749 873 vis
778 832 1022 872 memoriae?
1062 832 1125 881 Si,
1160 832 1251 885 quid
1281 832 1333 873 sit
1363 831 1460 881 hoc,
1495 847 1573 873 non

156 888 285 938 vides,
321 896 376 938 at,
409 889 522 942 quale
545 889 611 938 sit,
646 888 781 938 vides,
817 888 851 929 si
872 902 921 929 ne
942 888 980 928 id
1003 889 1174 942 quidem,
1208 896 1261 937 at,
1296 896 1482 942 quantum
1505 890 1571 939 sit,

95 952 134 986 61
155 945 331 999 profecto
363 945 490 986 vides.
544 945 643 996 Quid
672 945 820 1000 igitur?
858 951 988 986 utrum
1031 945 1286 1000 capacitatem
1324 945 1494 999 aliquam
1534 947 1575 986 in

157 1002 288 1042 animo
311 1009 493 1055 putamus
516 1015 621 1052 esse,
654 1017 747 1056 quo,
784 1009 980 1055 tamquam
1013 1002 1054 1041 in
1076 1002 1234 1055 aliquod
1256 1016 1343 1052 vas,
1380 1015 1441 1052 ea,
1477 1016 1575 1056 quae

156 1059 430 1108 meminimus,
475 1059 761 1099 infunduntur?
805 1058 1031 1099 Absurdum
1067 1058 1105 1098 id
1137 1059 1306 1112 quidem.
1363 1059 1436 1110 Qui
1470 1060 1573 1100 enim

156 1115 299 1156 fundus
333 1122 400 1156 aut
431 1129 532 1168 quae
561 1115 650 1156 talis
683 1115 803 1156 animi
832 1115 958 1169 figura
989 1115 1155 1169 intelligi
1187 1116 1346 1169 potest?
1376 1122 1445 1156 aut
1475 1130 1574 1169 quae

156 1179 265 1212 tanta
295 1172 455 1211 omnino
486 1173 711 1227 capacitas?
747 1172 808 1212 An
842 1172 1038 1226 imprimi,
1073 1172 1183 1225 quasi
1216 1184 1370 1222 ceram,
1403 1173 1574 1214 animum

157 1235 355 1283 putamus,
391 1235 430 1268 et
452 1242 540 1269 esse
563 1229 794 1270 memoriam
817 1230 1060 1283 signatarum
1083 1243 1217 1269 rerum
1239 1229 1280 1269 in
1301 1236 1433 1270 mente
1454 1231 1575 1271 vesti-

156 1285 247 1339 gia?
280 1284 388 1336 Quae
412 1293 575 1339 possunt
597 1286 832 1335 v,erborum
866 1299 963 1339 quae
985 1299 1120 1326 rerum
1142 1286 1317 1340 ipsarum
1342 1299 1430 1327 esse
1453 1287 1575 1328 vesti-

158 1343 250 1396 gia?
281 1356 380 1395 quae
402 1356 520 1396 porro
545 1349 622 1382 tam
646 1343 837 1383 immensa
860 1342 1109 1396 maonitudo
1144 1356 1241 1395 quae
1263 1342 1328 1384 illa
1354 1350 1432 1383 tam
1455 1343 1576 1384 multa

157 1399 284 1453 possit
305 1398 519 1453 effingere?

153 1502 266 1533 verbzs
286 1502 615 1542 ez'sdemredderet,
633 1503 758 1543 quibus
774 1512 830 1532 co-

151 1549 359 1588 gitavisset.
409 1547 483 1579 Hoc
523 1547 729 1579 adiumento
772 1547 830 1578 ille

945 1504 1007 1533 sit.
1036 1500 1104 1533 Der
1123 1501 1329 1543 Conjunctii·
1355 1502 1407 1533 bei
1436 1505 1506 1533 sive
1532 1520 1576 1525 —

900 1550 970 1579 sive
997 1547 1041 1578 ist
1067 1547 1139 1578 hier
1163 1548 1196 1578 in
1224 1547 1283 1579 der
1306 1547 1485 1588 Ordnung,
1513 1548 1576 1580 wie

156 1595 259 1624 tanto
272 1595 323 1624 sic
336 1593 522 1632 utebatur,
543 1596 586 1625 ut
598 1603 664 1624 sna
683 1596 719 1624 et
737 1603 831 1624 com-

153 1641 316 1670 mentata
342 1641 380 1669 et
401 1640 537 1680 scripta
565 1642 601 1670 et
621 1638 718 1670 nullo
737 1638 831 1678 refe-

153 1686 253 1715 rente
280 1686 399 1715 otnnz'a
420 1684 712 1716 adversariorum
735 1683 830 1715 dicta

153 1731 384 1760 meminisset.

199 1782 266 1819 25.
288 1785 342 1815 60.
370 1786 433 1816 illa
452 1788 502 1817 vis
522 1786 563 1817 ist
582 1786 657 1817 hier
674 1786 733 1817 der
751 1787 831 1817 ani-

153 1840 233 1862 mus
252 1830 461 1872 uberhaupt,
484 1831 615 1861 obwohl
636 1830 707 1862 Cic.
730 1831 830 1862 nach-

156 1876 216 1907 her
225 1874 349 1907 aufdie
365 1878 535 1908 memoria
550 1876 676 1908 wieder
688 1876 831 1908 znriick-

156 1920 294 1953 kommt.

202 1980 322 2009 anima
355 1979 407 2009 sit
436 1980 589 2020 ἰέζηίευε,
628 1978 727 2009 keine
754 1977 832 2010 Dis-

152 2022 408 2065 junctivfrage!

202 2082 243 2111 ut
269 2081 380 2111 istos:
417 2080 483 2113 alle
510 2081 582 2118 die,
611 2080 739 2112 welche
767 2081 828 2112 deu

157 2122 253 2156 Geist
276 2124 503 2158 erkliiren.

201 2185 350 2223 nescire,
371 2182 456 2214 ohne
478 2192 545 2221 me,
558 2183 628 2214 ·wie
647 2182 686 2213 de
703 2187 773 2214 nat.
787 2182 828 2214 D.

156 2226 182 2259 1
201 2227 256 2267 39,
282 2229 365 2260 1⁰9:
383 2228 538 2271 puderet
555 2238 609 2259 me
627 2228 742 2260 ‹lien-e
761 2239 829 2261 non

155 2273 300 2315 intellig
304 2284 373 2305 ere.

200 2318 294 2350 illud
308 2330 336 2349 w
340 2319 405 2351 eist
420 2319 482 2351 auf
493 2319 552 2351 das
568 2320 734 2361 uachl'olg
753 2310 831 2351 enm

157 2374 230 2395 esse
249 2364 404 2396 ds‘mnum
425 2365 494 2396 hin.

201 2410 386 2450 affirmat-e
433 2411 533 2450 „mit
581 2410 831 2443 Bestimmtheit

156 2455 363 2496 sprechew‘.
392 2454 473 2488 Dies
493 2455 615 2488 konnte
635 2456 706 2489 Cic.
728 2458 828 2488 sehon

158 2501 240 2531 nach
270 2500 343 2532 dem
370 2499 582 2534 Grundsatze
618 2502 677 2534 der
704 2514 830 2534 nenern

155 2545 341 2578 Akademie
369 2547 513 2588 nicht;
541 2548 647 2589 vergl.
677 2549 709 2588 9,
734 2549 770 2579 17
796 2561 828 2580 u.

160 2591 213 2626 17,
234 2592 288 2623 44).

903 1593 958 1632 17,
985 1593 1028 1623 4⁴»
1057 1603 1091 1624 u.
1119 1592 1181 1632 43,
1214 1593 1300 1632 1043
1329 1603 1391 1624 nur
1417 1598 1579 1625 erwartet

900 1648 975 1670 man
1012 1637 1075 1669 den
1111 1637 1209 1679 Conj.
1240 1637 1337 1679 lmpf.
1374 1637 1420 1680 (s.
1457 1638 1578 1681 Zumpt

902 1684 918 1724 ξ
939 1684 1003 1715 512
1024 1683 1120 1715 Anm.
1143 1693 1172 1715 a.
1192 1682 1253 1726 E.)
1287 1682 1365 1725 vgl.
1388 1684 1512 1726 Jedoch
1537 1685 1576 1716 de

901 1730 958 1761 fin.
980 1728 1128 1769 1.7,25=
1150 1729 1243 1761 Nam
1261 1731 1296 1761 si
1311 1729 1574 1770 concederetur,

901 1777 1046 1806 etiamsi
1060 1774 1108 1806 ad
1125 1785 1255 1816 corpus
1279 1775 1370 1806 nihil
1394 1776 1578 1818 resera-

903 1823 987 1860 tur,
1010 1822 1082 1851 ista
1101 1831 1166 1852 sna
1185 1824 1311 1862 sponte
1329 1824 1440 1863 etper
1453 1832 1489 1852 se
1503 1832 1577 1853 esse

900 1865 1056 1897 iucunda
1069 1890 1078 1905 ‚
1102 1876 1170 1907 per
1194 1876 1230 1897 se
1254 1869 1344 1897 esset
1361 1869 1397 1897 ct
1412 1868 1525 1898 virtus
1545 1870 1577 1898 e!

902 1913 1058 1953 cognitis)
1077 1921 1197 1942 rerum
1218 1911 1429 1953 appetenda,

947 1958 1013 1988 noc
1032 1974 1071 1979 —
1094 1957 1190 1988 caelo
1218 1956 1333 1988 demet
1360 1966 1420 1997 an,
1449 1967 1577 1989 warum

902 2001 962 2033 das
983 2001 1208 2034 Gediichtniss
1234 2002 1309 2034 kein
1329 2002 1496 2035 irdisches
1516 2002 1578 2035 Er-

901 2048 1060 2087 zcugniss
1084 2048 1155 2079 sein
1174 2047 1296 2079 kiinne.

948 2094 1002 2124 (il.
1024 2095 1421 2134 irnpritni—animum.
1441 2093 1576 2126 Ebenso

902 2138 942 2169 ad
971 2139 1049 2170 sam.
1070 2138 1111 2170 V.
1134 2138 1189 2179 2⁴),
1210 2140 1249 2170 5:
1282 2139 1378 2180 Quae
1396 2149 1505 2181 quum
1528 2143 1578 2171 vi-

903 2184 1018 2216 derem
1048 2187 1103 2216 tot
1130 2187 1288 2227 vestigiis
1315 2186 1492 2227 impressa
1523 2184 1578 2217 Γὼ-

902 2230 962 2261 das
996 2230 1265 2271 gewiihnlichere
1300 2232 1426 2272 quibus
1453 2248 1495 2254 —-
1523 2234 1579 2262 tot

903 2278 1052 2317 vestigia
1079 2278 1264 2317 impressa,
1286 2276 1358 2307 also
1385 2276 1467 2307 nach
1488 2276 1578 2308 Ana-

901 2321 991 2361 logie
1005 2321 1065 2352 der
1076 2321 1254 2364 doppelten
1266 2320 1502 2353 construction
1518 2321 1577 2353 der

901 2365 1014 2398 Verba
1033 2367 1209 2409 adspergo
1228 2372 1292 2399 etc.
1320 2366 1412 2409 (vgl.
1434 2365 1577 2409 N'zigels·

902 2412 984 2443 bach
1006 2412 1064 2443 lat.
1087 2412 1162 2444 Stil.
1185 2412 1218 2444 2.
1238 2413 1278 2444 Α.
1302 2411 1337 2444 S.
1359 2412 1458 2454 404.)

947 2457 1171 2499 magnitudo,
1194 2468 1242 2490 sc.
1258 2460 1450 2490 memoriae
1468 2460 1576 2500 quasi

904 2503 1047 2535 tabulae
1073 2513 1212 2542 ceretu»,-
1242 2506 1574 2545 quae—possit

902 2549 1143 2590 effingere
1187 2548 1240 2579 fiir
1266 2567 1308 2571 —
1334 2548 1452 2589 efficta
1493 2559 1573 2581 con·

904 2597 1030 2626 te'nere.
