1684 2819
86 265 141 310 37

162 150 240 190 208
625 148 779 182 LissEn
801 149 857 183 iv,
885 151 938 192 37,
960 150 1014 182 79.
1035 151 1088 181 εει).

270 265 339 307 Ubi
363 271 453 305 sunt
474 276 567 315 ergo
589 263 678 312 isti,
709 264 774 316 qui
802 264 1037 304 iracundiam
1059 264 1191 305 utilem
1215 265 1372 305 dicunt?
1402 267 1547 320 (potest

92 330 132 363 79
155 322 258 363 utilis
290 334 376 362 esse
407 320 561 361 insania
573 320 608 372 ?)
640 326 706 359 aut
736 320 951 361 naturalem
965 321 990 358 ?.
1010 320 1071 361 An
1098 322 1302 376 quicquam
1325 328 1384 362 est
1405 336 1546 364 secun-

88 1012 129 1044 §0

157 379 243 419 dum
266 385 460 426 naturam,
496 377 597 429 quod
620 377 661 416 fit
681 383 921 430 repugnante
941 377 1124 418 ratione?
1154 378 1238 429 Quo
1260 379 1372 419 modo
1396 387 1540 429 autem,

155 435 188 476 si
210 434 396 475 naturalis
419 440 524 474 esset
544 433 618 483 ira,
647 441 714 473 aut
734 433 834 474 alius
855 433 931 474 alio
953 434 1074 487 magis
1096 434 1305 476 iracundus
1327 437 1458 477 esset?
1480 444 1545 477 aut

154 492 269 531 linem
299 491 461 531 haberet
489 491 619 544 prius,
652 505 764 543 quam
795 497 903 531 esset
934 490 1037 540 ulta,
1067 489 1276 532 ulciscendi
1305 492 1448 533 libido?
1478 500 1546 534 aut

156 561 386 601 quemquam
408 547 644 601 poeniteret,
669 547 768 600 quod
791 547 951 588 fecisset
971 559 1040 601 per
1063 546 1189 586 iram?
1219 556 1260 588 ut
1279 548 1545 590 Alexandrum

154 618 286 658 regem
319 604 519 655 videmus,
557 605 621 657 qui
657 619 772 657 quum
808 603 1076 645 interemisset
1111 603 1275 653 Clitum,
1316 605 1544 647 familiarem

154 675 281 712 suum,
306 662 377 703 vix
398 676 420 702 a
441 674 484 702 se
506 675 641 702 manus
660 661 871 710 abstinuit3
897 667 1005 701 tanta
1028 661 1088 701 vis
1107 661 1177 701 fuit
1193 661 1426 715 poenitendi.
1454 662 1571 718 Qui-—

153 719 223 759 bus
254 718 445 772 cognitis,
479 719 563 771 quis
596 725 679 768 est,
713 719 778 772 qui
807 718 976 767 dubitet,
1017 718 1106 771 quin
1141 717 1201 757 hic
1233 732 1385 772 quoque
1418 726 1546 760 motus

155 776 274 816 animi
296 777 346 816 sit
368 782 472 816 totus
496 775 700 829 opinabilis
723 789 767 815 ac
789 774 1064 815 voluntarius?
1103 774 1197 825 Quis
1220 776 1321 815 enim
1343 775 1543 826 dubitarit,

154 832 246 886 quin
268 832 560 887 aegrotationes
583 833 717 882 animi,
743 832 868 886 qualis
892 839 951 872 est
973 831 1153 881 avaritia,
1173 832 1322 886 gloriae
1340 833 1541 887 cupiditas,

154 903 204 930 ex
228 904 288 940 eo,
315 891 414 943 quod
437 890 566 943 magni
588 890 816 930 aestimetur
837 902 882 928 ea
904 902 983 938 res,
1010 902 1061 928 cx
1083 903 1157 942 qua
1179 889 1330 929 animus
1350 897 1541 943 aegrotat,

153 947 356 992 oriantur?
387 946 493 987 Unde
514 947 677 1000 intelligi
700 946 813 986 debet
828 976 838 994 ‚
863 945 1194 999 perturbationem
1218 959 1369 999 quoque
1392 961 1544 987 omnem

152 1016 239 1044 esse
260 1004 300 1044 in
331 1003 528 1057 opinione.
562 1003 610 1043 Et
640 1004 673 1042 si
706 1003 885 1051 fidentia,
919 1002 955 1041 id
987 1009 1047 1042 est
1076 1002 1185 1042 firma
1217 1003 1334 1042 animi
1364 1003 1541 1054 conlisio,

152 1061 316 1100 scientia
339 1061 528 1112 quaedam
552 1068 611 1099 est
632 1066 670 1099 et
693 1059 822 1112 opinio
844 1059 976 1113 gravis
999 1072 1076 1098 non
1106 1066 1252 1099 temere
1274 1061 1542 1109 assentientis‚

152 1125 277 1158 metus
301 1131 453 1170 quoque
476 1124 536 1157 est
557 1117 763 1157 diffidentia
785 1116 1001 1170 exspectati
1025 1123 1061 1155 et
1088 1115 1346 1169 impendentis
1368 1116 1481 1168 mali3
1508 1124 1545 1156 et

151 1174 183 1213 si
207 1188 294 1228 spes
318 1181 379 1214 est
401 1174 643 1227 exspectatio
666 1173 773 1223 boni,
800 1173 888 1213 mali
913 1173 1248 1226 exspectationem
1271 1185 1359 1213 esse
1382 1186 1544 1214 necesse

151 1238 212 1271 est
240 1237 401 1271 metum.
445 1231 494 1272 Ut
523 1231 640 1285 igitur
669 1238 818 1279 metus,
847 1230 902 1270 sic
923 1230 1097 1282 reliquae
1120 1229 1430 1283 perturbationes
1453 1237 1545 1270 sunt

150 1288 189 1328 in
212 1288 327 1328 malo.
362 1288 465 1342 Ergo
489 1295 530 1328 ut
552 1288 770 1328 constantia
791 1286 1002 1335 scientiae,
1035 1285 1092 1326 sic
1125 1286 1365 1340 perturbatio
1397 1287 1544 1328 erroris

151 1352 224 1385 est.
260 1345 333 1396 Qui
355 1353 479 1385 autem
502 1351 642 1385 natura
665 1344 845 1384 dicuntur
876 1343 1049 1383 iracundi
1083 1351 1147 1384 aut
1176 1344 1449 1385 misericordes
1479 1351 1546 1384 aut

150 1401 273 1442 invidi
295 1408 361 1441 aut
382 1401 457 1442 tale
491 1401 604 1455 quid,
638 1401 673 1441 ei
703 1409 792 1442 sunt
821 1399 1022 1440 constituti
1052 1400 1161 1453 quasi
1193 1400 1293 1440 mala
1323 1401 1544 1440 valetudine

151 1459 292 1508 animi,
326 1458 522 1498 sanabiles
552 1465 704 1508 tamen3
739 1465 781 1498 ut
802 1459 982 1498 Socrates
1014 1457 1166 1496 dicitur.
1203 1457 1325 1508 Quum
1357 1458 1473 1498 multa
1505 1457 1543 1496 in

150 1522 346 1557 conventu
381 1515 478 1555 vitia
514 1515 735 1569 collegisset
770 1514 810 1554 in
846 1528 933 1555 eum
964 1514 1165 1568 Zopyrus,
1199 1513 1262 1567 qui
1293 1527 1334 1553 se
1367 1521 1543 1554 naturam

192 1649 256 1688 37.
272 1652 325 1684 79.
347 1651 411 1685 Lsbz·
425 1654 509 1683 snut
521 1656 584 1683 etc.
598 1650 676 1683 wir
689 1647 807 1691 Sagen:

149 1697 242 1739 „Wo
261 1698 391 1730 blcibcn
411 1698 458 1729 sie
472 1698 517 1728 ?“

880 1649 950 1681 dies
969 1647 1070 1680 Wort
1097 1648 1188 1680 nicht
1205 1659 1283 1689 v0r3
1313 1650 1460 1689 confisio
1483 1660 1545 1681 nur

880 1705 920 1726 an
943 1704 1083 1726 unserer
1099 1694 1234 1735 stelle)

192 1755 296 1786 qnnm
323 1746 559 1775 sulm-emisset·
580 1742 728 1781 Clitum,
757 1741 809 1772 bei

146 1789 251 1821 ciuem
277 1789 499 1830 Trinkgelage
534 1788 565 1819 in
591 1787 806 1819 Maracanda.

147 1835 188 1866 im
208 1834 342 1867 XVinter
361 1834 564 1866 329—325.
597 1833 729 1865 Arrian.
752 1832 805 1864 lv.

147 1881 188 1921 ὃς
225 1880 311 1913 Plut.
338 1880 392 1912 Al.
422 1882 478 1912 50.
507 1880 569 1919 513
606 1877 807 1911 Curt.Vlll.

192 1972 246 2003 80.
279 1972 327 2004 Et
351 1974 382 2002 si
397 1971 557 2011 fidentia
583 1975 646 2001 etc.
684 1969 741 2002 Um
768 1980 807 2000 zu

146 2017 326 2058 beweisen,
341 2018 417 2048 dass
432 2017 514 2048 auch
531 2017 582 2047 die
594 2015 714 2047 Furcht
728 2014 808 2056 (wie

146 2063 197 2094 (lie
231 2063 416 2095 iracundia
445 2081 489 2085 --
523 2061 684 2093 darauf
713 2061 811 2092 weist

146 2109 218 2140 hier
245 2120 380 2150 qnoque
411 2108 482 2146 hin)
517 2107 577 2139 auf
606 2107 664 2138 der
689 2109 808 2149 opinio

146 2153 555 2195 berulie,scl1iektCicero
571 2153 622 2184 die
633 2153 807 2184 Delinition

147 2200 371 2241 (lerfidentt'a
399 2200 448 2231 als
474 2200 565 2231 einer
590 2201 708 2240 opinio
724 2208 810 2239 gra—

146 2249 194 2277 vis
213 2257 346 2286 vorans,
366 2245 430 2277 und
455 2245 589 2277 delinirt
606 2244 809 2286 demgem'ziss

147 2291 198 2323 die
213 2290 339 2323 Furcht
356 2292 406 2322 als
426 2291 638 2332 dzffidenlia,
659 2291 688 2322 d.
706 2291 737 2321 Ιι.
759 2290 809 2321 als

147 2339 266 2379 opinio
287 2338 369 2368 levis
390 2337 455 2375 „in
475 2338 584 2378 Bezug
606 2335 666 2367 auf
684 2336 734 2367 ein
758 2346 810 2367 er-

147 2388 307 2415 wartetes
336 2382 480 2415 Uener:
503 2401 540 2405 —
578 2382 626 2414 Zu
651 2382 808 2421 fidentia

148 2429 213 2470 vgl.
249 2429 288 2461 de
313 2430 436 2460 invent.
469 2427 509 2459 ll.
541 2429 601 2464 51,
633 2428 715 2458 1⁴33:
752 2427 810 2459 Fi-

149 2475 267 2506 dentz'a
295 2479 359 2511 est,
384 2485 450 2516 per
477 2484 578 2516 qnam
607 2475 748 2514 magnis
775 2476 810 2504 et

149 2522 305 2552 honestis
340 2523 375 2551 in
409 2520 511 2552 rebus
543 2520 691 2550 mnllnrn
737 2521 810 2561 ipse

149 2569 285 2598 animus
315 2569 347 2598 in
373 2577 408 2597 se
423 2566 582 2605 fiduciae
610 2568 705 2596 certa
732 2575 805 2595 enm

148 2623 207 2654 spe
248 2612 442 2645 collocavit.
494 2610 648 2653 (Weiter
687 2610 808 2642 kommt

924 1744 1009 1772 sunt
1033 1743 1065 1771 in
1094 1741 1186 1773 malo
1207 1756 1252 1766 =
1269 1744 1351 1772 sunt
1379 1744 1414 1772 in
1444 1743 1539 1781 vitio,

877 1790 962 1817 sunl
982 1788 1142 1818 vitiosae.

924 1835 1138 1863 constantia.
1174 1830 1282 1863 Ueber
1295 1832 1408 1863 diesen
1422 1831 1546 1873 Begriff

865 1870 928 1908 'bei
949 1877 1010 1908 den
1027 1877 1180 1908 Stoikern
1200 1888 1226 1909 s.
1244 1877 1325 1909 oben
1342 1878 1373 1916 6,
1393 1877 1538 1908 12—14.

924 1923 1120 1964 collegisset
1139 1926 1171 1953 in
1187 1933 1275 1961 enm,
1292 1923 1454 1965 priignant
1469 1923 1537 1954 fiir:

879 1971 912 1999 in
933 1969 1081 2001 Sor-rote
1107 1968 1253 2000 collecta
1272 1971 1305 2000 1⁴11
1325 1971 1397 2000 eins
1416 1979 1541 2011 oppro-

880 2015 992 2045 bre'nne
1013 2014 1236 2056 explicasset.

924 2060 1097 2101 Zopyrns.
1128 2059 1244 2091 Cicero
1272 2059 1309 2091 de
1331 2059 1398 2091 sato
1416 2061 1457 2091 5:
1478 2059 1540 2092 So-

880 2109 1026 2138 cratem.
1056 2116 1164 2136 nonne
1190 2106 1349 2147 legimns,
1374 2106 1540 2146 quemad-

878 2151 1018 2183 modum
1047 2153 1181 2183 notarie
1208 2152 1372 2193 Zopyrus
1398 2152 1540 2194 physio-

876 2206 1040 2239 gnomon,
1071 2199 1133 2238 qni
1159 2208 1194 2228 se
1218 2198 1460 2239 profilebatnr
1478 2198 1540 2229 Ιιο-

878 2245 1007 2274 me'nnm
1035 2253 1148 2274 mot-es
1167 2246 1383 2284 naturasque
1402 2253 1445 2273 ecc
1462 2253 1539 2274 cor-

874 2299 981 2330 pore,
1018 2289 1146 2328 oeulis,
1176 2289 1292 2329 vnltn,
1309 2290 1438 2330 fronte
1459 2298 1538 2329 per-

878 2345 1018 2366 noscet-e
1030 2340 1044 2364 ἲ
1061 2334 1249 2376 Stnpidnm
1270 2345 1341 2365 esse
1354 2334 1538 2366 Sooratem

878 2381 969 2412 dari!
985 2384 1019 2412 et
1034 2380 1180 2411 bardum
1192 2398 1244 2413 —,
1257 2379 1398 2411 addidit
1413 2381 1533 2415 etiam,

878 2426 1120 2457 maliet-osum.
1157 2424 1274 2456 Dieser
1298 2424 1448 2467 Zopyrus
1476 2425 1537 2455 soll

877 2470 1066 2513 urspriingl.
1099 2471 1150 2502 ein
1182 2471 1389 2502 thracis-chez-
1414 2469 1535 2501 Sklave

878 2517 942 2548 und
984 2512 1217 2558 παιδαγωγός
1256 2516 1313 2547 des
1346 2515 1536 2547 Alcibiades

878 2572 1027 2603 gewesen
1040 2563 1107 2593 sein
1122 2574 1129 2602 3
1145 2572 1182 2594 er
1196 2563 1239 2593 ist
1252 2562 1310 2593 der
1321 2562 1440 2593 iilteste
1453 2560 1536 2605 Phy-

878 2608 1113 2650 siognomiker‚
1141 2619 1201 2639 von
1225 2608 1295 2639 dem
1323 2608 1384 2639 wir
1401 2608 1533 2640 wissen.
