1684 2819
659 146 862 179 menni.
892 147 1022 189 27,66.
1488 147 1538 185 41

132 258 248 298 audio
266 287 276 305 ,
311 255 376 309 qui
400 254 654 309 Ganymeden
676 254 722 295 ab
746 254 804 294 dis
827 261 979 308 raptum
1003 255 1058 294 ait
1086 260 1248 308 propter
1274 255 1440 294 formam
1457 285 1467 304 ,
1500 261 1543 294 ut

132 314 216 355 lovi
244 312 378 353 bibere
411 311 678 361 ministraret3
724 324 804 351 non
839 312 942 352 iusta
974 325 1139 362 caussa,
1183 312 1266 351 eur*
1280 310 1541 352 Laomedonti

133 377 242 411 tanta
264 369 378 409 fieret
398 368 558 409 iniuria.
587 367 780 422 Fingebat
801 369 898 408 haee
914 368 1107 408 Homerus
1130 375 1169 408 et
1188 367 1357 408 humana
1379 367 1426 407 ad
1449 368 1544 408 deos

133 426 417 476 transferebat3
452 425 583 466 divina
613 425 769 465 mallem
801 426 848 465 ad
875 439 962 466 nos.

1003 425 1111 476 Quae
1133 432 1264 465 autem
1286 424 1447 465 divina?
1476 423 1544 464 Vi-

133 496 242 537 gere‚
269 496 424 536 sapere,
449 482 645 531 invenire,
670 482 912 522 meminisse.

247 539 353 593 Ergo
378 539 547 588 animus,
572 546 614 578 ut
636 552 710 592 ego
734 539 837 589 dico,
862 538 1016 579 divinus
1040 545 1115 588 est,
1135 538 1397 592 utEuripides
1413 537 1545 578 dicere

133 596 265 645 audet,
290 597 410 645 deusg
445 603 484 635 et
506 595 676 648 quidem,
709 595 742 635 si
765 595 859 635 deus
882 602 949 634 aut
970 594 1101 634 anima
1122 602 1189 634 aut
1209 595 1311 648 ignis
1334 602 1408 643 est,
1441 594 1544 635 idem

134 659 194 694 est
215 653 365 693 animus
388 652 572 692 hominis.
604 651 704 692 Nam
726 658 770 690 ut
789 651 857 691 illa
879 658 1019 691 natura
1046 651 1227 690 caelestis
1250 658 1288 691 et
1308 659 1414 691 terra
1431 658 1548 691 vacat

134 716 173 749 et
203 709 391 758 humore,
426 708 482 749 sio
512 708 717 760 utriusque
745 707 882 747 harum
914 721 1047 747 rerum
1080 708 1273 747 humanus
1306 708 1459 747 animus
1488 714 1548 748 est

134 779 293 819 expers.
336 764 405 804 Sin
433 770 564 804 autem
597 771 658 804 est
689 764 825 817 quinta
847 764 1037 816 quaedam
1061 770 1224 814 natura,
1261 764 1308 803 ab
1329 764 1545 804 Aristotele

132 822 290 861 inducta
321 820 512 874 primum,
547 821 643 860 haec
673 827 712 861 et
734 821 898 861 deorum
921 828 983 861 est
1004 827 1042 861 et
1064 820 1299 860 animorum.
1342 820 1451 860 Hane
1474 834 1545 860 nos

133 878 370 919 sententiam
393 877 520 917 secuti
542 877 602 917 his
625 877 719 931 ipsis
740 877 873 918 verbis
892 878 931 918 in
946 878 1227 918 Consolatione
1246 877 1518 931 expressimus
1536 894 1544 915 :

249 934 516 985 „Animorum
546 934 651 974 nulla
681 935 721 974 in
752 934 870 974 terris
903 934 1014 988 origo
1046 933 1216 975 inveniri
1246 940 1391 988 potest.
1434 932 1541 974 Nihil
1559 933 1616 977 27

134 992 236 1031 enim
260 998 320 1031 est
339 991 380 1031 in
401 991 541 1031 animis
563 991 729 1030 mixtum
753 997 869 1044 atque
891 998 1134 1039 concretum,
1160 997 1228 1030 aut
1249 991 1350 1043 quod
1369 997 1545 1030 exterra
1563 997 1605 1028 66

132 1055 266 1089 natum
291 1054 406 1100 atque
428 1048 559 1088 fiotum
581 1061 669 1088 esse
692 1048 898 1098 videatur3
933 1048 1031 1087 nihil
1053 1060 1102 1087 ne
1131 1055 1199 1087 aut
1230 1047 1430 1087 humidum
1460 1047 1547 1100 qui-

134 1105 218 1144 dem
252 1112 319 1145 aut
348 1104 476 1145 flabile
504 1112 571 1145 aut
600 1104 775 1158 igneum.
818 1105 887 1144 His
918 1105 1021 1144 enim
1051 1104 1092 1144 in
1124 1104 1277 1144 naturis
1308 1104 1404 1144 nihil
1425 1104 1544 1151 inest,

134 1162 234 1215 quod
253 1162 332 1202 vim
355 1161 583 1211 memoriae,
609 1162 768 1211 mentis,
794 1162 1045 1215 cogitationis
1068 1161 1224 1209 haheat,
1250 1161 1352 1214 quod
1375 1168 1411 1200 et
1433 1174 1546 1214 prae-

132 1276 253 1316 λιστος
269 1280 392 1332 95'11510
411 1280 559 1320 θνητῶν
572 1276 804 1322 εἷνθοώπων·

139 1322 210 1357 Τὸν
243 1325 304 1356 καὶ
338 1335 383 1357 αν
388 1327 546 1369 nmmum
550 1337 588 1357 το
626 1326 707 1357 stoi
743 1325 813 1357 Ῐιὶ

133 1367 371 1427 ιζῗνοχοεύειι,
398 1368 562 1408 Κιὶλλεος
586 1371 705 1404 5t1¹52a
739 1374 803 1409 οὶο,

134 1415 168 1449 ιν
197 1413 418 1448 αθανάτοισι
437 1419 577 1460 μετείη.

183 1461 422 1505 Ganymeden.
436 1462 570 1495 Ehenso
586 1462 645 1495 ΙΙΙ.
658 1463 690 1503 4,
708 1462 726 1494 S
743 1462 805 1495 S-0

136 1511 279 1594 gratem,-
298 1507 353 1540 lt.
376 1508 438 1549 3,
424 1518 441 1539 o
460 1509 654 1551 Drogenen.
684 1508 806 1550 Zumpt

174 1553 228 1585 71.

182 1599 297 1630 bibere
322 1599 566 1639 ministraret,
595 1599 648 1631 ein
669 1597 807 1630 Gr'kieis-

135 1654 228 1684 mus,
258 1643 320 1675 wie
339 1643 414 1675 Liv.
435 1643 510 1675 XL.
529 1645 594 1675 47:
625 1648 668 1676 ut
693 1645 807 1676 bibere

135 1690 207 1721 sibi
224 1690 360 1721 iuberet
380 1689 474 1721 clari.
570 1722 576 1727 ,

181 1735 428 1766 Laomedonti.
472 1734 564 1767 Naeh
598 1734 720 1766 Homer
755 1734 807 1775 (in

136 1781 190 1812 ob.
207 1779 270 1819 St„
291 1780 375 1811 anch
393 1779 434 1812 V.
456 1780 538 1823 266)
556 1790 628 1811 war
644 1780 810 1811 vielinehr

138 1824 347 1869 Ganymedes
372 1826 427 1857 ein
446 1825 535 1857 Sohn
558 1826 616 1857 des
637 1825 722 1856 Tros
741 1824 809 1856 und

135 1870 369 1903 Vaterbruder
397 1871 454 1903 des
481 1871 693 1913 Laomedon3
726 1871 807 1902 doch

137 1917 199 1958 gab
233 1926 267 1948 es
303 1917 388 1948 auch
417 1917 654 1949 abweichende
683 1916 806 1957 Sagen.

137 1962 179 1994 So
195 1966 296 1994 nennt
308 1961 425 2005 Eurip.
444 1962 570 1995 Troad.
583 1962 647 1994 822
663 1963 726 1993 den
742 1961 807 1994 Ga-

138 2007 296 2052 nymedes
318 2006 599 2051 Λαομεδόντιος
616 2009 716 2044 παῖς.

182 2053 372 2094 Euripides
400 2053 549 2095 (Fragm.
579 2054 644 2086 inc.
666 2052 725 2085 Nr.
745 2053 807 2084 128

136 2098 275 2139 Dind.):
292 2095 377 2135 θεὸς
389 2095 461 2143 γάρ
475 2111 529 2136 τις
541 2096 687 2142 ἐνὴμῖν.
703 2098 807 2130 Darin

138 2144 243 2185 folgte
255 2154 293 2176 er
302 2144 427 2177 seinem
437 2145 808 2186 LehrerAnaxagoras.

182 2190 280 2232 Ergo
311 2193 467 2223 animus.
503 2190 669 2222 Dahinter
702 2190 809 2222 haben

138 2236 190 2267 die
215 2235 357 2267 meisten
380 2236 525 2268 Hdschr.
553 2237 605 2268 ein
632 2236 811 2277 ungeh'ori-

137 2291 196 2323 ges
222 2283 294 2322 qui.

103 2360 105 2362 ,
185 2328 315 2369 quinta
340 2327 516 2369 quaedam
541 2330 673 2359 natura
686 2327 699 2366 ,·’
733 2327 810 2359 dass

139 2371 210 2403 Cic.
231 2372 323 2404 diese
341 2372 447 2404 falsch
466 2372 655 2414 aufgefasst
673 2373 749 2414 hat,
780 2383 808 2404 s.

139 2417 222 2449 oben
245 2429 286 2449 zu
307 2418 362 2459 10,
383 2418 438 2449 22.

187 2463 333 2495 inducta
356 2465 529 2505 pri-mum.
556 2463 651 2495 Auch
673 2463 811 2495 unrieh-

139 2508 200 2548 tig.
221 2509 329 2541 Schon
349 2509 402 2541 (lie
417 2509 651 2552 Pythagoreer
668 2509 810 2540 nahmen

142 2553 195 2584 ein
214 2553 342 2586 fiinftes
360 2554 515 2586 Element
533 2565 588 2594 an,
615 2565 679 2586 von
698 2554 811 2586 Philo-

140 2598 214 2630 laus
233 2599 334 2641 (naeh
354 2599 447 2633 Stob.
463 2600 527 2632 ecl.
545 2600 571 2632 I.
585 2611 615 2642 p.
635 2600 692 2642 10)
714 2596 731 2640 ἡ
751 2601 811 2640 τῆς

879 1281 1041 1324 σᾳαίοας
1059 1276 1184 1316 ὸλκιὶς,
1208 1289 1271 1310 νοι]
1291 1279 1427 1310 Andeln
1447 1277 1549 1320 (nach

877 1325 964 1357 Plnt.
988 1325 1027 1357 de
1042 1326 1129 1367 plac.
1144 1325 1226 1367 phil.
1241 1324 1282 1356 ΙΙ.
1296 1321 1366 1367 (Dry
1381 1325 1443 1356 τοῦ
1456 1334 1552 1356 nm—

879 1368 938 1407 τὸς
970 1373 1113 1415 σφαῖρα
1146 1375 1307 1412 genannt.
1348 1369 1425 1410 Vgl.
1455 1369 1550 1401 Sext.

876 1417 972 1458 Emp.
994 1416 1070 1448 adv.
1091 1416 1194 1448 math.
1215 1415 1261 1448 X.
1284 1416 1369 1447 316:
1388 1411 1552 1451 ’Qozmog

877 1462 940 1505 (Ρ)
945 1462 1038 1503 thag.
1058 1472 1111 1493 um
1127 1461 1210 1504 490)
1226 1461 1288 1493 καὶ
1304 1458 1552 1504 Ἀριστοτέλης

877 1516 921 1539 σι·
923 1508 1162 1560 ιιπαρέλαβον
1174 1509 1248 1543 τοῖς
1260 1507 1437 1550 τέσσαρσι
1451 1514 1551 1537 στοι-

873 1555 993 1606 χειοις
1014 1550 1053 1584 τὸ
1081 1563 1254 1584 πειιπτοι
1279 1564 1341 1584 και
1372 1552 1551 1593 κιΜκῖοᾳο-

878 1596 1029 1651 (mmxliv
1039 1599 1157 1642 σιῦιια
1173 1597 1210 1635 ἐξ
1222 1595 1263 1629 οἱ
1274 1598 1442 1640 λέγουσιν
1457 1595 1549 1630 ειιαι

878 1655 921 1676 TC(
940 1654 1053 1687 ovoal'
1057 1655 1106 1674 (α.

924 1701 957 1721 ιιι
984 1689 1246 1722 Consolatione
1274 1687 1375 1719 Diese
1393 1688 1550 1719 verloren

878 1745 1073 1776 gegangene
1089 1733 1228 1773 Schrift,
1248 1733 1375 1765 welche
1392 1733 1463 1764 Cic.
1480 1733 1502 1764 i.
1519 1732 1548 1764 J.

878 1782 918 1811 45
942 1781 1024 1811 nach
1046 1780 1118 1811 dem
1136 1778 1228 1810 Tode
1248 1779 1361 1810 seiner
1383 1778 1550 1818 geliebten

877 1823 1026 1857 Toehter
1055 1825 1195 1865 Tullc'a,
1231 1824 1484 1866 haupts'achlich
1511 1834 1552 1854 zu

879 1871 1006 1903 seinem
1033 1870 1173 1911 eigenen
1200 1868 1335 1909 Troste‚
1367 1869 1451 1901 nach
1478 1869 1550 1901 dem

878 1916 1039 1948 Vorbilde
1059 1916 1222 1948 Crantors
1241 1914 1287 1957 (s.
1303 1915 1360 1953 48,
1377 1915 1459 1956 115)
1477 1924 1553 1947 ver-

879 1962 998 2002 fasste,
1019 1961 1172 1993 erw'ahnt
1190 1971 1227 1993 er
1244 1961 1326 1992 auch
1347 1961 1402 2002 34,
1424 1961 1466 1992 83
1486 1960 1551 1991 und

879 2007 940 2040 ΙΙΙ.
962 2007 1017 2049 25,
1039 2009 1079 2039 70

925 2055 1180 2095 eoepresse‘mus.
1215 2050 1286 2083 Vor
1319 2051 1444 2083 diesem
1469 2050 1553 2083 Ver-

879 2099 955 2130 bum
982 2099 1026 2130 ist
1053 2098 1157 2140 (nach
1176 2096 1390 2139 Wesenberg
1414 2096 1440 2129 l.
1461 2108 1492 2139 p.
1512 2097 1550 2137 4)

880 2145 946 2176 lcoc
958 2144 1078 2186 getilgt
1088 2143 1239 2183 worden,
1255 2143 1314 2175 das
1326 2142 1554 2174 wahrschein-

879 2190 944 2222 lich
972 2200 1037 2221 von
1064 2189 1172 2221 einem
1197 2188 1425 2220 Abschreiber
1454 2198 1554 2229 zuge-

880 2240 971 2267 setzt
989 2236 1047 2275 ist,
1068 2235 1128 2266 der
1142 2234 1238 2266 nieht
1250 2239 1389 2273 wusste,
1406 2234 1484 2265 dass
1499 2233 1553 2265 ein

880 2281 965 2312 zwei
984 2280 1118 2313 Verben
1146 2279 1325 2312 desselben
1352 2279 1472 2311 Satzes
1499 2289 1555 2320 ge-

879 2327 1080 2358 meinsames
1108 2325 1232 2367 ObJect
1258 2326 1303 2357 im
1328 2324 1462 2357 Latein.
1491 2335 1554 2355 nur

880 2372 1004 2404 einmal
1022 2371 1250 2413 ausgedriickt
1266 2371 1364 2402 wird.
1386 2370 1432 2402 Im
1451 2368 1552 2401 Sinne

878 2428 944 2449 von
964 2417 1101 2459 „haben
1118 2417 1182 2448 wir
1199 2415 1386 2457 Folgendes
1404 2415 1551 2456 gesagt“

880 2463 968 2495 kann
995 2464 1060 2495 lzoe
1086 2464 1326 2504 eoepressimus
1355 2462 1438 2493 auch
1460 2460 1553 2491 nicht

879 2509 1065 2550 gebraucht
1084 2508 1233 2540 werden.

925 2551 993 2589 27.
1021 2554 1075 2586 66.
1105 2554 1194 2586 nihil
1209 2563 1251 2584 ne
1267 2570 1311 2576 —
1330 2550 1494 2594 quidem,
1522 2560 1548 2581 s.

880 2610 921 2631 zu
940 2600 996 2640 23,
1019 2600 1074 2631 53.
