1684 2819
652 149 875 181 LIBERII.
906 149 959 191 13,
980 150 1035 182 30.
1489 148 1540 187 91

134 267 233 306 Nam
256 279 373 318 quum
396 264 455 314 id,
489 264 589 316 quod
611 264 704 303 mihi
728 264 915 304 horribile
937 263 1120 311 videtur⁷
1155 269 1195 302 tu
1218 261 1375 301 omnino
1398 261 1542 301 malum

135 336 255 376 negas
279 334 389 371 esse,
416 320 551 374 capior
573 327 612 360 et
632 320 737 360 scire
761 321 895 374 cupio,
929 334 1005 373 quo
1029 319 1141 359 modo
1163 318 1223 368 id,
1250 318 1351 370 quod
1374 330 1447 371 ego
1471 318 1543 357 mi-

134 378 341 419 serrimum
364 377 612 426 existimem,
647 390 696 416 ne
717 377 861 417 malum
884 377 1036 430 quidem
1060 376 1124 415 sit.
1157 400 1213 404 —-
1241 373 1349 427 Nihil
1365 380 1447 422 est,
1482 373 1543 413 in-

133 434 230 487 quit,
255 433 413 482 malum,
438 433 515 473 nisi
537 434 638 486 quod
660 440 772 488 turpe
796 441 911 486 atque
928 433 1116 473 vitiosum
1136 438 1210 472 est.
1225 456 1281 460 —
1295 429 1355 470 Ad
1375 430 1543 483 ineptias

136 490 255 531 redis.
291 490 387 529 Illud
409 490 528 538 enim,
553 491 653 542 quod
678 504 739 529 me
757 490 941 543 angebat,
967 503 1047 528 non
1062 488 1221 528 eximis.
1256 486 1346 527 Scio
1369 486 1544 527 dolorem

135 561 211 586 non
236 560 324 587 esse
347 546 575 599 nequitiam.
621 546 766 586 Desine
795 547 834 586 id
855 559 917 585 me
940 546 1105 594 docere3
1141 545 1214 584 hoc
1237 545 1355 593 doce,
1389 543 1543 583 doleam

135 616 259 643 necne
282 602 433 642 doleam
448 634 457 652 ‚
483 602 579 642 nihil
599 603 810 642 interesse.
836 627 888 631 -
910 601 1129 653 Numquam
1153 600 1376 652 quicquam,
1401 599 1541 651 inquit,

135 660 183 699 ad
210 659 324 699 beate
348 659 501 712 quidem
524 659 759 707 vivendum,
795 658 896 710 quod
929 664 990 697 est
1017 658 1057 696 in
1078 669 1156 696 una
1177 657 1324 696 virtute
1356 656 1540 709 positum,

135 716 203 756 sed
226 722 285 755 est
306 722 435 754 tamen
458 714 731 754 reiiciendum.
778 714 886 753 Cur?
915 713 1111 766 Asperum
1145 719 1226 761 est,
1260 718 1399 751 contra
1431 719 1544 751 natu-

134 786 233 821 ram,
260 771 413 810 difficile
437 783 648 823 perpessu,
683 770 796 810 triste
811 801 821 819 ‚
856 769 1010 809 durum.
1054 769 1159 809 Haec
1182 775 1242 808 est
1264 768 1375 822 copia
1397 767 1540 807 verbo-
1556 767 1610 811 13

133 841 218 868 rum
234 857 244 876 ‚
271 827 371 879 quod
394 839 530 866 omnes
553 841 631 866 uno
652 827 774 866 verbo
798 826 941 866 malum
964 826 1226 879 appellamus,
1262 824 1301 864 id
1332 831 1389 863 tot
1420 823 1544 863 modis
1571 831 1613 862 30

135 895 250 936 posse
273 883 426 922 dicere!
468 883 616 923 Definis
641 890 682 923 tu
703 883 818 932 mihi,
852 896 931 922 non
952 882 1057 922 tollis
1080 882 1280 929 dolorem,
1307 894 1425 933 quum
1448 879 1544 919 dicis

134 952 339 992 asperum,
375 945 512 979 contra
544 947 745 988 naturam,
779 939 853 979 vix
875 939 977 992 quod
1008 938 1104 978 ferri
1128 937 1365 989 tolerarique
1397 936 1542 990 possit3

135 1009 207 1035 nec
229 996 430 1045 mentiris3
457 996 523 1035 sed
547 1009 591 1035 re
613 995 866 1035 succumbere
889 1010 968 1035 non
990 994 1195 1049 oportebat
1217 994 1349 1033 verbis
1372 993 1545 1046 glorian-

133 1059 227 1092 tem.
260 1052 367 1092 Nihil
389 1052 549 1101 bonum,
575 1052 651 1092 nisi
672 1053 773 1105 quod
797 1052 1022 1102 honestum3
1046 1051 1142 1091 nihil
1165 1050 1325 1097 malum,
1346 1049 1421 1089 nisi
1444 1048 1544 1102 quod

135 1116 261 1162 turpe.
307 1110 451 1162 Optare
475 1109 548 1148 hoc
571 1108 727 1161 quidem
749 1116 832 1159 est,
858 1123 938 1148 non
960 1109 1116 1148 docere.
1163 1107 1259 1147 Illud
1283 1113 1322 1146 et
1342 1105 1482 1146 melius
1506 1111 1546 1144 et
1580 1128 1596 1147 ,s

134 1166 291 1206 verius:
318 1166 471 1213 omnia„
507 1178 604 1218 quae
627 1173 767 1205 natura
796 1171 1055 1218 aspernetur,
1090 1165 1131 1204 iu
1153 1163 1265 1204 malis
1296 1176 1409 1212 esse3
1445 1175 1544 1214 quae
1580 1169 1583 1173 ’

136 1221 353 1271 adsciscat,
398 1222 437 1261 in
470 1220 599 1262 bonis.
654 1221 736 1261 Hoc
768 1222 895 1274 posito
929 1228 967 1261 et
997 1220 1211 1261 verborum
1247 1216 1545 1259 concertatione

135 1277 307 1327 sublata,
344 1284 495 1318 tantum
518 1284 649 1317 tamen
673 1279 841 1318 excellet
863 1278 980 1327 illud,
1015 1277 1116 1330 quod
1137 1283 1246 1316 recte
1269 1276 1546 1328 amplexantur

138 1334 218 1383 isti,
245 1334 346 1386 quod
369 1334 590 1381 honestum,
626 1335 724 1387 quod
749 1342 916 1383 rectum,
953 1334 1055 1387 quod
1079 1334 1262 1373 decorum
1287 1332 1542 1386 appellamus,

137 1390 240 1443 quod
270 1391 370 1430 idem
402 1391 600 1431 interdum
635 1391 791 1431 virtutis
823 1392 980 1431 nomine
1013 1390 1306 1443 amplectimur,
1343 1395 1386 1428 ut
1415 1387 1545 1427 omnia

183 1546 306 1584 capior·
338 1554 402 1583 „so
436 1544 523 1576 lasse
552 1545 604 1576 ich
638 1545 723 1576 mich
751 1554 807 1575 an—

137 1588 277 1628 locken,
314 1589 345 1619 d.
367 1590 397 1620 h.
435 1591 519 1629 gehe
555 1590 681 1620 darauf
707 1590 804 1621 eiu“.

136 1634 299 1664 Aehnlich
317 1633 357 1665 V.
382 1635 434 1673 10,
457 1634 497 1665 25
513 1645 519 1664 :
540 1634 595 1665 leis
614 1637 809 1676 capiuntur*

138 1681 210 1720 imp
215 1681 307 1709 erili.

185 1726 325 1765 inquit,
347 1723 410 1755 wie
431 1723 456 1754 I.
479 1723 533 1763 39,
554 1723 609 1755 93.

184 1790 288 1811 necne
311 1780 372 1810 mit
395 1780 647 1811 wiederholtem
662 1780 808 1811 Verbum

139 1825 224 1856 auch
243 1829 337 1856 sonst
355 1825 543 1856 bisweilen.

186 1884 238 1912 est
266 1884 382 1912 tamen
411 1881 661 1917 reiiciendeme,
696 1891 741 1912 se.
771 1877 809 1911 τὸ

139 1926 270 1958 dolere.
319 1926 412 1957 Alles
438 1936 558 1958 ausser
585 1926 643 1957 der
668 1925 807 1966 Tugend

137 1971 203 2003 und
231 1971 303 2002 dem
323 1971 444 2002 Laster
469 1977 614 2003 nannten
642 1971 693 2001 die
721 1971 810 2002 stoi-

138 2017 199 2048 ker
213 2012 401 2060 ἀὸιάᾳορα
420 2017 580 2058 (media),
602 2016 811 2048 unterschie-

139 2063 202 2093 den
221 2061 429 2102 dieseDinge
449 2062 529 2093 aber
548 2063 579 2093 in
596 2062 810 2105 προηχιιένα

140 2107 356 2150 (producta,
397 2110 629 2150 praeposita,
672 2109 812 2149 praeci-

133 2154 244 2195 pua),
264 2152 609 2193 wilnschenswerthe‚
636 2163 667 2184 z.
689 2152 725 2183 Β.
748 2151 812 2183 Ge-

139 2197 317 2235 sundheit,
354 2197 573 2238 Reichthum‚
619 2198 684 2228 und
721 2194 813 2228 ἀπο-

140 2243 353 2285 προηγμένα
366 2244 531 2283 (remota,
545 2243 708 2283 reiecta),
721 2243 813 2274 nicht

138 2288 493 2329 wiinschenswerthe,
519 2289 582 2320 wie
609 2287 810 2327 Hrankheit,

141 2333 314 2372 Schmerz,
333 2333 486 2365 Armuth.
508 2333 750 2365 Ausfiihrlich:
773 2334 811 2364 de

141 2378 198 2411 fin.
219 2377 275 2410 IV.
300 2378 336 2409 15
350 2390 419 2421 sqq.

187 2431 250 2469 13.
272 2435 325 2466 30.
350 2437 408 2466 ιη’-ι·
422 2436 511 2466 steht
527 2436 584 2467 des
596 2434 812 2467 Nachdrucks

142 2489 257 2519 wegen
275 2490 336 2510 vor
354 2480 459 2522 quod.
499 2480 540 2512 So
560 2481 671 2521 h'aufig
686 2481 737 2512 bei
758 2480 813 2511 Ci-

145 2534 220 2555 cero
240 2527 300 2556 via:
317 2529 356 2556 ηε
377 2525 431 2556 fiir
448 2530 491 2557 ut
509 2529 580 2557 viat.

193 2579 290 2612 Nihil
304 2582 427 2613 bonum
447 2597 484 2604 —-
503 2586 619 2625 turpe.
644 2581 725 2614 Dies
741 2582 814 2614 sind

878 1544 1043 1575 natiirlich
1061 1543 1112 1574 die
1123 1542 1255 1582 warte,
1277 1544 1403 1583 quibus
1422 1539 1549 1582 (Zeno)

875 1590 1071 1630 gloriatur.
1092 1588 1205 1619 Davor
1222 1589 1311 1619 steht
1326 1588 1358 1618 in
1374 1588 1434 1617 den
1446 1585 1546 1617 Mser.

878 1634 960 1665 noch
981 1633 1033 1664 die
1054 1633 1277 1674 Conjunction
1298 1633 1393 1672 dum,
1418 1642 1453 1662 so
1473 1631 1549 1662 dass

879 1679 931 1709 die
947 1679 1110 1717 Herausg.
1128 1679 1190 1709 den
1202 1678 1282 1709 Satz
1300 1678 1387 1709 daun
1402 1677 1462 1708 mit
1475 1676 1548 1707 dem

877 1723 1183 1764 Vorhergehenden
1223 1734 1324 1763 enger
1356 1722 1548 1754 verbanden

877 1769 942 1800 und
957 1769 1045 1800 diets
1057 1769 1133 1809 (aus
1145 1779 1252 1811 quum
1265 1769 1353 1800 dicis
1366 1765 1549 1809 asperum)

879 1814 1127 1855 hinzugedacht
1150 1814 1271 1845 wissen
1298 1814 1449 1844 wollteu.
1500 1811 1550 1842 Da

881 1860 961 1891 aber
997 1860 1157 1890 letzteres
1192 1859 1286 1890 nieht
1320 1858 1470 1897 zul‘assig
1498 1866 1551 1887 er-

880 1905 1021 1944 scheint⁷
1042 1904 1125 1935 auch
1146 1904 1198 1935 die
1211 1904 1429 1943 Darstellung
1447 1901 1548 1932 durch

880 1960 983 1981 unser
1007 1948 1197 1981 Verfahren
1229 1959 1270 1981 an
1298 1947 1552 1987 Lebhal'tigkeit

880 1995 1046 2036 gewinnt,
1082 2005 1118 2025 so
1146 1995 1253 2026 haben
1283 1995 1345 2025 wir
1371 1994 1441 2025 dies
1468 1992 1549 2023 dum

882 2051 943 2071 aus
962 2041 1035 2072 dem
1056 2039 1163 2071 Texte
1183 2039 1344 2071 entfernt.

928 2086 1257 2127 Optare—dooere,
1275 2082 1553 2125 „frommeWiin-

880 2131 957 2162 sche
977 2131 1296 2171 hegen—Beweise
1317 2129 1480 2161 fiihren“.
1508 2127 1550 2159 So

881 2176 921 2207 de
938 2176 1006 2207 fato
1025 2176 1132 2214 2⁴)‚47
1147 2189 1152 2207 :
1177 2176 1310 2217 Optare
1328 2176 1394 2206 hoc
1411 2173 1551 2216 quidem

884 2225 947 2261 est,
979 2232 1045 2252 non
1067 2221 1276 2263 dz'spzltare;
1302 2220 1410 2251 Acad.
1432 2219 1472 2250 ΙΙ.
1492 2218 1548 2255 38,

884 2267 943 2297 121
961 2278 968 2297 ε
999 2267 1144 2297 Somnia
1163 2267 1248 2298 leaeo
1266 2276 1338 2297 esse
1355 2265 1554 2297 Democrsli

881 2322 949 2343 71071
967 2311 1138 2352 docentis,
1159 2312 1222 2343 sed
1238 2313 1410 2352 optantis.

928 2357 1001 2388 Hoc.
1017 2359 1136 2398 posz'so
1156 2361 1219 2388 etc.
1256 2356 1355 2387 Sinn:
1377 2355 1469 2386 Auch
1490 2353 1553 2385 Ge-

883 2402 1061 2442 suudheit‚
1088 2402 1287 2433 Reichthum
1306 2407 1371 2433 ete.
1393 2400 1467 2431 sind
1487 2398 1553 2430 Gii-

884 2452 955 2487 ter,
991 2447 1073 2478 aber
1098 2447 1331 2478 unbedeutend
1365 2455 1468 2485 gegen
1494 2444 1553 2475 (las

885 2492 1011 2524 sittlich
1037 2491 1144 2532 Gute3
1174 2493 1255 2523 auch
1283 2492 1460 2529 Schmerz,
1488 2489 1553 2520 Ar-

858 2554 865 2557 -
884 2538 975 2569 mutb
991 2542 1055 2569 etc.
1072 2538 1144 2568 sind
1158 2536 1272 2572 Uebel,
1293 2537 1373 2567 aber
1387 2534 1554 2566 unbedeu-

885 2583 962 2614 tend
982 2593 1086 2624 gegen
1108 2584 1166 2613 das
1186 2582 1311 2613 sittlich
1332 2580 1522 2612 Schlechte.
