1684 2819
123 282 163 313 37

201 172 280 211 126
772 168 828 200 DE
855 168 1036 201 orriciis

194 271 351 318 dustria,
371 270 473 309 nulla
495 280 586 308 cura
607 275 675 308 est.
717 269 982 309 Admiratione
1003 274 1132 308 autem
1152 270 1370 310 afficiuntur
1392 269 1430 316 ii,
1454 269 1519 320 qui
1536 280 1586 308 an

193 328 286 366 teire
314 327 449 365 ceteris
478 325 616 365 virtute
643 330 828 375 putantur
853 332 890 364 et
918 338 1005 364 cum
1035 326 1142 364 omni
1169 338 1296 365 carere
1317 326 1504 365 dedecore
1524 330 1607 364 tum

192 396 283 423 vero
311 383 357 422 iis
385 382 502 429 vitiis,
532 381 672 432 quibus
700 381 760 420 alii
788 393 868 421 non
890 382 996 421 facile
1018 387 1186 432 possunt
1207 382 1407 421 obsistere.
1449 381 1548 420 Nam
1569 386 1608 420 et

193 440 421 490 voluptates,
442 438 714 477 blandissimae
731 438 923 486 dominae,
944 438 1103 477 maioris
1119 438 1241 489 partis
1259 438 1411 477 animos
1433 451 1454 476 a
1470 438 1607 476 virtute

194 496 428 546 detorquent
448 500 501 540 et,
529 494 709 532 dolorum
732 507 820 534 cum
841 495 1096 534 admoventur
1118 495 1238 541 saceS,
1268 500 1420 545 praeter
1445 494 1607 533 modum

192 552 367 603 plerique
388 555 646 589 exterrentur:
676 550 750 590 vita
771 563 899 597 mors,
921 551 1071 590 divitiae
1091 556 1296 602 paupertas
1318 561 1456 589 omnes
1477 550 1607 588 homi-

192 620 263 647 nes
291 606 629 646 vehementissime
655 613 895 657 permovent.
938 608 1045 655 Quae
1074 607 1137 658 qui
1166 607 1206 645 in
1235 612 1438 657 utramque
1459 611 1607 657 partem

193 665 343 703 excelso
371 664 501 703 animo
529 674 749 714 magnoque
777 663 1012 715 despiciunt,
1049 676 1214 715 cumque
1240 663 1364 714 aliqua
1400 663 1445 701 iis
1481 661 1609 712 ampla

193 726 230 759 et
255 721 419 759 honesta
445 732 506 758 res
535 719 682 757 obiecta
708 726 814 759 totos
844 720 890 759 ad
918 733 959 758 se
987 719 1176 759 convertit
1202 725 1238 758 et
1264 719 1380 770 rapit:
1410 725 1493 758 tum
1522 717 1608 769 quis

117 781 167 819 11
194 788 275 815 non
302 776 512 815 admiretur
539 774 788 826 splendorem
817 776 1195 827 pulcritudinemque
1216 774 1400 814 virtutis?
1447 775 1550 824 Ergo
1573 778 1610 812 et

121 842 164 874 38

122 1459 164 1491 39

193 835 288 873 haee
308 833 426 872 animi
448 831 696 883 despicientia
717 832 1051 872 admirabilitatem
1075 845 1254 884 magnam
1277 832 1365 871 facit
1385 836 1422 870 et
1441 830 1610 870 maxime

192 889 346 936 iustitia,
367 901 411 927 ex
434 901 508 939 qua
529 899 605 928 una
622 888 758 927 virtute
776 889 843 927 viri
859 889 952 928 boni
968 889 1223 940 appellantur,
1244 888 1404 927 mirifica
1422 886 1609 938 quaedam

192 945 427 985 multitudini
454 945 615 987 videtur,
648 956 720 983 nec
747 946 898 983 iniuria.
940 946 1064 984 Nemo
1086 946 1189 984 enim
1210 945 1336 983 iustus
1358 956 1443 983 esse
1463 949 1608 994 potest,

193 1002 258 1053 qui
279 1007 464 1047 mortem,
494 1000 559 1051 qui
582 1000 776 1046 dolorem,
807 1002 872 1051 qui
895 1001 1068 1042 exilium.
1099 1001 1164 1052 qui
1184 1006 1394 1051 egestatem
1415 1000 1525 1038 timet
1545 1003 1610 1038 aut

193 1058 259 1110 qui
279 1070 339 1105 ea,
368 1069 465 1108 quae
487 1062 579 1095 sunt
598 1056 660 1095 his
683 1057 892 1104 contraria,
916 1058 1096 1109 aequitati
1118 1057 1332 1109 anteponit.
1371 1055 1611 1105 Maximeque

192 1114 434 1154 admirantur
460 1125 568 1159 eum,
604 1113 668 1163 qui
696 1114 859 1164 pecunia
885 1125 968 1153 non
994 1119 1183 1160 movetur,
1222 1113 1327 1164 quod
1355 1113 1395 1151 in
1422 1124 1499 1163 quo
1528 1111 1609 1150 viro

191 1175 440 1222 perspectum
463 1169 522 1215 sit,
544 1170 648 1207 hunc
669 1169 749 1220 igni
771 1176 986 1220 spectatum
1007 1170 1254 1209 arbitrantur.
1297 1170 1428 1220 Itaque
1450 1168 1510 1207 illa
1527 1167 1609 1213 tria,

193 1239 290 1278 quae
311 1225 514 1278 proposita
537 1232 628 1264 sunt
648 1226 695 1264 ad
717 1226 896 1276 gloriam,
927 1226 1057 1265 omnia
1078 1226 1224 1266 iustitia
1247 1225 1413 1272 conficit,
1434 1230 1471 1264 et
1490 1223 1608 1263 bene—

191 1283 417 1328 volentiam,
448 1282 553 1333 quod
580 1282 768 1333 prodesse
793 1283 873 1321 vult
899 1283 1096 1334 plurimis,
1125 1289 1161 1321 et
1183 1282 1232 1321 oh
1254 1282 1429 1320 eamdem
1452 1292 1607 1320 causam

192 1340 320 1386 fidem,
341 1344 378 1377 et
397 1338 706 1383 admirationem,
727 1339 832 1389 quod
854 1352 918 1378 eas
939 1351 1002 1377 res
1026 1339 1175 1390 spernit
1195 1344 1230 1378 et
1251 1338 1426 1388 neglegit.
1447 1337 1494 1376 ad
1513 1349 1607 1387 quas

193 1395 365 1446 plerique
385 1395 610 1433 inflammati
632 1394 808 1433 aviditate
827 1396 1045 1446 rapiuntur.

306 1453 359 1490 Ac
386 1463 471 1489 mea
499 1450 655 1501 quidem
684 1451 872 1490 sententia
896 1451 1024 1490 omnis
1046 1451 1144 1490 ratio
1167 1457 1280 1501 atque
1301 1450 1491 1489 institutio
1512 1448 1610 1488 vitae

192 1508 412 1547 adiumenta
440 1507 645 1546 hominum
675 1507 883 1554 desiderat,
914 1508 950 1546 in
980 1507 1206 1559 primisque,
1227 1513 1269 1546 ut
1289 1506 1425 1546 habeat
1447 1505 1610 1557 quibus—

939 1642 1050 1674 weckt
1066 1643 1118 1674 die
1135 1642 1404 1682 Bewunderung,
1427 1641 1491 1672 wie
1509 1645 1609 1672 unten

938 1689 1072 1720 institia
1089 1688 1223 1730 conficit
1237 1705 1283 1710 —
1298 1687 1568 1719 admirationem.

985 1744 1031 1765 ρετ
1047 1744 1113 1775 qua
1130 1744 1214 1765 una:
1238 1732 1261 1774 Ι,
1282 1733 1311 1773 7,
1331 1732 1384 1763 20.

192 1654 291 1686 quem
317 1643 362 1675 ad
380 1641 517 1675 modum
536 1643 666 1682 scribis,
688 1652 748 1674 nec
765 1645 868 1686 caput

191 1700 251 1721 uec
265 1687 380 1732 pedes,
399 1699 430 1719 u.
450 1687 555 1727 dergl.
574 1687 675 1718 mehr.

238 1733 291 1765 37.
324 1734 469 1765 maioris
496 1734 625 1775 partis:
662 1731 691 1771 l,
710 1732 769 1773 41,
792 1732 864 1764 147.

192 1779 323 1810 Ebc-nso
341 1778 384 1819 11,
404 1778 463 1817 20,
484 1777 521 1808 71
550 1778 642 1808 mmei
660 1779 784 1819 generi
806 1788 864 1809 sa-

193 1825 371 1865 tisfacere,
406 1822 532 1854 Leuten
553 1822 651 1863 jeder
674 1822 738 1854 Art
760 1823 864 1863 genii-

191 1879 266 1910 gcn.
300 1869 343 1900 So
363 1868 520 1899 bedentet
537 1868 618 1898 auch
639 1867 670 1908 ᾗ.
692 1867 732 1897 -15
753 1870 862 1900 oratio

191 1916 350 1957 suscepta
362 1924 426 1944 ιιοη
443 1912 482 1943 dc
497 1914 528 1943 [e
542 1912 603 1943 secl
618 1912 658 1943 (le
668 1923 795 1953 genere
813 1916 863 1943 to-

193 1962 225 1990 lo
245 1959 334 1990 nieht
355 1958 448 1996 ‚iiber
466 1957 516 1987 dic
535 1957 639 1987 Saclie
659 1957 861 1998 iiberhaupt‘,

192 2004 335 2035 soudern
351 2003 431 2034 iiber
446 2002 497 2032 die
514 2012 618 2041 ganzo
633 2002 748 2033 Classe
763 2003 860 2034 niiml.

191 2060 254 2080 von
272 2048 482 2088 Jiinglingen.

238 2104 322 2136 quae
346 2094 404 2135 qni
427 2091 623 2135 despiciunt,
643 2102 782 2134 (utruque
799 2093 860 2124 ali-

193 2150 257 2181 qua
269 2157 314 2161 ——
328 2139 455 2170 obiecta
468 2155 507 2159 —-
524 2139 695 2178 convertil,
715 2140 796 2168 tum.
816 2138 860 2169 Es

194 2185 294 2215 findet
307 2184 357 2215 cin
374 2182 571 2222 Ucbergang
583 2193 642 2214 aus
657 2183 730 2214 dem
745 2183 861 2214 relati-

192 2240 254 2260 wn
281 2229 310 2260 in
337 2230 398 2260 den
426 2228 627 2269 teiiiporalen
655 2228 733 2259 Satz
765 2232 859 2267 statt,

193 2275 254 2305 wie
270 2274 291 2313 I,
304 2274 332 2312 5,
350 2274 388 2304 1ss
402 2274 465 2305 und
482 2272 556 2314 11,t··,
568 2272 605 2303 21
623 2273 674 2303 ein
690 2273 860 2304 Conditio-

193 2320 320 2351 „alsatz
339 2320 402 2350 und
412 2318 463 2350 ein
474 2317 659 2349 Relativum
670 2318 860 2353 verbunden

192 2365 275 2396 sind.
309 2364 340 2395 ln
359 2365 420 2395 den
440 2363 535 2394 Hdss.
565 2363 608 2394 ist
633 2364 711 2394 narii
737 2365 862 2395 obiectu

192 2410 287 2451 ,esl‘
310 2408 563 2449 eingescliobcn,
582 2419 650 2439 uas
671 2409 859 2447 gesti-ichen

191 2455 325 2486 werden
349 2465 455 2489 muss,
481 2453 520 2484 da
545 2454 604 2484 der
629 2453 794 2485 Naclisatz
821 2465 860 2485 zu

192 2511 267 2532 cum
286 2499 342 2531 mit
362 2503 430 2532 tum
452 2498 597 2537 beginnt.

237 2548 268 2577 iu
289 2548 468 2588 ulratnqm’
484 2547 613 2587 partem
625 2557 634 2574 .·
652 2544 717 2583 vgl.
738 2544 768 2585 ξ.
786 2544 839 2576 20.

241 2585 306 2623 ll.
340 2592 392 2622 ζμ.
438 2588 732 2622 αώηιἸἿιὺιἸίΙαΙρηι
755 2591 863 2632 savit,

982 1779 1058 1820 ‘igne'
1073 1781 1274 1821 spectatum,
1293 1777 1366 1808 eine
1384 1777 1466 1808 auch
1484 1776 1610 1807 beiden

939 1822 1103 1855 Grieclien
1113 1822 1404 1865 spriichwiirtliche
1413 1820 1457 1853 Re
1463 1821 1609 1853 densart.

937 1867 1155 1910 Plat.1·cp.w
1170 1879 1199 1910 p.
1211 1867 1313 1899 503A
1329 1863 1455 1910 ὥσπερ
1464 1862 1610 1910 χρυσὸν

936 1911 975 1945 ἐπ’
994 1914 1080 1955 πυρὶ
1100 1910 1403 1956 βιισιιιίζόμειόν.

981 1957 1026 1989 acl
1049 1958 1213 1999 gloriam,
1255 1958 1286 1988 in
1315 1957 1428 1996 Bezug
1459 1956 1518 1987 auf
1546 1955 1607 1987 deu

936 2001 1057 2042 Ruina,
1091 2003 1130 2033 de
1154 2003 1220 2033 div.
1239 2001 1268 2041 I,
1295 2002 1328 2041 7,
1355 2002 1393 2032 13
1428 2011 1513 2043 quae
1542 2003 1610 2032 siut

935 2047 1170 2079 animadversa
1202 2058 1223 2079 ιι
1254 2046 1390 2078 medicis
1425 2046 1609 2078 herbarum

932 2103 1077 2134 genera,
1112 2103 1196 2134 qnae
1221 2092 1374 2124 radicum
1402 2091 1448 2123 ad
1469 2101 1607 2123 morsus

937 2139 1132 2169 bestiarum.

982 2182 1035 2214 39.
1061 2183 1234 2215 desiderat
1249 2201 1292 2204 —
1309 2182 1431 2214 habeat
1444 2181 1608 2222 ——se1·as.

935 2227 1007 2259 Yon
1024 2229 1096 2259 dein
1111 2228 1322 2260 Abstrartuin
1341 2229 1431 2259 ratio
1449 2230 1548 2269 atque
1559 2228 1609 2257 in-

935 2275 1069 2305 stitutio
1088 2275 1174 2305 ritae
1191 2273 1272 2304 wird
1292 2283 1332 2303 zu
1351 2273 1422 2303 dem
1440 2270 1606 2314 persiinli—

935 2319 1015 2349 chen
1031 2318 1188 2359 Siibjectc
1207 2319 1243 2359 is,
1263 2318 1315 2359 qui
1335 2317 1488 2355 instituit,
1508 2315 1606 2347 iiber—

935 2374 1103 2403 gegangen
1125 2365 1177 2403 (zu
1201 2362 1224 2393 l.
1245 2363 1300 2403 29,
1324 2362 1417 2401 101),
1438 2361 1501 2392 und
1520 2361 1604 2392 daun

935 2409 1088 2440 dasselbc
1117 2407 1314 2448 allgeineine
1340 2406 1477 2447 Subject
1506 2405 1606 2437 durch

935 2454 987 2485 die
1013 2454 1132 2485 zweite
1150 2453 1275 2485 Person
1300 2451 1542 2491 ausgedriiekt3
1576 2450 1606 2491 ξ.

937 2499 978 2529 50
993 2498 1220 2542 periculo-reme
1239 2499 1309 2541 ipsi
1325 2500 1385 2538 est,
1409 2500 1480 2529 lum
1496 2495 1606 2528 sordi-

936 2544 1015 2576 dum
1034 2563 1076 2567 —
1101 2545 1327 2577 conmze‘tlei·e‚
1363 2546 1399 2574 ut
1427 2543 1606 2574 accusator

936 2592 1117 2622 nomem-re.
1153 2588 1227 2629 x'gl.
1247 2590 1276 2629 ξ.
1297 2587 1348 2618 56.
