1684 2819
65 287 120 325 26

145 187 198 224 '70
721 182 777 213 DE
804 182 986 216 OFFlCllS

257 285 381 336 Atque
403 284 515 323 etiam
539 283 578 321 in
605 283 723 323 rebus
745 285 946 335 prosperis
976 291 1013 323 et
1041 285 1088 324 ad
1119 285 1351 325 voluntatem
1382 290 1556 325 nostram

74 349 116 381 90
146 342 353 382 fluentibus
383 339 604 391 superbiam
638 351 780 391 magno
818 353 954 391 opere,
991 340 1186 380 fastidium
1220 341 1557 394 arrogantiamque

71 1197 109 1228 ol

73 1591 114 1623 92

144 399 348 450 fugiamus.
391 396 489 435 Nam
511 401 552 435 ut
574 397 754 435 adversas
777 409 856 444 res,
886 397 942 436 sic
963 397 1153 436 secundas
1181 397 1434 438 immoderate
1456 400 1556 438 ferre

143 454 305 493 levitatis
334 458 391 492 est
417 453 690 505 praeclaraque
718 458 776 492 est
803 454 1048 505 aequabilitas
1082 454 1120 493 in
1149 454 1254 493 omni
1286 455 1360 494 vita
1387 461 1424 494 et
1451 455 1554 494 idem

145 522 300 562 semper
319 510 447 548 vultus
471 509 681 561 eademque
703 511 824 557 frons,
846 515 887 549 ut
906 511 952 549 de
970 511 1131 550 Socrate
1152 511 1318 562 itemque
1340 511 1386 549 (le
1402 510 1441 549 C.
1459 511 1555 551 Lae-

142 567 193 606 lio
216 566 446 617 accepimus.
468 566 714 618 ‘Philippum
745 567 898 618 quidem
921 567 1176 607 Macedonum
1199 580 1331 617 regem
1351 567 1467 616 rebus
1489 579 1555 618 ge—

144 624 213 663 stis
235 628 271 662 et
292 623 410 674 gloria
433 628 657 674 superatum
680 636 699 662 a
722 623 818 670 filio,
842 624 1019 663 facilitate
1041 630 1078 663 et
1098 623 1335 663 humanitate
1355 624 1466 663 video
1488 636 1556 663 su-

141 680 337 731 periorem
358 679 491 719 fuisse.
534 680 664 731 Itaque
687 680 780 719 alter
797 693 952 731 semper
968 693 1145 731 magnus,
1167 681 1261 720 alter
1279 693 1391 732 saepe
1407 680 1556 732 turpis-

142 736 282 784 simus,
318 742 359 775 ut
394 741 495 775 recte
521 736 741 787 praecipere
778 737 979 776 videantur
1006 738 1069 788 qui
1099 745 1279 783 monent,
1316 744 1374 783 ut,
1411 743 1555 788 quanto

141 794 364 845 superiores
394 805 550 840 sumus,
586 799 692 832 tanto
723 806 796 832 nos
832 807 1013 845 geramus
1049 794 1296 834 submissius.
1351 793 1556 833 Panaetius

142 850 296 901 quidem
326 849 564 896 ,Africanum
596 850 812 889 auditorem
840 857 876 889 et
905 851 1126 890 familiarem
1158 858 1272 890 suum
1301 850 1477 889 solitum‘
1506 850 1558 888 ait

141 906 289 953 ,‹licere,
310 911 351 945 ut
367 919 489 957 equos
507 912 669 958 propter
687 907 840 946 crebras
861 908 1131 946 contentiones
1154 907 1391 959 proeliorum
1416 906 1556 945 feroci-

141 968 218 1002 tate
244 963 478 1001 exsultantes
510 963 770 1002 domitoribus
803 964 951 1002 tradere
979 965 1145 1009 soleant,
1175 969 1217 1003 ut
1245 963 1290 1002 iis
1321 963 1554 1001 facilioribus

142 1019 298 1070 possint
318 1019 392 1065 uti,
416 1019 472 1057 sic
492 1019 672 1057 homines
698 1020 878 1058 secundis
901 1021 1017 1058 rebus
1041 1021 1246 1058 effrenatos
1270 1019 1419 1070 sibique
1440 1031 1554 1069 prae-

142 1076 306 1114 fidentes
328 1080 524 1127 tamquam
553 1075 592 1113 in
621 1088 757 1127 gyrum
780 1076 944 1114 rationis
974 1081 1006 1114 et
1038 1076 1234 1114 doctrinae
1256 1075 1343 1114 duci
1365 1080 1557 1126 oportere,

141 1138 183 1171 ut
204 1132 469 1183 perspicerent
497 1144 629 1170 rerum
652 1133 909 1171 humanarum
938 1132 1235 1172 imbecillitatem
1258 1132 1557 1182 varietatemque

143 1190 350 1227 f01·tunae.‘
391 1190 514 1239 Atque
537 1189 652 1227 etiam
676 1190 714 1227 in
732 1188 1028 1228 secundissimis
1051 1189 1165 1228 rebus
1183 1188 1350 1227 maxime
1366 1194 1424 1227 est
1444 1192 1555 1227 uten—

141 1245 233 1283 dum
258 1244 423 1283 consilio
447 1244 662 1284 amicorum
687 1246 808 1297 iisque.
831 1246 955 1284 maior
972 1245 1085 1284 etiam
1108 1258 1222 1296 quam
1245 1251 1331 1284 ante
1354 1244 1556 1283 tribuenda

141 1301 361 1340 auctoritas.
404 1301 624 1352 Iisdemque
646 1302 888 1353 temporibus
912 1303 1121 1341 cavendum
1145 1307 1203 1340 est
1223 1313 1271 1340 ne
1300 1301 1556 1340 assentatori-

139 1357 212 1396 bus
241 1358 516 1409 patefaciamus
547 1371 660 1397 aures
690 1371 761 1397 nec
795 1359 938 1397 adulari
968 1371 1042 1397 nos
1078 1359 1269 1404 sinamus,
1304 1358 1341 1396 in
1370 1370 1446 1408 quo
1482 1357 1555 1395 falli

141 1414 246 1453 facile
269 1420 338 1452 est.
382 1414 491 1452 Tales
515 1414 618 1452 enim
648 1426 720 1453 nos
750 1428 834 1453 esse
856 1421 1057 1466 putamus,
1089 1422 1129 1453 ut
1158 1415 1238 1452 inre
1265 1414 1481 1453 laudemur:
1511 1426 1554 1451 ex

143 1483 218 1521 quo
241 1476 455 1509 nascuntur
477 1470 770 1509 innumerabilia
794 1476 948 1522 peccata
998 1484 1084 1509 cum
1113 1470 1292 1508 homines
1321 1469 1439 1508 inflati
1469 1469 1554 1520 opi-

143 1527 326 1565 nionibus
350 1526 514 1577 turpiter
535 1526 745 1566 irrIdentur
767 1533 801 1566 et
825 1527 862 1565 in
887 1527 1063 1566 maximis
1086 1533 1287 1565 versantur
1309 1525 1519 1564 erroribus.

258 1583 331 1622 Sed
353 1583 450 1631 haec¹
468 1583 625 1634 quidem
648 1584 847 1623 hactenus.
884 1584 977 1623 Illud
1000 1589 1128 1623 autem
1147 1583 1202 1622 sic
1217 1588 1275 1621 est
1295 1582 1555 1628 iudicandum,

141 1707 187 1738 les
205 1718 278 1738 esse
295 1706 424 1748 dicunt,
447 1706 508 1739 sed
524 1710 624 1739 eciam
644 1708 771 1740 utt'lc‘ter
789 1718 809 1738 a
931 1707 984 1738 91.
1017 1707 1302 1739 assentatoribus.
1355 1706 1419 1737 Das
1453 1704 1555 1737 wort

140 1754 264 1784 ruitura
280 1751 389 1784 (latas.

185 1791 255 1828 26.
281 1798 334 1828 90.
360 1796 570 1829 desperate:
585 1797 684 1829 Tuse.
698 1797 746 1836 111,
759 1797 808 1838 15,

142 1841 180 1872 31
206 1842 262 1873 llic
282 1845 333 1873 est
351 1845 415 1873 isle
434 1842 545 1873 vallus
563 1854 695 1886 semper
713 1843 810 1883 idem,

142 1897 236 1928 quent
255 1887 382 1919 divitan-
400 1886 591 1931 Xanthippe
613 1888 812 1931 prmaede‘care

141 1932 243 1963 solita
266 1933 299 1963 in
331 1934 400 1963 vil-o
431 1943 492 1963 suo
511 1933 636 1973 ,sitisse
658 1931 810 1969 Socrate,

143 1977 257 2009 eodem
283 1977 374 2008 ralla
399 1987 533 2020 semper·
557 1990 593 2009 se
611 1977 731 2009 vidisse
750 1989 810 2009 (1.1·-

141 2025 275 2054 euntem
293 2022 386 2054 illum
406 2022 504 2053 domo
524 2025 557 2054 et
575 2025 810 2054 revertentem.

189 2066 222 2099 C.
248 2067 381 2099 Laelius
406 2066 569 2110 Sapiens,
594 2068 653 2099 der
678 2067 813 2098 Freund

141 2113 199 2144 des
225 2112 369 2153 jiingern
395 2112 590 2152 Africanus,
621 2113 705 2143 1111·11
730 2113 811 2143 auch

142 2159 181 2189 de
199 2157 291 2189 amir.
313 2157 349 2197 2,
369 2157 388 2187 (5
413 2157 471 2188 mit
495 2157 657 2189 Sokrates
688 2158 812 2197 vau-gli-

140 2204 232 2234 elien.
253 2202 362 2235 Ucber
375 2203 467 2234 scine
482 2202 670 2235 Heitcrkeit
688 2202 718 2244 ἓ.
732 2202 812 2241 1118ς

141 2248 206 2287 xgl.
224 2259 253 2278 z.
272 2247 320 2289 111,
341 2248 370 2288 Δ1,
394 2247 443 2278 17.

189 2293 291 2334 video,
311 2293 340 2324 d.
360 2293 379 2323 i.
400 2297 542 2333 constat,
564 2293 592 2335 ξ.
612 2294 630 2323 3
650 2293 739 2336 quod
754 2305 811 2325 na-

141 2339 227 2369 mt'ne'
256 2337 458 2370 Graecorum
490 2338 585 2370 video
614 2340 812 2381 conligis-se.

143 2382 243 2414 Tusc.
262 2382 316 2420 lv,
337 2382 388 2423 22,
409 2383 450 2413 50
469 2384 510 2415 de
530 2383 567 2415 L.
600 2383 708 2415 Bruto
728 2386 812 2425 sor-

144 2431 236 2459 tasse
253 2427 447 2470 (luln'larim,
468 2429 562 2461 rideo
576 2431 661 2460 enim
681 2432 813 2461 ulrum-

143 2484 204 2515 qne
244 2474 395 2505 corninus
436 2476 504 2506 [οἴη
545 2474 703 2506 cecidisse
735 2486 813 2507 con-

144 2519 262 2550 trart'o.

186 2566 427 2607 perspicerent.
470 2564 542 2596 Man
578 2564 715 2597 beat-lite
750 2566 811 2596 den

145 2607 302 2640 Weelisel
321 2610 380 2640 der
398 2608 497 2641 Modi.

886 1754 940 1784 bat
967 1753 1080 1783 immer
1103 1753 1165 1783 wie
1187 1751 1434 1794 ‚Srhmeirhler‘
1459 1751 1553 1782 einen

886 1798 1061 1829 tadeludeu
1082 1797 1172 1837 Sinn,
1192 1808 1220 1827 z.
1242 1796 1267 1827 11
1285 1795 1315 1838 ξ.
1336 1796 1388 1828 63.

931 1842 1068 1874 adulat-1·
1089 1843 1178 1873 stelit
1202 1842 1252 1873 bei
1278 1842 1345 1873 Cic.
1373 1841 1423 1872 nie
1448 1841 1554 1883 passi-

887 1888 997 1924 visrlu
1019 1898 1089 1918 man
1109 1889 1165 1918 hat
1182 1888 1295 1918 darum
1313 1887 1394 1917 auch
1410 1886 1480 1918 hier
1496 1896 1554 1917 aus

887 1934 958 1963 dem
992 1932 1087 1963 nativ
1107 1933 1378 1964 assentatoribus
1413 1941 1470 1962 eos
1504 1931 1554 1962 als

887 1978 1024 2017 Subject
1042 1988 1081 2008 zu
1106 1977 1283 2017 ergiinzen,
1304 1987 1329 2007 s.
1350 1987 1378 2007 z.
1398 1976 1433 2014 11,
1453 1976 1481 2016 4,
1505 1975 1554 2006 1-1.

888 2024 918 2060 ti,
938 2022 991 2053 21.
1010 2023 1048 2053 ad
1070 2022 1142 2053 fam.
1164 2021 1184 2058 l,
1205 2022 1234 2061 Τ,
1255 2022 1273 2052 S
1292 2021 1381 2063 qnod
1396 2032 1434 2053 eo
1452 2020 1554 2052 Ie'ben-

889 2070 955 2100 tius
969 2067 1013 2099 (ΠΙ
1026 2070 1057 2098 le
1073 2068 1194 2108 scribo,
1214 2069 1291 2109 quia
1306 2069 1460 2098 nascenti
1472 2077 1554 2109 pro-

886 2125 927 2157 pe
950 2115 1088 2144 nostrae
1111 2112 1205 2144 laudi
1220 2113 1364 2153 favisti,
1392 2112 1556 2154 simidqne

889 2158 977 2200 qnod
985 2158 1076 2190 video
1090 2168 1154 2189 non
1169 2159 1389 2189 nin-‘'tan'esse
1400 2159 1555 2189 invisum.

888 2204 927 2235 de
946 2203 1011 2234 div.
1032 2203 1050 2244 1,
1073 2202 1122 2243 13,
1142 2203 1182 2233 -12
1207 2213 1317 2235 nonno
1337 2204 1554 2246 perspicuum

889 2251 939 2280 esi
953 2260 998 2280 em
1010 2250 1124 2292 prima
1136 2248 1361 2280 admiratione
1373 2249 1485 2279 homin
1491 2258 1556 2288 mn,

888 2293 979 2336 quod
1000 2296 1151 2326 tonitrua
1174 2295 1349 2336 laetusque
1361 2293 1555 2334 stdmz‘nmn

890 2341 1066 2371 timuissem
1073 2342 1094 2377 ί,
1113 2339 1276 2371 creclidt'ss
1281 2350 1307 2371 e.

933 2384 986 2416 92.
1014 2384 1100 2416 Illud
1115 2387 1246 2416 antem:
1265 2394 1290 2415 s.
1307 2395 1333 2415 z.
1353 2382 1385 2424 ξ.
1399 2383 1450 2414 ΤΟ.
1476 2382 1507 2414 111
1523 2382 1554 2425 ξ.

890 2430 927 2461 71
951 2430 993 2461 ist
1011 2430 1063 2460 dic
1083 2429 1311 2469 Betheiligung
1326 2438 1376 2460 am
1391 2428 1555 2459 Staatsle-

888 2475 959 2516 ben,
979 2485 1072 2505 wem}
1092 2475 1143 2506 die
1159 2474 1362 2514 Beliihigung
1375 2474 1457 2505 dazu
1478 2483 1555 2504 vor-

888 2521 1014 2551 handen
1040 2520 1098 2557 ist,
1127 2520 1177 2550 als
1204 2519 1317 2550 Pllicbt
1342 2519 1552 2559 hingestellt:

888 2565 962 2596 hier
980 2565 1042 2596 soll
1069 2565 1199 2605 gezeigt
1218 2565 1367 2603 werden,
1395 2564 1454 2595 wie
1471 2564 1553 2595 auch

888 2610 942 2642 Γ111·
960 2610 1029 2651 die,
1055 2610 1201 2641 welchen
1221 2610 1271 2641 die
1288 2609 1484 2642 adiumenta
1501 2620 1555 2642 re-
