1684 2819
547 154 707 186 LIBER
729 154 768 187 v.
801 155 852 196 15,
874 155 929 187 43.
950 157 1004 187 44.
1026 157 1081 190 45.

1437 158 1509 196 231

115 284 227 323 quem
251 269 490 323 quaerimuS,
516 283 595 308 non
617 270 738 309 multo
763 270 911 311 facilius
934 270 1002 310 tali
1019 271 1146 311 animo
1162 271 1385 325 reperietur
1402 285 1515 324 quam

116 326 257 367 civitas
275 325 369 366 univ
372 326 493 366 ersa?
513 324 636 375 Quid?
660 327 707 365 ad
724 325 822 366 hanc
839 327 1121 376 fortitudinem,
1141 328 1187 367 de
1207 342 1280 380 qua
1302 326 1513 391 loquimur,

117 383 373 436 temperantia
395 382 600 431 adiuncta,
634 396 733 434 quae
755 383 807 423 sit
827 383 1071 423 moderatrix
1093 384 1264 424 omnium
1288 384 1516 424 commotio-

117 454 223 488 num,
251 439 339 491 quid
362 446 488 492 potest
509 439 556 478 ad
578 438 691 480 110310
713 439 923 480 vivendum
948 440 1085 479 deesse
1109 440 1169 489 ei,
1195 454 1306 493 quem
1329 440 1514 480 fortitudo

115 495 162 535 ab
185 495 430 548 aegritudine
453 502 492 534 et
512 509 534 534 a
556 502 661 535 metu
684 496 867 545 vindicet,
893 497 1153 549 temperantia
1175 510 1289 549 quum
1313 510 1333 536 a
1357 496 1516 536 libidine

116 559 269 600 avocet,
294 558 375 591 tum
398 552 583 591 insolenti
605 552 807 592 alacritate
824 553 972 605 gestire
990 559 1066 591 non
1086 553 1218 592 sinat?
1240 553 1345 592 Haec
1365 552 1516 593 efficere

114 608 300 648 virtutem
324 608 588 658 ostenderem,
613 609 690 648 nisi
711 608 977 661 superioribus
1002 608 1134 648 diebus
1152 617 1284 649 essent
1303 609 1512 662 explicata.

226 665 353 717 Atque
382 679 494 717 quum
528 664 842 717 perturbationes
873 664 990 703 animi
1022 665 1221 704 miseriam
1240 696 1249 714 ,
1288 664 1515 704 sedationes
1532 663 1585 707 15

115 727 243 760 autem
266 721 385 760 vitam
416 720 582 760 efficiant
610 720 787 767 beatam,
823 720 1044 772 duplexque
1077 721 1177 760 ratio
1209 721 1515 774 perturbationis
1538 729 1580 759 43

115 777 179 825 sit,
195 778 297 828 quod
314 776 517 829 aegritudo
538 784 576 815 et
591 783 717 816 metus
737 777 777 815 in
792 776 904 816 malis
923 776 1105 829 opinatis,
1120 777 1159 816 in
1177 777 1367 816 bonorum
1386 784 1516 816 autem

115 845 251 871 errore
273 832 420 872 laetitia
442 832 616 884 gestiens
649 832 842 884 libidoque
870 839 1076 882 versetur,
1111 847 1224 885 quum
1261 834 1355 872 haec
1386 833 1516 872 omnia

115 902 200 927 cum
233 888 398 928 consilio
426 896 464 928 et
487 889 640 928 ratione
663 895 856 942 pugnent:
892 889 952 929 his
976 895 1014 929 tu
1039 895 1115 928 tam
1139 889 1323 942 gravibus
1346 889 1516 928 concita-

114 943 283 984 tionibus
306 952 460 997 tamque
483 945 576 998 ipsis
608 944 713 985 inter
742 959 784 984 se
816 945 1136 985 dissentientibus
1169 953 1283 997 atque
1319 944 1515 985 distractis

112 1014 227 1052 quem
248 1014 432 1050 vacuum,
455 1002 641 1051 solutum,
663 1001 827 1041 liberum
845 1001 1007 1049 videris,
1030 1001 1129 1041 hunc
1148 1001 1341 1041 dubitabis
1359 1001 1514 1041 beatum

113 1056 273 1096 dicere?
312 1056 427 1110 Atqui
457 1057 611 1110 sapiens
641 1071 795 1111 semper
825 1058 878 1097 ita
910 1057 1072 1098 affectus
1096 1065 1169 1097 est.
1214 1058 1376 1111 Semper
1396 1057 1518 1109 igitur

113 1113 269 1166 sapiens
292 1114 429 1153 beatus
453 1121 526 1154 est.

225 1169 352 1222 Atque
376 1170 488 1209 etiam
513 1184 627 1210 omne
649 1170 790 1209 bonum
815 1169 994 1209 laetabile
1016 1177 1098 1219 est,
1124 1169 1225 1222 quod
1244 1176 1373 1209 autem
1392 1169 1512 1208 laeta-

112 1225 205 1274 bile,
230 1225 265 1265 id
291 1227 587 1279 praedicandum
612 1234 650 1266 et
671 1239 763 1279 prae
795 1239 837 1266 se
867 1226 1093 1276 ferendu1113
1126 1226 1226 1278 quod
1259 1225 1335 1264 tale
1365 1232 1512 1274 autem,

111 1281 149 1321 id
172 1282 290 1321 etiam
312 1283 553 1336 gloriosum3
587 1283 621 1323 si
642 1296 738 1322 vero
761 1283 999 1336 gloriosum,
1033 1288 1140 1321 certe
1161 1281 1378 1332 laudabile3
1414 1281 1516 1333 quod

114 1338 306 1378 laudabile
329 1346 473 1387 autem,
499 1340 673 1392 profecto
697 1339 815 1378 etiam
839 1339 1070 1388 honestum,
1096 1338 1195 1401 quod
1218 1338 1359 1378 bonum
1378 1337 1512 1389 igitur,

113 1394 149 1434 id
172 1393 395 1435 honestum.
430 1396 481 1434 At
503 1409 600 1448 quae
622 1395 688 1435 isti
710 1395 811 1434 bona
835 1401 1065 1444 numerant
1097 1409 1145 1434 ne
1178 1395 1250 1447 ipsi
1274 1395 1426 1446 quidem
1450 1392 1518 1432 ho-
1540 1401 1582 1431 44

114 1458 227 1491 nesta
258 1451 404 1492 dicunt.
447 1451 579 1492 Solum
611 1452 731 1505 igitur
761 1451 929 1500 bonum,
967 1426 1066 1514 quod
1101 1451 1333 1499 honestum·
1366 1463 1418 1489 ex
1443 1463 1517 1501 quo

116 1506 292 1556 efficitur,
317 1509 523 1549 honestate
546 1522 622 1548 una
644 1508 766 1548 vitam
789 1507 982 1547 contineri
1003 1507 1172 1547 beatam.
1216 1506 1305 1546 Non
1328 1512 1420 1546 sunt
1440 1504 1514 1559 igi-

115 1569 179 1602 tur
201 1577 247 1603 ea
268 1564 368 1604 bona
393 1564 553 1604 dicenda
575 1577 647 1603 nec
672 1564 864 1611 habenda,
885 1563 1023 1616 quibus
1041 1564 1302 1602 abundantem
1320 1562 1413 1602 licet
1430 1574 1518 1601 esse

115 1604 394 1660 miserrimum.
428 1623 489 1660 An
512 1620 687 1683 dubitas,
720 1620 812 1683 quin
842 1627 1046 1673 praestans
1069 1619 1320 1669 valetudine,
1348 1618 1515 1666 viribus,
1540 1626 1581 1656 45

117 1676 240 1716 forma
255 1707 264 1725 ,
304 1676 507 1717 acerrimis
544 1676 887 1729 integerrimisque
924 1675 1129 1724 sensibus;
1179 1676 1276 1714 adde
1310 1675 1425 1714 etiam
1440 1705 1450 1722 ,
1486 1674 1518 1713 si

116 1731 227 1782 libet,
252 1733 520 1786 pernicitatem
545 1740 582 1772 et
603 1732 875 1781 velocitatem3
911 1733 955 1771 da
980 1732 1153 1781 divitias,
1180 1732 1366 1780 honores,
1398 1730 1518 1783 impe-

115 1789 190 1837 ria,
216 1802 324 1842 opes,
349 1789 537 1842 gloriam3
563 1790 595 1828 si
617 1789 735 1828 fuerit
754 1789 802 1836 is,
829 1788 892 1841 qui
914 1787 1009 1827 haec
1029 1787 1158 1836 habet,
1178 1788 1360 1836 iniustus,
1379 1787 1518 1825 intem-

116 1858 274 1897 perans,
302 1845 474 1895 timidus,
501 1844 629 1885 hebeti
651 1845 808 1897 ingenio
831 1850 948 1896 atque
970 1844 1077 1884 nullo
1096 1869 1149 1873 —
1167 1843 1410 1883 dubitabisne
1429 1855 1516 1881 eum

115 1900 299 1941 miserum
323 1902 484 1941 dicere?
506 1901 641 1952 Qualia
661 1901 782 1953 igitur
802 1900 879 1940 ista
902 1900 1002 1940 bona
1025 1906 1131 1950 sunt,
1158 1912 1255 1953 quae
1277 1899 1338 1951 qui
1358 1897 1514 1947 habeat,

116 2000 268 2076 erzmillt'
303 2011 333 2031 z.
361 2001 398 2032 B.
432 1999 507 2031 val.
537 1998 626 2031 Max.
660 1999 715 2031 Vl.
749 2001 781 2039 4,

115 2050 185 2077 ext.
234 2069 241 2076 .
316 2068 319 2069 γ

161 2102 330 2134 insolenti
353 2101 568 2138 alacritate;
598 2100 698 2132 daffir
729 2101 781 2141 15,

114 2148 158 2179 43
186 2148 326 2179 laetitia
349 2148 520 2188 gestiens.

160 2201 222 2239 15.
252 2204 308 2235 43.
331 2203 625 2244 perturbationes
644 2212 784 2243 —per-

118 2250 350 2288 turbationis,
379 2258 405 2278 s.
428 2258 470 2278 zu
491 2246 546 2278 lV.
569 2247 623 2287 31,
646 2247 701 2278 65.

164 2307 200 2335 in
229 2305 397 2336 bonoram
426 2314 548 2335 errore
564 2318 608 2328 Ξ
626 2305 663 2334 in
685 2303 785 2334 bonis

119 2352 291 2391 opinatis.

165 2406 220 2437 44.
246 2393 437 2437 numerant
467 2404 559 2444 „fiir
585 2408 689 2434 etwas
716 2403 787 2434 hal-

121 2451 219 2490 ten“‚
247 2451 329 2481 auch
356 2450 416 2481 mit
437 2449 600 2490 singular.
621 2448 785 2489 Objecten

123 2493 212 2526 nicht
229 2496 347 2532 selten,
378 2506 408 2526 z.
425 2495 462 2525 B.
487 2505 517 2536 p.
538 2493 624 2525 Mur.
646 2494 700 2531 24,
722 2494 784 2524 49:

124 2538 321 2580 Sulpicium
338 2544 582 2572 accusatorem
600 2549 702 2569 suum
726 2549 788 2570 nu-

124 2585 297 2623 merabat,
318 2586 684 2626 noncompemorem.

899 1998 1151 2038 abundantem,
1181 2009 1208 2029 s.
1232 1998 1256 2029 Ι.
1277 1997 1333 2038 38,
1350 1998 1389 2028 91
1412 2008 1453 2029 zu
1472 2000 1523 2028 iu-

855 2045 1046 2076 dicantem.

898 2090 954 2120 45.
989 2089 1043 2120 An
1078 2088 1222 2119 dubitas
1256 2091 1343 2130 quin
1370 2106 1406 2110 —
1435 2087 1524 2119 Statt

854 2134 1001 2166 naohher
1014 2133 1073 2164 mit
1087 2135 1194 2164 miser
1204 2136 1254 2164 sit
1267 2144 1309 2164 zu
1323 2132 1521 2172 schliessen,

853 2180 938 2211 wird
958 2179 1019 2210 der
1037 2178 1114 2210 Satz
1134 2178 1193 2209 der
1210 2177 1439 2210 Deutlichkeit
1459 2187 1523 2208 we-

854 2235 915 2265 gen
940 2224 999 2254 mit
1017 2223 1240 2254 dubitabisne
1258 2233 1335 2253 eum
1353 2225 1523 2254 miseram

856 2270 969 2301 dicere
987 2278 1051 2299 von
1071 2265 1194 2299 Neuem
1214 2267 1482 2307 aufgenommen.

902 2315 1017 2344 hebeti
1032 2315 1173 2353 ingenio
1191 2316 1298 2354 atque
1312 2313 1423 2344 nullo.
1446 2311 1523 2343 Man

855 2359 996 2390 beachte
1025 2358 1078 2388 die
1097 2356 1297 2398 Steigerung
1322 2358 1381 2388 mit
1401 2361 1521 2398 atque.

857 2404 900 2435 So
929 2403 969 2434 de
997 2403 1060 2442 leg.
1089 2402 1147 2434 Ill.
1172 2403 1224 2442 14,
1247 2403 1308 2433 32:
1332 2405 1443 2443 pallei
1468 2405 1526 2432 at-

857 2459 923 2490 que
956 2447 1144 2479 admodum
1177 2449 1307 2489 pauci,-
1343 2446 1439 2477 Orat.
1470 2447 1523 2485 16,

858 2493 921 2524 52:
951 2503 1025 2524 rem
1043 2493 1219 2533 difficilem
1239 2495 1347 2531 atque
1366 2493 1525 2522 omnium

859 2538 1120 2578 difficillimam.
1171 2536 1288 2575 Haufig
1319 2536 1407 2567 steht
1437 2536 1525 2566 daun

859 2583 945 2614 adeo
972 2583 1052 2614 oder
1079 2585 1185 2613 etiam
1213 2581 1322 2611 dabei.

873 2619 947 2629 *****
