1684 2819
630 156 787 190 LIBER
806 157 862 189 lv.
891 157 945 197 36,
967 156 1019 189 78.

1438 154 1517 192 207

133 278 236 316 inter
258 277 398 316 fratres
419 273 673 328 gravissimae
696 272 967 321 contumeliae,
992 279 1034 312 ut
1055 271 1164 312 facile
1187 276 1383 324 appareat,
1408 267 1518 309 Atrei

134 333 233 375 filios
255 345 356 381 esse,
383 331 464 371 eius
487 331 550 383 qui
572 329 780 369 meditatur
801 342 962 383 poenam
985 329 1026 368 in
1048 329 1207 368 fratrem
1230 341 1392 368 novam:

217 387 359 431 Maibr
380 387 479 427 mihi
497 387 634 436 moles,
659 385 787 425 maias
808 386 1098 426 miseeuddmst
1116 385 1279 434 malam,

223 447 301 498 Qui
319 442 430 485 illins
452 443 640 484 acerbum
663 441 731 481 cor
753 443 994 482 contundam
1018 449 1057 481 et
1077 440 1347 495 comprimam.

137 503 218 554 Quo
238 502 360 556 igitur
382 501 476 540 haee
499 500 666 554 erumpit
686 499 835 539 moles?
866 499 965 538 Audi
987 499 1220 552 Thyestem:

219 556 380 613 'Impius
402 557 595 598 hortateir
616 558 847 611 mefrater,
874 555 921 595 eit
938 569 1045 594 meos
1067 553 1327 595 malz'smiser

220 615 463 657 Ma'mlarem
486 612 601 653 natos
621 638 676 642 —
698 636 749 641 —

136 673 280 712 Eorum
302 672 457 711 viscera
477 669 648 723 apponit.
684 668 780 718 Quid
804 674 863 707 est
890 667 990 707 enim
1006 697 1016 715 ,
1054 664 1524 722 ‹luoffibuoqurogrediatur

122 729 365 779 'eodssffimjt‘m
379 741 467 780 v,quo
488 726 628 768 furor?
658 725 790 776 Itaque
812 723 936 764 iratos
958 723 1114 775 proprie
1136 719 1454 763 dicimus'exisse
1477 722 1521 761 de

137 792 342 840 potestate,
363 785 397 823 id
416 790 476 822 est
498 783 542 822 de
565 781 742 830 consilio,
767 781 812 820 de
834 781 1002 829 ratione,
1024 780 1069 820 de
1087 787 1238 828 mente,
1263 778 1398 818 horum
1420 778 1521 818 enim

137 848 305 896 potestas
342 840 381 880 in
418 846 538 878 totum
574 838 740 877 animum
778 850 864 877 esse
900 836 1028 877 debet.
1079 836 1147 876 His
1181 842 1246 875 aut
1273 834 1524 875 subtrahendi
1547 840 1589 873 78

137 905 228 939 sunt
256 896 315 945 ei,
348 897 387 936 in
419 910 512 948 quos
543 894 727 948 impetum
749 901 938 933 conantur
960 894 1111 941 facere,
1146 893 1234 932 dum
1256 905 1298 932 se
1319 891 1393 944 ipsi
1416 890 1523 930 colli-

137 961 230 1009 gant
252 953 358 1006 (quid
382 960 441 993 est
461 959 588 992 autem
611 965 653 991 se
673 951 798 1004 ipsum
821 951 1028 1004 colligere,
1061 949 1136 989 nisi
1168 949 1373 1001 dissipatas
1405 947 1523 987 animi

137 1018 266 1065 partes
295 1023 448 1049 rursum
481 1009 520 1049 in
551 1022 660 1048 suum
684 1009 810 1047 locum
833 1008 1016 1061 cogere?)
1039 1013 1105 1047 aut
1125 1005 1289 1059 rogandi
1312 1004 1525 1057 orandique

140 1075 252 1115 sunt,
283 1074 349 1115 ut,
384 1066 417 1106 si
450 1079 562 1118 quam
585 1064 727 1105 habent
748 1064 958 1104 ulciscendi
979 1064 1056 1104 vim
1070 1094 1080 1113 ,
1115 1063 1295 1103 differant
1315 1062 1355 1101 in
1376 1068 1525 1115 tempus

139 1125 257 1173 aliud,
281 1123 367 1163 dum
391 1124 633 1163 defervescat
654 1121 728 1161 ira.
756 1122 1037 1161 Defervescere
1055 1127 1183 1160 autem
1207 1126 1312 1159 certe
1334 1118 1528 1172 significat

140 1182 317 1221 ardorem
336 1180 458 1219 'animi
479 1179 604 1219 invita
625 1178 777 1218 ratione
800 1177 1030 1218 excitatum.
1055 1178 1117 1216 Ex
1139 1191 1213 1230 quo
1235 1176 1326 1215 illud
1349 1175 1528 1215 laudatur

140 1238 351 1291 Archytae,
377 1237 440 1289 qui
462 1250 576 1289 quum
599 1235 729 1275 villico
752 1236 875 1275 factus
898 1241 1003 1275 esset
1024 1234 1186 1282 iratior,
1224 1233 1309 1285 Quo
1334 1239 1371 1272 te
1393 1232 1525 1281 modo,

140 1294 279 1347 inquit,
305 1295 562 1348 accepissem,
586 1294 668 1332 m'sz·
687 1295 821 1332 iratas
843 1295 994 1331 essem!

186 1386 303 1418 Maior
320 1390 399 1425 etc„
429 1394 485 1415 aus
512 1384 584 1415 dem
600 1384 723 1415 Atreus
745 1384 801 1415 des

141 1432 287 1470 Accius;
308 1430 389 1462 auch
409 1429 449 1461 de
468 1434 536 1461 nat.
557 1429 597 1460 D.
619 1428 743 1468 111.26,
760 1428 800 1461 68

142 1477 206 1509 und
225 1477 264 1508 de
279 1480 362 1508 orat.
382 1474 440 1506 ΙΙΙ.
455 1476 511 1512 58,
529 1475 592 1506 219
612 1475 800 1516 angel'iihrt.

143 1522 271 1563 Wegen
290 1522 348 1552 (16(-
366 1516 571 1563 παρήχησις
590 1531 617 1552 s.
639 1520 664 1552 I.
685 1521 739 1560 35,
762 1520 802 1552 85

145 1579 185 1600 zu
203 1570 239 1599 vi
256 1570 365 1598 vitam
385 1569 519 1597 evitari.

189 1612 440 1645 miscendumst
455 1611 599 1651 malum,
622 1611 702 1642 nach
717 1610 805 1642 Ana-

146 1658 232 1699 logie
250 1668 313 1689 von
333 1667 492 1688 venenam
512 1658 668 1688 miseere.
696 1655 807 1688 Ebeu-

147 1716 181 1736 so
200 1705 231 1735 in
251 1703 322 1735 Cat.
346 1702 400 1734 lv.
422 1703 453 1741 3,
472 1702 508 1733 6:
530 1712 619 1733 nora
635 1702 807 1743 quaedam

147 1752 287 1782 misceri
325 1752 359 1779 et
391 1750 564 1779 concitari
593 1748 688 1778 mala
721 1750 808 1779 iam-

146 1796 281 1837 pridem
301 1794 470 1825 videbam.
490 1812 533 1816 -—
552 1791 733 1833 Uebrigens
752 1793 808 1824 be-

149 1842 242 1873 achtc
252 1850 327 1872 man
339 1839 420 1870 auch
433 1839 490 1870 das
503 1838 668 1879 Zeugma:
686 1849 726 1870 zu
736 1849 809 1870 mo-

150 1888 198 1918 les
210 1887 252 1918 ist
265 1885 431 1917 movenda
442 1884 597 1924 oderdgl.
611 1895 651 1915 zu
667 1884 806 1915 denken.

197 1932 281 1974 Qut,
317 1930 390 1962 Abl.
428 1930 480 1961 fiir
513 1940 597 1971 qao,
633 1930 695 1961 wie
723 1928 806 1971 Nep.

149 1978 254 2009 Arist.
270 1977 302 2017 3,
319 1976 336 2007 2
352 1988 359 2007 :
380 1979 432 2013 ut,
451 1977 514 2017 qui
531 1977 728 2018 efferretur,
749 1978 810 2007 vioe

152 2023 348 2064 reliquerit.

195 2069 298 2101 malis
315 2067 520 2098 mandarem
533 2092 540 2105 ‚
563 2067 654 2098 nicht
670 2064 810 2098 mande-

151 2125 237 2155 rem,
256 2113 360 2145 haben
379 2113 430 2144 die
448 2109 562 2144 be‘sten
581 2112 720 2143 Hdschr.
740 2112 812 2143 hier

151 2161 215 2192 und
240 2160 279 2191 de
298 2163 383 2190 orat.
403 2157 458 2189 111.
479 2158 534 2197 58,
555 2158 630 2198 217,
660 2168 710 2189 wo
737 2158 811 2189 das-

154 2206 242 2238 selbe
255 2205 343 2236 citat
356 2203 559 2243 vork01nmt;
579 2204 698 2235 ebenso
708 2203 808 2237 Lucr.

156 2251 194 2284 ΙΙ.
216 2251 297 2283 638:
318 2250 369 2282 Ne
386 2249 562 2281 Saturnus
580 2260 655 2280 eam
676 2250 810 2281 malis

154 2308 216 2329 mla
228 2296 281 2328 nd
293 2299 390 2328 aret
407 2295 568 2336 adeptus.
592 2295 695 2326 Malis
712 2305 811 2327 man-

157 2341 269 2375 darem
290 2342 333 2373 ist
350 2341 431 2373 auc-h
450 2340 596 2380 weniger
612 2340 772 2382 poetisch.

201 2390 266 2429 ‘quo
290 2398 357 2418 uon
383 2405 427 2409 —-
454 2386 572 2418 eodem
596 2404 636 2408 -—
662 2397 727 2427 quo
747 2399 810 2418 —.·

158 2434 293 2473 „wohin
311 2433 369 2464 der
379 2431 465 2464 Zorn
485 2431 574 2463 nicht
591 2431 672 2463 eben
687 2442 722 2463 so
736 2432 815 2464 weit

161 2479 254 2519 ginge
278 2479 341 2510 wie
367 2479 424 2510 der
441 2476 668 2509 &Vahnsinn‘fl
705 2478 814 2509 Aebu-

162 2524 225 2555 lich
253 2524 333 2556 oben
360 2525 399 2564 4,
426 2524 467 2554 7:
503 2523 595 2565 qnod
611 2524 815 2565 feceramus

163 2569 251 2600 ‘idem
268 2571 504 2612 superioribas
523 2568 655 2600 diebus.

206 2617 316 2647 eoeisse
343 2616 383 2646 de
408 2617 585 2655 potestate
617 2614 694 2652 „sie
723 2615 813 2647 seien

871 1394 987 1415 ausser
1012 1383 1079 1414 sich
1109 1381 1351 1423 gekommen“3
1378 1380 1444 1420 vgl.
1472 1379 1531 1412 Ill.

871 1430 903 1470 5,
931 1430 983 1461 11.

919 1475 972 1506 78.
984 1475 1240 1516 Deserueseere:
1253 1473 1311 1503 das
1322 1471 1531 1508 Auskochen,

873 1521 904 1551 (1.
925 1521 957 1551 h.
979 1520 1030 1551 die
1048 1518 1247 1558 Thatsache‚
1274 1519 1322 1549 da
1335 1528 1348 1549 s
1361 1528 1375 1549 s
1402 1528 1438 1549 er
1456 1527 1534 1548 aus-

873 1566 987 1597 kocht.

918 1611 1108 1652 Archytas,
1145 1609 1384 1651 Pythagoreer,
1419 1607 1532 1640 Platos

875 1656 1090 1697 Zeitgenosse
1108 1655 1172 1686 und
1187 1654 1331 1686 Freuud.
1349 1653 1423 1686 val.
1440 1653 1530 1686 Max.

874 1701 930 1733 IV.
954 1703 983 1742 1,
1004 1706 1069 1733 ext.
1093 1701 1130 1731 l:
1162 1701 1376 1732 Tarentinus
1400 1700 1535 1742 Archy-

877 1752 951 1787 tas,
989 1747 1069 1778 dam
1103 1756 1140 1777 se
1170 1746 1403 1789 Pythagorae
1430 1755 1536 1787 prae-

877 1795 987 1835 ceptis
1012 1792 1210 1833 Metaponti
1233 1794 1372 1834 penitus
1396 1792 1536 1822 immer-

874 1842 944 1880 git,
963 1848 1090 1879 magno
1109 1838 1228 1869 labore
1253 1837 1427 1878 longoque
1453 1839 1536 1867 tem-

872 1894 961 1926 pore
974 1883 1124 1915 solz‘dam
1141 1893 1224 1925 opas
1243 1883 1424 1914 doetrinae
1443 1892 1535 1913 com-

872 1930 1015 1972 plexus,
1037 1932 1228 1970 postquam
1246 1930 1282 1959 iu
1296 1930 1456 1970 patriam
1483 1937 1536 1959 re-

879 1977 1031 2007 vertitur
1049 1984 1090 2005 ac
1105 1984 1192 2005 rara
1210 1984 1273 2005 sua
1291 1976 1442 2005 revisere
1463 1984 1536 2004 coe-

874 2024 942 2063 pit,
964 2020 1220 2052 animadvertit
1238 2019 1455 2061 negligentia
1474 2018 1536 2049 vil-

878 2067 938 2099 lz'ez'
962 2069 1128 2107 corrupt-a
1154 2069 1190 2096 et
1200 2065 1359 2107 perdita,
1380 2066 1538 2096 intuens-

879 2123 944 2155 que
967 2110 1060 2143 male
1084 2113 1269 2142 meritam:
1289 2110 1534 2152 Sumpsissem,

879 2160 1005 2199 inquit,
1027 2168 1048 2189 a
1071 2160 1104 2188 te
1127 2157 1350 2199 suppliciam,
1379 2157 1449 2187 nisi
1476 2156 1540 2186 tibi

878 2206 995 2236 iratus
1013 2213 1142 2241 essem,-
1170 2202 1298 2233 malaz't
1313 2204 1401 2233 enim
1424 2203 1537 2242 impu-

878 2252 989 2281 nitam
1025 2248 1216 2286 dimittere,
1252 2257 1357 2289 quam
1385 2251 1539 2289 propter

879 2297 970 2327 iram
994 2295 1141 2336 gravius
1167 2296 1262 2325 iusto
1285 2295 1423 2336 punire.
1459 2291 1535 2332 Vgl.

880 2341 919 2371 de
937 2339 1063 2381 republ.
1086 2339 1110 2371 l.
1131 2339 1186 2377 38,
1207 2339 1259 2371 59.
1293 2338 1424 2370 Audere
1442 2338 1536 2379 legen

880 2386 941 2417 den
966 2385 1154 2427 Ausspruch
1181 2385 1252 2417 dem
1278 2384 1432 2416 Socrates
1459 2383 1539 2414 oder

880 2431 975 2463 Plato
1000 2430 1065 2462 bei.

927 2479 1152 2518 accepissem,
1182 2476 1244 2507 wie
1272 2475 1312 2507 II.
1337 2475 1388 2515 14,
1409 2474 1473 2513 343
1504 2473 1536 2504 in

882 2523 1004 2554 diesem
1022 2521 1120 2553 Sinne
1138 2522 1225 2553 wohl
1249 2520 1382 2561 cigentl.
1404 2520 1462 2551 der
1487 2518 1538 2550 fa-

881 2568 1033 2600 mili'aren
1052 2567 1194 2610 Sprache
1214 2565 1402 2606 angehtirig.
1427 2565 1539 2597 Daher

883 2614 1062 2646 besonders
1080 2614 1133 2645 hei
1152 2614 1215 2645 den
1234 2611 1421 2643 Homikeru.
