1684 2819
678 155 755 187 Llss.
774 155 797 187 Ι.
837 155 932 188 CAP.
951 156 1004 188 36.
1023 156 1076 189 37.
1526 160 1577 200 85

172 258 314 310 spoliat
334 263 443 296 motu
464 262 500 296 et
521 258 670 296 actione
691 258 834 305 divina,
862 259 927 297 sed
950 259 1064 297 etiam
1084 259 1263 298 homines
1286 260 1428 298 inertes
1451 261 1576 308 efficit,

173 315 205 354 si
226 314 379 366 quidem
401 325 519 364 agens
541 314 679 364 aliquid
701 326 749 352 ne
771 315 864 353 deus
888 315 1041 366 quidem
1065 328 1151 354 esse
1171 315 1305 354 beatus
1329 322 1471 367 potest.

285 370 424 408 Verum
448 370 496 408 sit
523 382 632 416 sane,
661 377 702 409 ut
722 371 850 417 vultis,
879 371 972 410 deus
1001 372 1144 421 effigies
1166 372 1336 410 hominis
1365 378 1401 411 et
1426 372 1573 423 imago:

171 427 273 478 quod
292 427 374 464 eius
395 432 452 465 est
479 426 744 465 domicilium?
773 440 868 478 quae
890 425 1031 466 sedes?
1060 428 1125 478 qui
1146 427 1286 467 locus?
1315 441 1411 479 quae
1439 429 1576 467 deinde

169 483 266 529 actio
280 481 419 528 tritae?
454 483 592 533 quibus
621 484 754 531 rebus,
784 484 821 521 id
850 484 953 535 quod
981 484 1111 531 vultis,
1142 484 1275 523 beatus
1304 483 1391 523 est‘?
1439 485 1577 524 Utatur

170 539 271 577 enim
296 539 375 577 suis
397 539 510 578 bonis
529 545 682 590 oportet
703 545 739 578 et
760 541 926 586 fruatur,
950 539 1013 590 qui
1034 540 1167 579 beatus
1190 541 1343 579 futurus
1366 546 1435 579 est.
1477 541 1575 580 Nam

168 595 278 633 locus
301 595 455 646 quidem
476 596 520 634 iis
542 596 657 634 etiam
680 596 845 642 naturis,
874 608 969 646 quae
992 595 1074 633 sine
1098 596 1235 635 animis
1260 603 1366 644 sunt,
1395 609 1490 636 suus
1519 603 1577 636 est

170 652 307 702 cuique
334 652 536 702 proprius,
565 657 606 690 ut
640 657 739 690 terra
766 652 943 690 infimum
971 656 1115 696 teneat,
1150 653 1249 691 hanc
1275 653 1435 691 inundet
1463 666 1576 704 aqua,

169 708 348 758 superior
368 708 463 753 aeri,
492 708 644 758 ignibus
674 708 859 746 altissima
882 720 949 745 ora
971 708 1165 746 reddatur.
1207 709 1424 748 Bestiarum
1446 716 1575 748 autem

168 770 342 802 terrenae
359 769 448 805 sunt
464 763 567 809 aliae,
588 763 727 813 partim
745 764 940 815 aquatiles,
959 764 1050 801 aliae
1068 764 1176 815 quasi
1195 765 1390 816 ancipites,
1412 766 1450 803 in
1468 771 1574 804 utra-

169 832 241 871 que
262 820 352 857 sede
374 819 559 863 viventes;
582 825 672 857 sunt
693 820 878 870 quaedam
900 820 1025 867 etiam,
1047 833 1142 871 quae
1164 820 1240 870 igni
1263 821 1368 859 nasci
1390 827 1575 872 putentur

168 881 453 926 appareantque
474 876 513 914 in
535 876 756 916 ardentibus
780 876 1002 915 fornacibus
1030 889 1144 927 saepe
1164 877 1376 916 volitantes.
1420 878 1571 924 Quaero

166 931 298 982 igitur,
326 937 450 970 vester
471 932 564 971 deus
588 932 757 983 primum
779 932 844 971 ubi
866 932 1026 979 habitet,
1049 932 1185 971 deinde
1208 946 1304 984 quae
1327 946 1462 972 caussa
1485 946 1575 972 eum

166 988 251 1026 loco
274 994 436 1034 moveat,
458 988 489 1026 si
507 989 624 1026 modo
647 994 824 1027 movetur
839 989 1060 1041 aliquando,
1083 1002 1217 1040 porro,
1240 1002 1358 1041 quum
1382 990 1458 1028 hoc
1479 1002 1575 1040 pro-

165 1045 295 1095 prium
318 1045 368 1083 sit
388 1044 659 1091 animantium,
688 1051 729 1083 ut
750 1046 890 1096 aliquid
919 1051 1101 1096 appetant
1128 1046 1230 1096 quod
1256 1047 1304 1084 sit.
1331 1052 1489 1084 naturae
1510 1058 1574 1084 ac-

167 1101 478 1145 commodatum,
509 1102 601 1140 deus
632 1101 721 1152 quid
750 1107 920 1153 appetat,
949 1103 994 1140 ad
1023 1115 1137 1152 quam
1167 1102 1331 1153 denique
1360 1115 1440 1141 rem
1463 1107 1573 1140 motu

165 1158 306 1195 mentis
336 1170 380 1195 ac
404 1158 552 1196 ratione
579 1164 724 1203 utatur3
753 1164 954 1208 postremo
985 1171 1060 1209 quo
1091 1159 1206 1196 modo
1236 1158 1370 1197 beatus
1402 1158 1467 1205 sit,
1497 1171 1572 1209 quo

165 1214 283 1251 modo
307 1220 497 1251 aeternus.
541 1214 733 1265 Quidquid
762 1215 864 1252 enim
894 1214 1034 1252 horum
1058 1214 1246 1264 attigeris,
1275 1215 1386 1253 ulcus
1408 1221 1477 1253 est.
1522 1214 1573 1252 [ta

164 1270 263 1308 male
290 1269 464 1308 instituta
484 1270 579 1308 ratio
609 1274 751 1309 exitum
774 1270 942 1321 reperire
970 1283 1050 1309 non
1072 1276 1212 1322 potest.
1256 1271 1320 1310 Sic
1346 1271 1447 1309 enim
1470 1270 1572 1309 dice—

163 1325 250 1371 bas,
278 1326 446 1376 speciem
469 1326 527 1364 dei
550 1327 695 1378 percipi
717 1327 964 1377 cogitatione,
992 1339 1071 1365 non
1102 1340 1239 1374 seusu,
1267 1340 1338 1366 nec
1359 1340 1444 1365 esse
1471 1327 1509 1364 in
1532 1340 1574 1365 ea

162 1381 279 1420 ullam
303 1382 553 1429 soliditatem,
578 1396 700 1434 neque
723 1384 881 1422 eandem
905 1384 951 1421 ad
970 1396 1176 1422 numerum
1199 1396 1445 1434 permanere,
1468 1396 1575 1421 eam-

166 1450 238 1488 que
267 1450 351 1476 essc
373 1438 454 1476 eius
482 1439 688 1486 visionem,
720 1445 760 1477 ut
784 1439 1030 1477 similitudine.
1058 1446 1094 1477 et
1122 1440 1350 1478 transitione
1380 1444 1571 1485 cernatur,

216 1537 287 1568 103.
313 1540 398 1568 actio
418 1540 514 1569 ritae.
549 1538 581 1569 S.
603 1549 643 1568 zu
662 1550 689 1569 c.
707 1539 757 1577 17,
777 1539 829 1570 45.

213 1592 296 1623 quae
324 1583 397 1623 igni
422 1584 518 1613 nasci
539 1586 717 1625 putentur:
742 1584 831 1614 niim-

166 1626 229 1657 lich
254 1627 353 1657 durch
379 1626 450 1657 eine
477 1637 544 1667 sog.
568 1629 745 1668 generatio
763 1630 832 1659 ori-

162 1673 314 1712 ginaria,
340 1672 546 1711 dergleichen
573 1673 624 1703 die
647 1673 736 1703 alten
763 1672 830 1704 Na—

166 1717 373 1747 turl'orschcr
386 1717 435 1748 als
450 1717 828 1749 unzwcil'elhal'tannah-

164 1771 248 1792 nien.
306 1760 376 1791 Von
422 1762 482 1793 den
524 1762 595 1793 hier
634 1763 826 1793 erw'zihnten

164 1805 307 1837 Thieren
332 1810 405 1846 sagt
423 1806 546 1837 Seneca
567 1806 627 1848 Qu.
648 1812 713 1838 nat.
734 1807 772 1845 V,
792 1806 827 1838 G:

163 1852 273 1892 ignis,
304 1852 361 1892 qui
383 1853 494 1882 omnia
516 1853 699 1890 consumit,
730 1862 828 1893 qnae-

163 1895 241 1927 αἀ111
270 1898 370 1926 etiam
398 1899 504 1936 creat,
541 1899 574 1927 et
602 1897 693 1938 quod
722 1897 829 1929 videre?

158 1943 275 1984 potest
289 1951 354 1972 11011
369 1941 477 1972 simile
489 1951 539 1973 z'er
548 1944 567 1983 i,
585 1944 696 1973 111111611
712 1952 826 1974 verum

161 1988 229 2025 est,
263 1986 421 2018 animalia
455 1987 536 2028 igne
561 1990 732 2028 generari.
764 1988 828 2018 und

160 2029 287 2061 Plinius
304 2031 339 2062 H.
354 2030 394 2062 N.
409 2030 466 2073 XI,
484 2031 541 2062 36:
562 2031 598 2063 In
615 2031 828 2075 89111111ωά-

162 2077 222 2107 riis
240 2076 442 2116 fornacibus
460 2087 504 2108 eoe
526 2077 634 2108 medio
662 2079 735 2119 igni
754 2088 827 2108 11111-

160 2122 244 2152 ioris
285 2131 422 2152 muscae
467 2122 700 2163 magnitudine
738 2123 827 2154 volat

159 2168 343 2209 ρ61111α111111
388 2166 596 2210 quadmpem
640 2168 827 2210 appellatur

157 2211 313 2253 pyrali‘S,
354 2222 374 2242 (1
412 2212 610 2254 quibasdam
647 2216 824 2255 pytaclsia.

163 2255 329 2295 Quamdiu
352 2259 403 2288 est
426 2258 458 2288 ι’11
484 2258 824 2299 223·111,z···1iet.·quum

161 2312 197 2332 61
200 2303 268 2333 ascl
285 2301 437 2343 longiore
450 2301 564 2344 paullo
581 2302 709 2339 onlatzt
735 2313 824 2334 emo-

162 2348 261 2378 r’nzi‘m
296 2347 397 2378 Sonst
421 2347 550 2378 heissen
565 2351 756 2391 pfflmlslae
774 2348 825 2378 dic

161 2390 186 2421 L
190 2391 393 2422 ichtmotten.

210 2436 282 2467 105.
309 2435 364 2468 Sic
387 2438 477 2468 enim
499 2437 641 2469 dicebas.
682 2438 772 2469 Ohen
799 2450 825 2469 c.

207 2536 312 2567 neque
328 2527 465 2559 eandem
484 2527 530 2559 ad
551 2538 670 2560 mmzer
675 2539 729 2559 11111.
748 2538 826 2571 per-

163 2580 298 2603 manere
321 2573 449 2604 scheint
472 2583 513 2604 zu
537 2570 717 2613 116116ἶιῐ611,
749 2573 825 2605 dass

905 1540 956 1570 die
980 1539 1140 1578 glittliche
1160 1538 1291 1570 Gestalt
1312 1540 1342 1569 in
1363 1538 1501 1570 Absicht
1517 1538 1577 1570 aus

1607 380 1668 413 103

1604 881 1668 914 104

1604 1274 1666 1307 105

904 1584 955 1614 die
980 1583 1063 1614 Zahl
1080 1602 1120 1605 —
1143 1583 1223 1614 aber
1248 1584 1373 1614 welche
1398 1583 1502 1614 Zahl?
1526 1601 1572 1606 —
1626 1618 1631 1619 ⁷

906 1628 996 1659 nicht
1013 1628 1127 1659 iinmer
1145 1628 1301 1670 dieselbe,
1320 1629 1464 1660 sondern
1481 1638 1572 1659 wan-

904 1673 1021 1704 delbar
1046 1673 1104 1703 sei.
1140 1672 1188 1704 Ob
1212 1673 1292 1705 aber
1316 1673 1350 1704 C.
1376 1674 1446 1704 dies
1466 1673 1569 1703 wirk-

903 1717 967 1748 lich
997 1718 1135 1757 gewollt
1159 1718 1239 1757 und,
1270 1728 1365 1749 wenn
1390 1728 1427 1749 er
1450 1728 1485 1749 es
1511 1728 1570 1758 ge-

902 1763 1014 1799 wollt,
1040 1762 1079 1793 ob
1099 1773 1135 1793 61·
1152 1763 1253 1794 damit
1269 1763 1413 1804 Epikurs
1432 1763 1570 1794 Ansicht

901 1807 1063 1847 gen-offen
1082 1807 1176 1847 habe,
1194 1807 1239 1839 ist
1256 1809 1386 1839 schwer
1403 1818 1444 1838 zu
1459 1817 1569 1847 sagen.

901 1852 1044 1893 Epikurs
1072 1851 1192 1883 W⁷orte
1219 1853 1324 1883 selbst
1347 1852 1397 1883 bei
1416 1852 1511 1892 Diog.
1531 1852 1568 1883 L.

900 1895 944 1936 X,
973 1896 1033 1927 139
1058 1897 1161 1937 geben
1186 1908 1247 1928 uns
1272 1898 1353 1928 auch
1378 1897 1453 1927 kein
1473 1897 1569 1928 Licht

900 1942 965 1972 und
990 1942 1061 1972 sind
1085 1943 1167 1973 ohne¹
1187 1942 1323 1973 Zweifel
1342 1942 1431 1973 nicht
1448 1952 1570 1972 unver-

901 1987 1036 2017 ‹lorben.

947 2042 1085 2073 eamque
1109 2043 1182 2063 esse
1199 2034 1271 2063 61115
1290 2034 1465 2069 visionem,
1489 2032 1518 2063 d.
1537 2033 1566 2062 h.

901 2079 949 2108 ila
973 2088 1044 2108 eam
1070 2088 1091 2107 α
1107 2078 1205 2108 nobis
1226 2077 1339 2108 videri.
1375 2076 1440 2107 Das
1460 2076 1568 2107 Sehen

901 2122 944 2153 ist
962 2122 1117 2162 iibrigens
1136 2132 1198 2152 nur
1215 2122 1265 2152 cin
1288 2122 1459 2161 geistiges,
1479 2121 1569 2152 nicht

902 2167 1002 2197 durch
1027 2167 1088 2197 den
1114 2167 1190 2197 Sinn
1216 2167 1273 2197 des
1297 2167 1407 2205 Auges
1431 2166 1568 2197 vermit-

900 2212 1012 2243 teltes.
1047 2212 1106 2242 Die
1125 2210 1309 2242 similitudo
1327 2210 1431 2249 kann,
1449 2210 1512 2241 wie
1531 2220 1566 2241 65

901 2257 1044 2297 scheint,
1080 2266 1141 2286 nur
1170 2256 1220 2287 die
1251 2255 1481 2287 Aehnlichkeit
1508 2256 1567 2286 der

901 2302 1074 2341 best'andig
1109 2302 1168 2331 der
1198 2300 1295 2331 Seele
1325 2300 1566 2331 zufliessenden

901 2346 1013 2377 Bilder
1034 2351 1133 2377 unter
1156 2346 1314 2377 einander
1335 2346 1399 2376 und
1424 2345 1482 2376 mit
1503 2345 1564 2375 den

901 2392 1081 2431 go'ttlichcn
1112 2390 1286 2423 Urbildern
1317 2390 1396 2421 sein.
1456 2389 1566 2420 Dureh

900 2437 991 2467 diese
1020 2436 1252 2467 Achnlichkeit
1284 2435 1348 2466 und
1379 2435 1478 2465 durch
1509 2435 1565 2465 das

899 2482 1109 2521 unabli‘issige
1128 2481 1326 2512 Zustriiinen
1351 2480 1462 2511 dieser
1484 2480 1565 2510 {ihu-

898 2526 1004 2558 lichen
1026 2527 1134 2557 Bilder
1158 2528 1187 2557 in
1216 2527 1266 2557 die
1285 2525 1380 2556 Seele
1399 2525 1567 2565 geschieht

899 2582 952 2613 es,
979 2572 1054 2603 dass
1077 2572 1139 2602 wir
1164 2572 1235 2603 eine
1261 2570 1480 2610 Vorstellung
1501 2579 1565 2601 von
