<?xml version="1.0" encoding="UTF-8"?>
<!DOCTYPE html PUBLIC "-//W3C//DTD XHTML 1.0 Transitional//EN"
    "http://www.w3.org/TR/xhtml1/DTD/xhtml1-transitional.dtd">
<html xmlns="http://www.w3.org/1999/xhtml" xml:lang="en" lang="en">
 <head>
  <title>
</title>
<meta http-equiv="Content-Type" content="text/html;charset=utf-8" />
  <meta name='ocr-system' content='tesseract 3.04.00' />
  <meta name='ocr-capabilities' content='ocr_page ocr_carea ocr_par ocr_line ocrx_word'/>
</head>
<body>
  <div class='ocr_page' id='page_1' title='image "./tusculanarumdisp00ciceuoft_0049.png"; bbox 0 0 1684 2819; ppageno 0'>
   <div class='ocr_carea' id='block_1_1' title="bbox 0 2500 4 2803">
    <p class='ocr_par' dir='ltr' id='par_1_1' title="bbox 0 2500 4 2803">
     <span class='ocr_line' id='line_1_1' title="bbox 0 2500 2 2517; baseline 0 0"><span class='ocrx_word' id='word_1_1' title='bbox 0 2500 2 2517; x_wconf 84' lang='grc'>1</span> 
     </span>
     <span class='ocr_line' id='line_1_2' title="bbox 0 2521 3 2610; baseline 0 8"><span class='ocrx_word' id='word_1_2' title='bbox 0 2521 3 2610; x_wconf 75' lang='lat' dir='ltr'>l</span> 
     </span>
     <span class='ocr_line' id='line_1_3' title="bbox 0 2621 4 2668; baseline 0 0"><span class='ocrx_word' id='word_1_3' title='bbox 0 2621 4 2668; x_wconf 76' lang='grc'>1</span> 
     </span>
     <span class='ocr_line' id='line_1_4' title="bbox 0 2672 3 2730; baseline 0 0"><span class='ocrx_word' id='word_1_4' title='bbox 0 2672 3 2730; x_wconf 58' lang='lat' dir='ltr'>l</span> 
     </span>
     <span class='ocr_line' id='line_1_5' title="bbox 0 2789 3 2803; baseline 0 0"><span class='ocrx_word' id='word_1_5' title='bbox 0 2789 3 2803; x_wconf 73' lang='grc'>1</span> 
     </span>
    </p>
   </div>
   <div class='ocr_carea' id='block_1_2' title="bbox 0 0 21 2379">
    <p class='ocr_par' dir='ltr' id='par_1_2' title="bbox 0 0 21 2379">
     <span class='ocr_line' id='line_1_6' title="bbox 0 0 21 2379; baseline 0 0"><span class='ocrx_word' id='word_1_6' title='bbox 0 0 21 2379; x_wconf 95' lang='lat' dir='ltr'> </span> 
     </span>
    </p>
   </div>
   <div class='ocr_carea' id='block_1_3' title="bbox 503 128 1511 171">
    <p class='ocr_par' dir='ltr' id='par_1_3' title="bbox 503 128 1511 171">
     <span class='ocr_line' id='line_1_7' title="bbox 503 128 1511 171; baseline 0.006 -10"><span class='ocrx_word' id='word_1_7' title='bbox 503 128 703 161; x_wconf 89' lang='lat' dir='ltr'>LIBERI.</span> <span class='ocrx_word' id='word_1_8' title='bbox 727 129 931 171; x_wconf 82' lang='lat'>14‚31.32.</span> <span class='ocrx_word' id='word_1_9' title='bbox 968 130 1020 171; x_wconf 84' lang='lat'>15,</span> <span class='ocrx_word' id='word_1_10' title='bbox 1042 130 1096 162; x_wconf 82' lang='lat'>33.</span> <span class='ocrx_word' id='word_1_11' title='bbox 1460 130 1511 168; x_wconf 76' lang='lat'>23</span> 
     </span>
    </p>
   </div>
   <div class='ocr_carea' id='block_1_4' title="bbox 108 236 1567 518">
    <p class='ocr_par' dir='ltr' id='par_1_4' title="bbox 108 236 1567 518">
     <span class='ocr_line' id='line_1_8' title="bbox 108 236 1567 291; baseline -0.001 -13"><span class='ocrx_word' id='word_1_12' title='bbox 108 239 346 279; x_wconf 83' lang='lat' dir='ltr'>mortalitate</span> <span class='ocrx_word' id='word_1_13' title='bbox 375 238 592 278; x_wconf 88' lang='lat' dir='ltr'>animorum</span> <span class='ocrx_word' id='word_1_14' title='bbox 626 238 781 277; x_wconf 81' lang='lat' dir='ltr'>tacitam</span> <span class='ocrx_word' id='word_1_15' title='bbox 813 237 1012 287; x_wconf 84' lang='lat' dir='ltr'>iudicare,</span> <span class='ocrx_word' id='word_1_16' title='bbox 1054 237 1155 291; x_wconf 88' lang='lat' dir='ltr'>quod</span> <span class='ocrx_word' id='word_1_17' title='bbox 1184 236 1363 278; x_wconf 86' lang='lat' dir='ltr'>omnihus</span> <span class='ocrx_word' id='word_1_18' title='bbox 1394 251 1512 277; x_wconf 88' lang='lat' dir='ltr'>curae</span> <span class='ocrx_word' id='word_1_19' title='bbox 1530 245 1567 277; x_wconf 83' lang='lat'>31</span> 
     </span>
     <span class='ocr_line' id='line_1_9' title="bbox 108 294 1514 348; baseline -0.001 -12"><span class='ocrx_word' id='word_1_20' title='bbox 108 303 202 336; x_wconf 89' lang='lat' dir='ltr'>sunt</span> <span class='ocrx_word' id='word_1_21' title='bbox 231 302 270 334; x_wconf 88' lang='lat' dir='ltr'>et</span> <span class='ocrx_word' id='word_1_22' title='bbox 299 295 495 334; x_wconf 84' lang='lat' dir='ltr'>maximae</span> <span class='ocrx_word' id='word_1_23' title='bbox 527 294 699 347; x_wconf 86' lang='lat' dir='ltr'>quidem,</span> <span class='ocrx_word' id='word_1_24' title='bbox 732 308 831 347; x_wconf 87' lang='lat' dir='ltr'>quae</span> <span class='ocrx_word' id='word_1_25' title='bbox 862 302 951 348; x_wconf 87' lang='lat' dir='ltr'>post</span> <span class='ocrx_word' id='word_1_26' title='bbox 972 302 1137 335; x_wconf 89' lang='lat' dir='ltr'>mortem</span> <span class='ocrx_word' id='word_1_27' title='bbox 1160 294 1291 334; x_wconf 87' lang='lat' dir='ltr'>futura</span> <span class='ocrx_word' id='word_1_28' title='bbox 1313 294 1408 335; x_wconf 87' lang='lat' dir='ltr'>sint.</span> <span class='ocrx_word' id='word_1_29' title='bbox 1444 294 1514 334; x_wconf 79' lang='lat' dir='ltr'>Se-</span> 
     </span>
     <span class='ocr_line' id='line_1_10' title="bbox 108 350 1512 406; baseline -0.001 -15"><span class='ocrx_word' id='word_1_30' title='bbox 108 354 167 391; x_wconf 82' lang='lat' dir='ltr'>rz&#39;t</span> <span class='ocrx_word' id='word_1_31' title='bbox 185 351 370 401; x_wconf 77' lang='lat' dir='ltr'>arbores,</span> <span class='ocrx_word' id='word_1_32' title='bbox 406 365 508 406; x_wconf 81' lang='lat' dir='ltr'>qaae</span> <span class='ocrx_word' id='word_1_33' title='bbox 531 352 660 391; x_wconf 78' lang='lat' dir='ltr'>alteri</span> <span class='ocrx_word' id='word_1_34' title='bbox 678 352 815 391; x_wconf 77' lang='lat' dir='ltr'>seculo</span> <span class='ocrx_word' id='word_1_35' title='bbox 832 353 1016 406; x_wconf 69' lang='lat' dir='ltr'>prosint,</span> <span class='ocrx_word' id='word_1_36' title='bbox 1049 358 1091 391; x_wconf 89' lang='lat' dir='ltr'>ut</span> <span class='ocrx_word' id='word_1_37' title='bbox 1113 351 1165 391; x_wconf 86' lang='lat' dir='ltr'>ait</span> <span class='ocrx_word' id='word_1_38' title='bbox 1186 352 1225 391; x_wconf 92' lang='lat' dir='ltr'>in</span> <span class='ocrx_word' id='word_1_39' title='bbox 1249 350 1512 405; x_wconf 77' lang='lat' dir='ltr'><strong>Synephebis,</strong></span> 
     </span>
     <span class='ocr_line' id='line_1_11' title="bbox 108 407 1513 461; baseline 0 -14"><span class='ocrx_word' id='word_1_40' title='bbox 108 407 197 460; x_wconf 87' lang='lat' dir='ltr'>quid</span> <span class='ocrx_word' id='word_1_41' title='bbox 222 414 419 461; x_wconf 87' lang='lat' dir='ltr'>spectans,</span> <span class='ocrx_word' id='word_1_42' title='bbox 445 407 520 447; x_wconf 87' lang='lat' dir='ltr'>nisi</span> <span class='ocrx_word' id='word_1_43' title='bbox 544 407 662 447; x_wconf 89' lang='lat' dir='ltr'>etiam</span> <span class='ocrx_word' id='word_1_44' title='bbox 686 415 841 460; x_wconf 88' lang='lat' dir='ltr'>postera</span> <span class='ocrx_word' id='word_1_45' title='bbox 864 408 996 447; x_wconf 91' lang='lat' dir='ltr'>secula</span> <span class='ocrx_word' id='word_1_46' title='bbox 1019 408 1065 448; x_wconf 87' lang='lat' dir='ltr'>ad</span> <span class='ocrx_word' id='word_1_47' title='bbox 1088 421 1130 448; x_wconf 88' lang='lat' dir='ltr'>se</span> <span class='ocrx_word' id='word_1_48' title='bbox 1153 407 1380 461; x_wconf 85' lang='lat' dir='ltr'>pertinere?</span> <span class='ocrx_word' id='word_1_49' title='bbox 1408 408 1513 460; x_wconf 86' lang='lat' dir='ltr'>Ergo</span> 
     </span>
     <span class='ocr_line' id='line_1_12' title="bbox 108 463 1515 518; baseline 0.001 -15"><span class='ocrx_word' id='word_1_50' title='bbox 108 463 273 503; x_wconf 89' lang='lat' dir='ltr'>arbores</span> <span class='ocrx_word' id='word_1_51' title='bbox 296 470 403 504; x_wconf 86' lang='lat' dir='ltr'>seret</span> <span class='ocrx_word' id='word_1_52' title='bbox 424 463 591 517; x_wconf 81' lang='lat' dir='ltr'>diligens</span> <span class='ocrx_word' id='word_1_53' title='bbox 622 465 819 518; x_wconf 83' lang='lat' dir='ltr'>agricola,</span> <span class='ocrx_word' id='word_1_54' title='bbox 854 478 1017 517; x_wconf 89' lang='lat' dir='ltr'>quarum</span> <span class='ocrx_word' id='word_1_55' title='bbox 1048 464 1236 518; x_wconf 80' lang='lat' dir='ltr'>adspiciet</span> <span class='ocrx_word' id='word_1_56' title='bbox 1264 464 1399 504; x_wconf 87' lang='lat' dir='ltr'>bacam</span> <span class='ocrx_word' id='word_1_57' title='bbox 1431 463 1515 518; x_wconf 83' lang='lat' dir='ltr'>ipsc</span> 
     </span>
    </p>
   </div>
   <div class='ocr_carea' id='block_1_5' title="bbox 105 520 1576 1078">
    <p class='ocr_par' dir='ltr' id='par_1_5' title="bbox 105 520 1576 1078">
     <span class='ocr_line' id='line_1_13' title="bbox 107 520 1514 574; baseline 0.001 -14"><span class='ocrx_word' id='word_1_58' title='bbox 107 534 342 573; x_wconf 83' lang='lat' dir='ltr'>numquam:</span> <span class='ocrx_word' id='word_1_59' title='bbox 377 520 439 560; x_wconf 88' lang='lat' dir='ltr'>vir</span> <span class='ocrx_word' id='word_1_60' title='bbox 459 535 622 574; x_wconf 88' lang='lat' dir='ltr'>magnus</span> <span class='ocrx_word' id='word_1_61' title='bbox 646 521 769 573; x_wconf 81' lang='lat' dir='ltr'>leges,</span> <span class='ocrx_word' id='word_1_62' title='bbox 803 521 997 567; x_wconf 84' lang='lat' dir='ltr'>instituta,</span> <span class='ocrx_word' id='word_1_63' title='bbox 1031 534 1112 560; x_wconf 87' lang='lat' dir='ltr'>rem</span> <span class='ocrx_word' id='word_1_64' title='bbox 1137 521 1328 573; x_wconf 78' lang='lat' dir='ltr'>publicam</span> <span class='ocrx_word' id='word_1_65' title='bbox 1353 534 1430 561; x_wconf 91' lang='lat' dir='ltr'>non</span> <span class='ocrx_word' id='word_1_66' title='bbox 1453 533 1514 561; x_wconf 83' lang='lat' dir='ltr'>se-</span> 
     </span>
     <span class='ocr_line' id='line_1_14' title="bbox 106 576 1513 630; baseline -0.001 -14"><span class='ocrx_word' id='word_1_67' title='bbox 106 577 196 617; x_wconf 86' lang='lat' dir='ltr'><strong>ret?</strong></span> <span class='ocrx_word' id='word_1_68' title='bbox 229 576 327 627; x_wconf 85' lang='lat' dir='ltr'>Quid</span> <span class='ocrx_word' id='word_1_69' title='bbox 351 577 574 630; x_wconf 82' lang='lat' dir='ltr'>procreatio</span> <span class='ocrx_word' id='word_1_70' title='bbox 598 577 826 624; x_wconf 88' lang='lat' dir='ltr'>liberorum,</span> <span class='ocrx_word' id='word_1_71' title='bbox 854 577 945 629; x_wconf 92' lang='lat' dir='ltr'>quid</span> <span class='ocrx_word' id='word_1_72' title='bbox 968 577 1195 630; x_wconf 79' lang='lat' dir='ltr'>propagatio</span> <span class='ocrx_word' id='word_1_73' title='bbox 1218 577 1404 627; x_wconf 89' lang='lat' dir='ltr'>nominis,</span> <span class='ocrx_word' id='word_1_74' title='bbox 1426 577 1513 630; x_wconf 84' lang='lat' dir='ltr'>quid</span> 
     </span>
     <span class='ocr_line' id='line_1_15' title="bbox 107 633 1517 688; baseline 0.001 -16"><span class='ocrx_word' id='word_1_75' title='bbox 107 633 380 686; x_wconf 81' lang='lat' dir='ltr'>adoptationes</span> <span class='ocrx_word' id='word_1_76' title='bbox 405 633 586 683; x_wconf 88' lang='lat' dir='ltr'>filiorum,</span> <span class='ocrx_word' id='word_1_77' title='bbox 614 634 704 686; x_wconf 88' lang='lat' dir='ltr'>quid</span> <span class='ocrx_word' id='word_1_78' title='bbox 728 640 1050 672; x_wconf 79' lang='lat' dir='ltr'>testamentorum</span> <span class='ocrx_word' id='word_1_79' title='bbox 1076 633 1293 685; x_wconf 83' lang='lat' dir='ltr'>diligentia,</span> <span class='ocrx_word' id='word_1_80' title='bbox 1321 633 1412 688; x_wconf 81' lang='lat' dir='ltr'>quid</span> <span class='ocrx_word' id='word_1_81' title='bbox 1434 635 1517 687; x_wconf 88' lang='lat' dir='ltr'>ipsa</span> 
     </span>
     <span class='ocr_line' id='line_1_16' title="bbox 106 689 1516 743; baseline 0 -14"><span class='ocrx_word' id='word_1_82' title='bbox 106 690 375 743; x_wconf 87' lang='lat' dir='ltr'>sepulcrorum</span> <span class='ocrx_word' id='word_1_83' title='bbox 406 696 655 729; x_wconf 88' lang='lat' dir='ltr'>monumenta</span> <span class='ocrx_word' id='word_1_84' title='bbox 672 720 681 738; x_wconf 95' lang='lat'>,</span> <span class='ocrx_word' id='word_1_85' title='bbox 717 689 805 741; x_wconf 85' lang='lat' dir='ltr'>quid</span> <span class='ocrx_word' id='word_1_86' title='bbox 835 689 963 742; x_wconf 85' lang='lat' dir='ltr'>elogia</span> <span class='ocrx_word' id='word_1_87' title='bbox 986 689 1230 742; x_wconf 83' lang='lat' dir='ltr'>significant,</span> <span class='ocrx_word' id='word_1_88' title='bbox 1264 690 1339 733; x_wconf 91' lang='lat' dir='ltr'>nisi</span> <span class='ocrx_word' id='word_1_89' title='bbox 1363 704 1434 730; x_wconf 90' lang='lat' dir='ltr'>nos</span> <span class='ocrx_word' id='word_1_90' title='bbox 1459 693 1516 730; x_wconf 72' lang='grc'><strong>111-</strong></span> 
     </span>
     <span class='ocr_line' id='line_1_17' title="bbox 106 745 1576 799; baseline 0.001 -14"><span class='ocrx_word' id='word_1_91' title='bbox 106 753 194 785; x_wconf 86' lang='lat' dir='ltr'>tura</span> <span class='ocrx_word' id='word_1_92' title='bbox 217 746 332 786; x_wconf 89' lang='lat' dir='ltr'>etiam</span> <span class='ocrx_word' id='word_1_93' title='bbox 356 746 560 798; x_wconf 81' lang='lat' dir='ltr'>cogitare?</span> <span class='ocrx_word' id='word_1_94' title='bbox 598 745 696 796; x_wconf 84' lang='lat' dir='ltr'>Quid</span> <span class='ocrx_word' id='word_1_95' title='bbox 720 745 848 789; x_wconf 84' lang='lat' dir='ltr'>illud?</span> <span class='ocrx_word' id='word_1_96' title='bbox 879 759 969 784; x_wconf 90' lang='lat' dir='ltr'>num</span> <span class='ocrx_word' id='word_1_97' title='bbox 993 745 1173 796; x_wconf 78' lang='lat' dir='ltr'>dubitas,</span> <span class='ocrx_word' id='word_1_98' title='bbox 1206 746 1296 798; x_wconf 90' lang='lat' dir='ltr'>quin</span> <span class='ocrx_word' id='word_1_99' title='bbox 1321 746 1518 799; x_wconf 79' lang='lat' dir='ltr'>specimen</span> <span class='ocrx_word' id='word_1_100' title='bbox 1535 755 1576 787; x_wconf 76' lang='lat'>32</span> 
     </span>
     <span class='ocr_line' id='line_1_18' title="bbox 107 802 1518 855; baseline 0 -14"><span class='ocrx_word' id='word_1_101' title='bbox 107 809 271 842; x_wconf 89' lang='lat' dir='ltr'>naturae</span> <span class='ocrx_word' id='word_1_102' title='bbox 295 802 379 855; x_wconf 91' lang='lat' dir='ltr'>capi</span> <span class='ocrx_word' id='word_1_103' title='bbox 401 802 535 842; x_wconf 86' lang='lat' dir='ltr'>deceat</span> <span class='ocrx_word' id='word_1_104' title='bbox 560 816 611 842; x_wconf 80' lang='lat' dir='ltr'>ex</span> <span class='ocrx_word' id='word_1_105' title='bbox 634 802 777 855; x_wconf 88' lang='lat' dir='ltr'>optima</span> <span class='ocrx_word' id='word_1_106' title='bbox 801 816 950 855; x_wconf 89' lang='lat' dir='ltr'>quaque</span> <span class='ocrx_word' id='word_1_107' title='bbox 973 804 1141 842; x_wconf 83' lang='lat' dir='ltr'>natura?</span> <span class='ocrx_word' id='word_1_108' title='bbox 1172 816 1269 855; x_wconf 83' lang='lat' dir='ltr'>quac</span> <span class='ocrx_word' id='word_1_109' title='bbox 1297 810 1357 842; x_wconf 86' lang='lat' dir='ltr'>est</span> <span class='ocrx_word' id='word_1_110' title='bbox 1378 803 1518 842; x_wconf 87' lang='lat' dir='ltr'>melior</span> 
     </span>
     <span class='ocr_line' id='line_1_19' title="bbox 105 858 1517 912; baseline 0 -15"><span class='ocrx_word' id='word_1_111' title='bbox 105 859 224 912; x_wconf 82' lang='lat' dir='ltr'>igitur</span> <span class='ocrx_word' id='word_1_112' title='bbox 245 858 285 898; x_wconf 88' lang='lat' dir='ltr'>in</span> <span class='ocrx_word' id='word_1_113' title='bbox 309 859 507 898; x_wconf 88' lang='lat' dir='ltr'>hominum</span> <span class='ocrx_word' id='word_1_114' title='bbox 531 872 677 912; x_wconf 83' lang='lat' dir='ltr'>genere</span> <span class='ocrx_word' id='word_1_115' title='bbox 701 865 866 908; x_wconf 88' lang='lat' dir='ltr'>natura,</span> <span class='ocrx_word' id='word_1_116' title='bbox 901 872 1014 912; x_wconf 90' lang='lat' dir='ltr'>quam</span> <span class='ocrx_word' id='word_1_117' title='bbox 1039 873 1195 907; x_wconf 89' lang='lat' dir='ltr'>eorum,</span> <span class='ocrx_word' id='word_1_118' title='bbox 1233 858 1298 911; x_wconf 88' lang='lat' dir='ltr'>qui</span> <span class='ocrx_word' id='word_1_119' title='bbox 1331 871 1372 898; x_wconf 87' lang='lat' dir='ltr'>se</span> <span class='ocrx_word' id='word_1_120' title='bbox 1403 865 1517 898; x_wconf 88' lang='lat' dir='ltr'>natos</span> 
     </span>
     <span class='ocr_line' id='line_1_20' title="bbox 106 915 1517 965; baseline 0 -11"><span class='ocrx_word' id='word_1_121' title='bbox 106 915 153 954; x_wconf 94' lang='lat' dir='ltr'>ad</span> <span class='ocrx_word' id='word_1_122' title='bbox 185 915 362 955; x_wconf 89' lang='lat' dir='ltr'>homines</span> <span class='ocrx_word' id='word_1_123' title='bbox 394 915 612 964; x_wconf 85' lang='lat' dir='ltr'>iuvandos,</span> <span class='ocrx_word' id='word_1_124' title='bbox 659 916 868 965; x_wconf 87' lang='lat' dir='ltr'>tutandos,</span> <span class='ocrx_word' id='word_1_125' title='bbox 913 916 1207 956; x_wconf 86' lang='lat' dir='ltr'>conservandos</span> <span class='ocrx_word' id='word_1_126' title='bbox 1245 915 1517 965; x_wconf 82' lang='lat' dir='ltr'>arbitrantur?</span> 
     </span>
     <span class='ocr_line' id='line_1_21' title="bbox 105 970 1517 1025; baseline 0 -15"><span class='ocrx_word' id='word_1_127' title='bbox 105 970 211 1010; x_wconf 83' lang='lat' dir='ltr'>Abiit</span> <span class='ocrx_word' id='word_1_128' title='bbox 239 972 284 1011; x_wconf 89' lang='lat' dir='ltr'>ad</span> <span class='ocrx_word' id='word_1_129' title='bbox 315 972 408 1012; x_wconf 90' lang='lat' dir='ltr'>deos</span> <span class='ocrx_word' id='word_1_130' title='bbox 432 972 646 1012; x_wconf 85' lang='lat' dir='ltr'>Hercules:</span> <span class='ocrx_word' id='word_1_131' title='bbox 682 986 890 1025; x_wconf 84' lang='lat' dir='ltr'>numquam</span> <span class='ocrx_word' id='word_1_132' title='bbox 921 972 1092 1022; x_wconf 82' lang='lat' dir='ltr'>abisset,</span> <span class='ocrx_word' id='word_1_133' title='bbox 1128 973 1226 1022; x_wconf 86' lang='lat' dir='ltr'>nisi,</span> <span class='ocrx_word' id='word_1_134' title='bbox 1260 986 1375 1025; x_wconf 90' lang='lat' dir='ltr'>quum</span> <span class='ocrx_word' id='word_1_135' title='bbox 1410 971 1517 1011; x_wconf 86' lang='lat' dir='ltr'>inter</span> 
     </span>
     <span class='ocr_line' id='line_1_22' title="bbox 107 1026 1517 1078; baseline -0.001 -10"><span class='ocrx_word' id='word_1_136' title='bbox 107 1028 285 1068; x_wconf 86' lang='lat' dir='ltr'>homines</span> <span class='ocrx_word' id='word_1_137' title='bbox 309 1035 440 1078; x_wconf 87' lang='lat' dir='ltr'>esset,</span> <span class='ocrx_word' id='word_1_138' title='bbox 471 1043 555 1068; x_wconf 87' lang='lat' dir='ltr'>eam</span> <span class='ocrx_word' id='word_1_139' title='bbox 579 1028 652 1068; x_wconf 86' lang='lat' dir='ltr'>sibi</span> <span class='ocrx_word' id='word_1_140' title='bbox 675 1028 779 1068; x_wconf 76' lang='lat' dir='ltr'>viam</span> <span class='ocrx_word' id='word_1_141' title='bbox 804 1029 1048 1069; x_wconf 86' lang='lat' dir='ltr'>munivisset.</span> <span class='ocrx_word' id='word_1_142' title='bbox 1095 1026 1241 1068; x_wconf 79' lang='lat' dir='ltr'>Vetera</span> <span class='ocrx_word' id='word_1_143' title='bbox 1273 1029 1347 1068; x_wconf 87' lang='lat' dir='ltr'>iam</span> <span class='ocrx_word' id='word_1_144' title='bbox 1379 1028 1456 1068; x_wconf 90' lang='lat' dir='ltr'>ista</span> <span class='ocrx_word' id='word_1_145' title='bbox 1479 1035 1517 1068; x_wconf 89' lang='lat' dir='ltr'>et</span> 
     </span>
    </p>
   </div>
   <div class='ocr_carea' id='block_1_6' title="bbox 106 1084 761 1138">
    <p class='ocr_par' dir='ltr' id='par_1_6' title="bbox 106 1084 761 1138">
     <span class='ocr_line' id='line_1_23' title="bbox 106 1084 761 1138; baseline 0.002 -14"><span class='ocrx_word' id='word_1_146' title='bbox 106 1084 298 1138; x_wconf 83' lang='lat' dir='ltr'>religione</span> <span class='ocrx_word' id='word_1_147' title='bbox 321 1085 492 1125; x_wconf 86' lang='lat' dir='ltr'>omnium</span> <span class='ocrx_word' id='word_1_148' title='bbox 517 1092 761 1126; x_wconf 84' lang='lat' dir='ltr'>consecrata.</span> 
     </span>
    </p>
   </div>
   <div class='ocr_carea' id='block_1_7' title="bbox 221 1140 1587 1196">
    <p class='ocr_par' dir='ltr' id='par_1_7' title="bbox 221 1140 1587 1196">
     <span class='ocr_line' id='line_1_24' title="bbox 221 1140 1587 1196; baseline -0.001 -14"><span class='ocrx_word' id='word_1_149' title='bbox 221 1141 319 1192; x_wconf 86' lang='lat' dir='ltr'>Quid</span> <span class='ocrx_word' id='word_1_150' title='bbox 350 1142 389 1181; x_wconf 90' lang='lat' dir='ltr'>in</span> <span class='ocrx_word' id='word_1_151' title='bbox 421 1141 492 1181; x_wconf 89' lang='lat' dir='ltr'>hac</span> <span class='ocrx_word' id='word_1_152' title='bbox 523 1142 721 1196; x_wconf 82' lang='lat' dir='ltr'>republica</span> <span class='ocrx_word' id='word_1_153' title='bbox 757 1149 814 1181; x_wconf 77' lang='lat' dir='ltr'>tot</span> <span class='ocrx_word' id='word_1_154' title='bbox 845 1149 1051 1194; x_wconf 83' lang='lat' dir='ltr'>tantosque</span> <span class='ocrx_word' id='word_1_155' title='bbox 1074 1141 1184 1181; x_wconf 86' lang='lat' dir='ltr'>viros</span> <span class='ocrx_word' id='word_1_156' title='bbox 1215 1140 1263 1180; x_wconf 91' lang='lat' dir='ltr'>ob</span> <span class='ocrx_word' id='word_1_157' title='bbox 1286 1154 1368 1180; x_wconf 90' lang='lat' dir='ltr'>rem</span> <span class='ocrx_word' id='word_1_158' title='bbox 1392 1140 1517 1194; x_wconf 90' lang='lat' dir='ltr'>publi-</span> <span class='ocrx_word' id='word_1_159' title='bbox 1535 1141 1587 1185; x_wconf 85' lang='lat'>15</span> 
     </span>
    </p>
   </div>
   <div class='ocr_carea' id='block_1_8' title="bbox 104 1196 1575 1478">
    <p class='ocr_par' dir='ltr' id='par_1_8' title="bbox 104 1196 1575 1478">
     <span class='ocr_line' id='line_1_25' title="bbox 106 1196 1516 1252; baseline -0.001 -15"><span class='ocrx_word' id='word_1_160' title='bbox 106 1211 191 1237; x_wconf 82' lang='lat' dir='ltr'>cam</span> <span class='ocrx_word' id='word_1_161' title='bbox 205 1199 432 1238; x_wconf 84' lang='lat' dir='ltr'>interfectos</span> <span class='ocrx_word' id='word_1_162' title='bbox 445 1198 641 1252; x_wconf 82' lang='lat' dir='ltr'>cogitasse</span> <span class='ocrx_word' id='word_1_163' title='bbox 657 1198 921 1238; x_wconf 82' lang='lat' dir='ltr'>arbitramur?</span> <span class='ocrx_word' id='word_1_164' title='bbox 943 1198 1134 1238; x_wconf 88' lang='lat' dir='ltr'>iisdemne</span> <span class='ocrx_word' id='word_1_165' title='bbox 1153 1205 1192 1238; x_wconf 90' lang='lat' dir='ltr'>ut</span> <span class='ocrx_word' id='word_1_166' title='bbox 1212 1196 1351 1236; x_wconf 88' lang='lat' dir='ltr'>finibus</span> <span class='ocrx_word' id='word_1_167' title='bbox 1372 1210 1516 1237; x_wconf 88' lang='lat' dir='ltr'>nomen</span> 
     </span>
     <span class='ocr_line' id='line_1_26' title="bbox 106 1254 1517 1308; baseline -0.001 -15"><span class='ocrx_word' id='word_1_168' title='bbox 106 1267 239 1304; x_wconf 85' lang='lat' dir='ltr'>suum,</span> <span class='ocrx_word' id='word_1_169' title='bbox 273 1254 412 1307; x_wconf 84' lang='lat' dir='ltr'>quibus</span> <span class='ocrx_word' id='word_1_170' title='bbox 434 1255 540 1305; x_wconf 87' lang='lat' dir='ltr'>vita,</span> <span class='ocrx_word' id='word_1_171' title='bbox 575 1255 885 1295; x_wconf 85' lang='lat' dir='ltr'>terminaretur?</span> <span class='ocrx_word' id='word_1_172' title='bbox 915 1254 1040 1295; x_wconf 88' lang='lat' dir='ltr'>Nemo</span> <span class='ocrx_word' id='word_1_173' title='bbox 1063 1269 1241 1308; x_wconf 87' lang='lat' dir='ltr'>umquam</span> <span class='ocrx_word' id='word_1_174' title='bbox 1267 1255 1352 1294; x_wconf 87' lang='lat' dir='ltr'>sine</span> <span class='ocrx_word' id='word_1_175' title='bbox 1376 1268 1517 1307; x_wconf 85' lang='lat' dir='ltr'>magna</span> 
     </span>
     <span class='ocr_line' id='line_1_27' title="bbox 105 1310 1575 1365; baseline -0.001 -15"><span class='ocrx_word' id='word_1_176' title='bbox 105 1324 172 1363; x_wconf 90' lang='lat' dir='ltr'>spe</span> <span class='ocrx_word' id='word_1_177' title='bbox 196 1311 500 1351; x_wconf 84' lang='lat' dir='ltr'>immortalitatis</span> <span class='ocrx_word' id='word_1_178' title='bbox 524 1326 567 1352; x_wconf 90' lang='lat' dir='ltr'>se</span> <span class='ocrx_word' id='word_1_179' title='bbox 588 1326 656 1364; x_wconf 83' lang='lat' dir='ltr'>pro</span> <span class='ocrx_word' id='word_1_180' title='bbox 674 1311 800 1365; x_wconf 89' lang='lat' dir='ltr'>patria</span> <span class='ocrx_word' id='word_1_181' title='bbox 819 1312 979 1352; x_wconf 82' lang='lat' dir='ltr'>offerret</span> <span class='ocrx_word' id='word_1_182' title='bbox 998 1312 1044 1351; x_wconf 90' lang='lat' dir='ltr'>ad</span> <span class='ocrx_word' id='word_1_183' title='bbox 1062 1318 1243 1351; x_wconf 87' lang='lat' dir='ltr'>mortem.</span> <span class='ocrx_word' id='word_1_184' title='bbox 1278 1310 1409 1350; x_wconf 89' lang='lat' dir='ltr'>Licuit</span> <span class='ocrx_word' id='word_1_185' title='bbox 1428 1324 1515 1351; x_wconf 85' lang='lat' dir='ltr'>esse</span> <span class='ocrx_word' id='word_1_186' title='bbox 1534 1318 1575 1349; x_wconf 65' lang='lat'>33.</span> 
     </span>
     <span class='ocr_line' id='line_1_28' title="bbox 106 1368 1516 1423; baseline 0 -16"><span class='ocrx_word' id='word_1_187' title='bbox 106 1368 232 1408; x_wconf 89' lang='lat' dir='ltr'>otioso</span> <span class='ocrx_word' id='word_1_188' title='bbox 255 1369 532 1417; x_wconf 79' lang='lat' dir='ltr'>Themistocli,</span> <span class='ocrx_word' id='word_1_189' title='bbox 566 1369 675 1408; x_wconf 86' lang='lat' dir='ltr'>licuit</span> <span class='ocrx_word' id='word_1_190' title='bbox 703 1369 1025 1423; x_wconf 86' lang='lat' dir='ltr'>Epaminondae,</span> <span class='ocrx_word' id='word_1_191' title='bbox 1060 1369 1194 1417; x_wconf 88' lang='lat' dir='ltr'>licuit,</span> <span class='ocrx_word' id='word_1_192' title='bbox 1232 1381 1280 1407; x_wconf 91' lang='grc'>116</span> <span class='ocrx_word' id='word_1_193' title='bbox 1311 1374 1350 1406; x_wconf 89' lang='lat' dir='ltr'>et</span> <span class='ocrx_word' id='word_1_194' title='bbox 1378 1375 1516 1408; x_wconf 77' lang='lat' dir='ltr'>vetera</span> 
     </span>
     <span class='ocr_line' id='line_1_29' title="bbox 104 1423 1516 1478; baseline -0.001 -14"><span class='ocrx_word' id='word_1_195' title='bbox 104 1431 143 1464; x_wconf 89' lang='lat' dir='ltr'>et</span> <span class='ocrx_word' id='word_1_196' title='bbox 164 1431 332 1464; x_wconf 82' lang='lat' dir='ltr'>externa</span> <span class='ocrx_word' id='word_1_197' title='bbox 355 1438 555 1477; x_wconf 84' lang='lat' dir='ltr'>quaeram,</span> <span class='ocrx_word' id='word_1_198' title='bbox 583 1425 698 1476; x_wconf 72' lang='lat' dir='ltr'>inihi,</span> <span class='ocrx_word' id='word_1_199' title='bbox 735 1425 819 1475; x_wconf 90' lang='lat' dir='ltr'>sed,</span> <span class='ocrx_word' id='word_1_200' title='bbox 846 1426 980 1466; x_wconf 86' lang='lat' dir='ltr'>nescio</span> <span class='ocrx_word' id='word_1_201' title='bbox 1004 1439 1078 1478; x_wconf 87' lang='lat' dir='ltr'>quo</span> <span class='ocrx_word' id='word_1_202' title='bbox 1102 1426 1232 1474; x_wconf 85' lang='lat' dir='ltr'>modo,</span> <span class='ocrx_word' id='word_1_203' title='bbox 1266 1423 1447 1464; x_wconf 85' lang='lat' dir='ltr'>inhaeret</span> <span class='ocrx_word' id='word_1_204' title='bbox 1477 1425 1516 1463; x_wconf 90' lang='lat' dir='ltr'>in</span> 
     </span>
    </p>
   </div>
   <div class='ocr_carea' id='block_1_9' title="bbox 104 1569 781 2612">
    <p class='ocr_par' dir='ltr' id='par_1_9' title="bbox 106 1569 778 1649">
     <span class='ocr_line' id='line_1_30' title="bbox 150 1569 778 1608; baseline 0.002 -5"><span class='ocrx_word' id='word_1_205' title='bbox 150 1569 212 1608; x_wconf 82' lang='lat'>14.</span> <span class='ocrx_word' id='word_1_206' title='bbox 239 1572 295 1603; x_wconf 84' lang='lat'>31.</span> <span class='ocrx_word' id='word_1_207' title='bbox 325 1572 424 1604; x_wconf 71' lang='lat' dir='ltr'>Scy-it</span> <span class='ocrx_word' id='word_1_208' title='bbox 446 1578 510 1604; x_wconf 89' lang='lat' dir='ltr'>etc.</span> <span class='ocrx_word' id='word_1_209' title='bbox 538 1572 778 1605; x_wconf 49' lang='lat' dir='ltr'>§Vahrschein-</span> 
     </span>
     <span class='ocr_line' id='line_1_31' title="bbox 106 1617 525 1649; baseline 0 -1"><span class='ocrx_word' id='word_1_210' title='bbox 106 1617 171 1649; x_wconf 88' lang='lat' dir='ltr'>lich</span> <span class='ocrx_word' id='word_1_211' title='bbox 190 1627 302 1648; x_wconf 85' lang='lat' dir='ltr'>waren</span> <span class='ocrx_word' id='word_1_212' title='bbox 322 1628 356 1649; x_wconf 89' lang='lat' dir='ltr'>es</span> <span class='ocrx_word' id='word_1_213' title='bbox 376 1618 502 1649; x_wconf 85' lang='lat' dir='ltr'>Cretici</span> <span class='ocrx_word' id='word_1_214' title='bbox 520 1630 525 1648; x_wconf 93' lang='lat'>:</span> 
     </span>
    </p>

    <p class='ocr_par' dir='ltr' id='par_1_10' title="bbox 105 1663 778 1749">
     <span class='ocr_line' id='line_1_32' title="bbox 138 1663 655 1703; baseline -0.004 -8"><span class='ocrx_word' id='word_1_215' title='bbox 138 1689 146 1703; x_wconf 63' lang='grc' dir='ltr'><em>Ι</em></span> <span class='ocrx_word' id='word_1_216' title='bbox 497 1681 539 1685; x_wconf 86' lang='lat'>—-—</span> <span class='ocrx_word' id='word_1_217' title='bbox 558 1663 655 1695; x_wconf 67' lang='lat' dir='ltr'>Serit</span> 
     </span>
     <span class='ocr_line' id='line_1_33' title="bbox 105 1705 778 1749; baseline -0.003 -9"><span class='ocrx_word' id='word_1_218' title='bbox 105 1709 274 1748; x_wconf 77' lang='lat' dir='ltr'>Arbores,</span> <span class='ocrx_word' id='word_1_219' title='bbox 300 1718 390 1749; x_wconf 81' lang='lat' dir='ltr'>quae</span> <span class='ocrx_word' id='word_1_220' title='bbox 407 1706 518 1739; x_wconf 67' lang='lat' dir='ltr'>alteri</span> <span class='ocrx_word' id='word_1_221' title='bbox 532 1707 676 1739; x_wconf 70' lang='lat' dir='ltr'>sae&#39;euln</span> <span class='ocrx_word' id='word_1_222' title='bbox 691 1705 778 1749; x_wconf 71' lang='lat' dir='ltr'>prti-</span> 
     </span>
    </p>

    <p class='ocr_par' dir='ltr' id='par_1_11' title="bbox 106 1757 781 1933">
     <span class='ocr_line' id='line_1_34' title="bbox 622 1757 765 1785; baseline 0 0"><span class='ocrx_word' id='word_1_223' title='bbox 622 1757 729 1785; x_wconf 64' lang='lat' dir='ltr'>stent.</span> <span class='ocrx_word' id='word_1_224' title='bbox 762 1758 765 1759; x_wconf 73' lang='grc'>’</span> 
     </span>
     <span class='ocr_line' id='line_1_35' title="bbox 106 1798 775 1831; baseline 0 0"><span class='ocrx_word' id='word_1_225' title='bbox 106 1798 197 1831; x_wconf 89' lang='lat' dir='ltr'>Nach</span> <span class='ocrx_word' id='word_1_226' title='bbox 209 1799 343 1830; x_wconf 86' lang='lat' dir='ltr'>Andern</span> <span class='ocrx_word' id='word_1_227' title='bbox 363 1798 415 1830; x_wconf 88' lang='grc'><strong>6111</strong></span> <span class='ocrx_word' id='word_1_228' title='bbox 431 1798 635 1830; x_wconf 81' lang='lat' dir='ltr'>iainbisclier</span> <span class='ocrx_word' id='word_1_229' title='bbox 648 1798 775 1831; x_wconf 89' lang='lat' dir='ltr'>Senar:</span> 
     </span>
     <span class='ocr_line' id='line_1_36' title="bbox 106 1843 781 1886; baseline -0.003 -9"><span class='ocrx_word' id='word_1_230' title='bbox 106 1844 205 1877; x_wconf 77' lang='lat' dir='ltr'>Serz&#39;t</span> <span class='ocrx_word' id='word_1_231' title='bbox 221 1843 368 1876; x_wconf 75' lang='lat' dir='ltr'>arbores</span> <span class='ocrx_word' id='word_1_232' title='bbox 395 1854 485 1886; x_wconf 78' lang='lat' dir='ltr'>qnae</span> <span class='ocrx_word' id='word_1_233' title='bbox 502 1843 619 1875; x_wconf 78' lang='lat' dir='ltr'>sae&#39;elo</span> <span class='ocrx_word' id='word_1_234' title='bbox 633 1846 781 1886; x_wconf 71' lang='lat' dir='ltr'>prosint</span> 
     </span>
     <span class='ocr_line' id='line_1_37' title="bbox 284 1889 725 1933; baseline 0 -12"><span class='ocrx_word' id='word_1_235' title='bbox 284 1930 286 1933; x_wconf 91' lang='lat'>.</span> <span class='ocrx_word' id='word_1_236' title='bbox 603 1889 725 1921; x_wconf 68' lang='lat' dir='ltr'>alteri.</span> 
     </span>
    </p>

    <p class='ocr_par' dir='ltr' id='par_1_12' title="bbox 104 1935 777 2159">
     <span class='ocr_line' id='line_1_38' title="bbox 150 1935 775 1979; baseline 0 -12"><span class='ocrx_word' id='word_1_237' title='bbox 150 1939 191 1967; x_wconf 73' lang='lat' dir='ltr'>ut</span> <span class='ocrx_word' id='word_1_238' title='bbox 207 1937 261 1967; x_wconf 75' lang='lat' dir='ltr'>ait</span> <span class='ocrx_word' id='word_1_239' title='bbox 275 1937 309 1967; x_wconf 81' lang='lat' dir='ltr'>z‘n</span> <span class='ocrx_word' id='word_1_240' title='bbox 328 1935 557 1979; x_wconf 74' lang='lat' dir='ltr'>Synephebis,</span> <span class='ocrx_word' id='word_1_241' title='bbox 580 1936 688 1978; x_wconf 83' lang='lat' dir='ltr'>suppl.</span> <span class='ocrx_word' id='word_1_242' title='bbox 705 1936 775 1967; x_wconf 73' lang='lat' dir='ltr'>ille.</span> 
     </span>
     <span class='ocr_line' id='line_1_39' title="bbox 105 1981 774 2023; baseline 0 -11"><span class='ocrx_word' id='word_1_243' title='bbox 105 1981 312 2023; x_wconf 78' lang='grc' dir='ltr'><em>Συνέφηβοι</em></span> <span class='ocrx_word' id='word_1_244' title='bbox 349 1981 438 2022; x_wconf 83' lang='grc'><strong>,,(116</strong></span> <span class='ocrx_word' id='word_1_245' title='bbox 462 1981 774 2022; x_wconf 77' lang='lat' dir='ltr'>Jugendfreunde“</span> 
     </span>
     <span class='ocr_line' id='line_1_40' title="bbox 105 2025 776 2067; baseline 0.001 -10"><span class='ocrx_word' id='word_1_246' title='bbox 105 2027 179 2058; x_wconf 89' lang='lat' dir='ltr'>eine</span> <span class='ocrx_word' id='word_1_247' title='bbox 191 2025 352 2058; x_wconf 67' lang='lat' dir='ltr'>Romadie</span> <span class='ocrx_word' id='word_1_248' title='bbox 370 2027 427 2058; x_wconf 87' lang='lat' dir='ltr'>des</span> <span class='ocrx_word' id='word_1_249' title='bbox 440 2025 636 2067; x_wconf 86' lang='lat' dir='ltr'>Menander,</span> <span class='ocrx_word' id='word_1_250' title='bbox 650 2027 776 2058; x_wconf 84' lang='lat' dir='ltr'>welche</span> 
     </span>
     <span class='ocr_line' id='line_1_41' title="bbox 104 2071 777 2113; baseline -0.001 -10"><span class='ocrx_word' id='word_1_251' title='bbox 104 2072 232 2104; x_wconf 91' lang='lat' dir='ltr'>Statius</span> <span class='ocrx_word' id='word_1_252' title='bbox 260 2071 431 2104; x_wconf 83' lang='lat' dir='ltr'>Caecilius</span> <span class='ocrx_word' id='word_1_253' title='bbox 464 2075 572 2113; x_wconf 82' lang='lat' dir='ltr'>(gest.</span> <span class='ocrx_word' id='word_1_254' title='bbox 604 2072 692 2113; x_wconf 74' lang='lat'>168)</span> <span class='ocrx_word' id='word_1_255' title='bbox 727 2072 777 2103; x_wconf 84' lang='lat' dir='ltr'>ins</span> 
     </span>
     <span class='ocr_line' id='line_1_42' title="bbox 104 2117 514 2159; baseline 0 -10"><span class='ocrx_word' id='word_1_256' title='bbox 104 2117 322 2150; x_wconf 85' lang='lat' dir='ltr'>Lateinische</span> <span class='ocrx_word' id='word_1_257' title='bbox 340 2117 514 2159; x_wconf 81' lang='lat' dir='ltr'>iibertrug.</span> 
     </span>
    </p>

    <p class='ocr_par' dir='ltr' id='par_1_13' title="bbox 104 2164 778 2478">
     <span class='ocr_line' id='line_1_43' title="bbox 151 2164 777 2206; baseline -0.003 -11"><span class='ocrx_word' id='word_1_258' title='bbox 151 2164 298 2195; x_wconf 78' lang='lat' dir='ltr'>arbores</span> <span class='ocrx_word' id='word_1_259' title='bbox 316 2166 463 2195; x_wconf 77' lang='lat' dir='ltr'>seret—</span> <span class='ocrx_word' id='word_1_260' title='bbox 478 2164 570 2206; x_wconf 76' lang='lat' dir='ltr'>leges</span> <span class='ocrx_word' id='word_1_261' title='bbox 582 2172 706 2194; x_wconf 76' lang='lat' dir='ltr'>——non</span> <span class='ocrx_word' id='word_1_262' title='bbox 725 2173 777 2193; x_wconf 77' lang='lat' dir='ltr'>se-</span> 
     </span>
     <span class='ocr_line' id='line_1_44' title="bbox 104 2207 778 2251; baseline -0.001 -11"><span class='ocrx_word' id='word_1_263' title='bbox 104 2212 184 2240; x_wconf 70' lang='lat' dir='ltr'>ret?</span> <span class='ocrx_word' id='word_1_264' title='bbox 201 2219 229 2240; x_wconf 87' lang='lat' dir='ltr'>s.</span> <span class='ocrx_word' id='word_1_265' title='bbox 248 2208 368 2251; x_wconf 85' lang='lat' dir='ltr'>Zumpt</span> <span class='ocrx_word' id='word_1_266' title='bbox 386 2208 403 2250; x_wconf 86' lang='lat'>§</span> <span class='ocrx_word' id='word_1_267' title='bbox 420 2209 497 2240; x_wconf 76' lang='lat'>781.</span> <span class='ocrx_word' id='word_1_268' title='bbox 524 2208 584 2239; x_wconf 87' lang='lat' dir='ltr'>Die</span> <span class='ocrx_word' id='word_1_269' title='bbox 603 2207 778 2250; x_wconf 86' lang='lat' dir='ltr'>Metapher</span> 
     </span>
     <span class='ocr_line' id='line_1_45' title="bbox 104 2253 775 2286; baseline -0.001 -1"><span class='ocrx_word' id='word_1_270' title='bbox 104 2254 149 2286; x_wconf 91' lang='lat' dir='ltr'>ist</span> <span class='ocrx_word' id='word_1_271' title='bbox 166 2253 240 2285; x_wconf 89' lang='lat' dir='ltr'>hier</span> <span class='ocrx_word' id='word_1_272' title='bbox 258 2254 424 2286; x_wconf 85' lang='lat' dir='ltr'>natiirlich</span> <span class='ocrx_word' id='word_1_273' title='bbox 444 2255 547 2285; x_wconf 86' lang='lat' dir='ltr'>durch</span> <span class='ocrx_word' id='word_1_274' title='bbox 569 2255 626 2285; x_wconf 87' lang='lat' dir='ltr'>das</span> <span class='ocrx_word' id='word_1_275' title='bbox 639 2254 775 2285; x_wconf 76' lang='lat' dir='ltr'>vorlici·-</span> 
     </span>
     <span class='ocr_line' id='line_1_46' title="bbox 104 2299 775 2340; baseline 0 -10"><span class='ocrx_word' id='word_1_276' title='bbox 104 2300 180 2340; x_wconf 85' lang='lat' dir='ltr'>geh.</span> <span class='ocrx_word' id='word_1_277' title='bbox 197 2300 343 2332; x_wconf 80' lang='lat' dir='ltr'>arbores</span> <span class='ocrx_word' id='word_1_278' title='bbox 361 2304 458 2331; x_wconf 78' lang='lat' dir='ltr'>seret</span> <span class='ocrx_word' id='word_1_279' title='bbox 473 2300 676 2339; x_wconf 80' lang='lat' dir='ltr'>veranlasst,</span> <span class='ocrx_word' id='word_1_280' title='bbox 694 2299 775 2330; x_wconf 90' lang='lat' dir='ltr'>doch</span> 
     </span>
     <span class='ocr_line' id='line_1_47' title="bbox 106 2344 775 2385; baseline 0 -10"><span class='ocrx_word' id='word_1_281' title='bbox 106 2344 228 2376; x_wconf 84' lang='lat' dir='ltr'>kommt</span> <span class='ocrx_word' id='word_1_282' title='bbox 247 2345 295 2377; x_wconf 89' lang='lat' dir='ltr'>sie</span> <span class='ocrx_word' id='word_1_283' title='bbox 314 2345 398 2377; x_wconf 87' lang='lat' dir='ltr'>auch</span> <span class='ocrx_word' id='word_1_284' title='bbox 418 2350 510 2376; x_wconf 88' lang='lat' dir='ltr'>sonst</span> <span class='ocrx_word' id='word_1_285' title='bbox 528 2355 600 2385; x_wconf 83' lang='lat' dir='ltr'>vor,</span> <span class='ocrx_word' id='word_1_286' title='bbox 626 2355 657 2376; x_wconf 89' lang='lat' dir='ltr'>z.</span> <span class='ocrx_word' id='word_1_287' title='bbox 677 2345 712 2375; x_wconf 89' lang='grc' dir='ltr'>Β.</span> <span class='ocrx_word' id='word_1_288' title='bbox 737 2344 775 2375; x_wconf 87' lang='grc'>(16</span> 
     </span>
     <span class='ocr_line' id='line_1_48' title="bbox 106 2390 776 2431; baseline -0.001 -10"><span class='ocrx_word' id='word_1_289' title='bbox 106 2390 171 2431; x_wconf 85' lang='lat' dir='ltr'>leg.</span> <span class='ocrx_word' id='word_1_290' title='bbox 193 2390 218 2422; x_wconf 92' lang='lat'>1.</span> <span class='ocrx_word' id='word_1_291' title='bbox 239 2391 271 2431; x_wconf 81' lang='lat'>6,</span> <span class='ocrx_word' id='word_1_292' title='bbox 293 2390 334 2421; x_wconf 83' lang='lat'>20</span> <span class='ocrx_word' id='word_1_293' title='bbox 350 2402 357 2421; x_wconf 91' lang='lat'>:</span> <span class='ocrx_word' id='word_1_294' title='bbox 376 2390 517 2422; x_wconf 69' lang='lat' dir='ltr'>serendi</span> <span class='ocrx_word' id='word_1_295' title='bbox 532 2393 641 2422; x_wconf 73' lang='lat' dir='ltr'>etiam</span> <span class='ocrx_word' id='word_1_296' title='bbox 659 2400 776 2422; x_wconf 81' lang='lat' dir='ltr'>mores</span> 
     </span>
     <span class='ocr_line' id='line_1_49' title="bbox 105 2436 691 2478; baseline 0.003 -12"><span class='ocrx_word' id='word_1_297' title='bbox 105 2445 167 2467; x_wconf 79' lang='lat' dir='ltr'>nec</span> <span class='ocrx_word' id='word_1_298' title='bbox 182 2438 326 2478; x_wconf 73' lang='lat' dir='ltr'>seriptis</span> <span class='ocrx_word' id='word_1_299' title='bbox 345 2439 465 2468; x_wconf 75' lang='lat' dir='ltr'>omnia</span> <span class='ocrx_word' id='word_1_300' title='bbox 482 2436 691 2468; x_wconf 59' lang='lat' dir='ltr'>sancienda.</span> 
     </span>
    </p>

    <p class='ocr_par' dir='ltr' id='par_1_14' title="bbox 105 2480 777 2612">
     <span class='ocr_line' id='line_1_50' title="bbox 137 2480 777 2524; baseline 0.002 -12"><span class='ocrx_word' id='word_1_301' title='bbox 137 2484 433 2513; x_wconf 72' lang='lat' dir='ltr'>testamentorum</span> <span class='ocrx_word' id='word_1_302' title='bbox 448 2481 651 2524; x_wconf 72' lang='lat' dir='ltr'>diligentia.</span> <span class='ocrx_word' id='word_1_303' title='bbox 666 2480 777 2513; x_wconf 80' lang='lat' dir='ltr'>Neue-</span> 
     </span>
     <span class='ocr_line' id='line_1_51' title="bbox 105 2525 777 2559; baseline 0.001 -3"><span class='ocrx_word' id='word_1_304' title='bbox 105 2535 141 2557; x_wconf 86' lang='lat' dir='ltr'>re</span> <span class='ocrx_word' id='word_1_305' title='bbox 159 2525 318 2558; x_wconf 87' lang='lat' dir='ltr'>Lateiner</span> <span class='ocrx_word' id='word_1_306' title='bbox 335 2527 508 2558; x_wconf 86' lang='lat' dir='ltr'>schreiben</span> <span class='ocrx_word' id='word_1_307' title='bbox 529 2526 700 2559; x_wconf 86' lang='lat' dir='ltr'>schlecht:</span> <span class='ocrx_word' id='word_1_308' title='bbox 727 2527 777 2558; x_wconf 66' lang='lat' dir='ltr'>di-</span> 
     </span>
     <span class='ocr_line' id='line_1_52' title="bbox 105 2570 558 2612; baseline 0.007 -12"><span class='ocrx_word' id='word_1_309' title='bbox 105 2570 250 2612; x_wconf 70' lang='lat' dir='ltr'>ligentia</span> <span class='ocrx_word' id='word_1_310' title='bbox 270 2574 303 2603; x_wconf 80' lang='lat' dir='ltr'>in</span> <span class='ocrx_word' id='word_1_311' title='bbox 325 2590 366 2595; x_wconf 86' lang='lat'>—-</span> <span class='ocrx_word' id='word_1_312' title='bbox 384 2583 417 2604; x_wconf 90' lang='lat' dir='ltr'>u.</span> <span class='ocrx_word' id='word_1_313' title='bbox 437 2572 558 2604; x_wconf 87' lang='lat' dir='ltr'>Aehnl.</span> 
     </span>
    </p>
   </div>
   <div class='ocr_carea' id='block_1_10' title="bbox 844 1569 1524 2602">
    <p class='ocr_par' dir='ltr' id='par_1_15' title="bbox 848 1569 1522 1703">
     <span class='ocr_line' id='line_1_53' title="bbox 895 1569 1522 1614; baseline -0.003 -11"><span class='ocrx_word' id='word_1_314' title='bbox 895 1574 1010 1614; x_wconf 71' lang='lat' dir='ltr'>elogia</span> <span class='ocrx_word' id='word_1_315' title='bbox 1048 1571 1287 1613; x_wconf 69' lang='lat' dir='ltr'>„Inschril‘ten</span> <span class='ocrx_word' id='word_1_316' title='bbox 1322 1571 1384 1602; x_wconf 88' lang='lat' dir='ltr'>auf</span> <span class='ocrx_word' id='word_1_317' title='bbox 1415 1569 1522 1602; x_wconf 88' lang='lat' dir='ltr'>Grab-</span> 
     </span>
     <span class='ocr_line' id='line_1_54' title="bbox 848 1615 1519 1660; baseline 0 -12"><span class='ocrx_word' id='word_1_318' title='bbox 848 1618 1020 1649; x_wconf 50' lang='lat' dir='ltr'>miilern‘fi</span> <span class='ocrx_word' id='word_1_319' title='bbox 1057 1617 1118 1649; x_wconf 89' lang='lat' dir='ltr'>Ein</span> <span class='ocrx_word' id='word_1_320' title='bbox 1146 1617 1290 1660; x_wconf 87' lang='lat' dir='ltr'>Beispiel</span> <span class='ocrx_word' id='word_1_321' title='bbox 1316 1627 1343 1648; x_wconf 87' lang='lat' dir='ltr'>s.</span> <span class='ocrx_word' id='word_1_322' title='bbox 1372 1616 1447 1648; x_wconf 88' lang='lat' dir='ltr'>Cat.</span> <span class='ocrx_word' id='word_1_323' title='bbox 1473 1615 1519 1648; x_wconf 90' lang='grc' dir='ltr'>Μ.</span> 
     </span>
     <span class='ocr_line' id='line_1_55' title="bbox 851 1663 980 1703; baseline 0 -10"><span class='ocrx_word' id='word_1_324' title='bbox 851 1663 904 1703; x_wconf 77' lang='lat'>17,</span> <span class='ocrx_word' id='word_1_325' title='bbox 925 1664 980 1694; x_wconf 82' lang='lat'>61.</span> 
     </span>
    </p>

    <p class='ocr_par' dir='ltr' id='par_1_16' title="bbox 852 1717 1517 1806">
     <span class='ocr_line' id='line_1_56' title="bbox 893 1717 1517 1760; baseline -0.002 -11"><span class='ocrx_word' id='word_1_326' title='bbox 893 1719 948 1750; x_wconf 82' lang='lat'>32.</span> <span class='ocrx_word' id='word_1_327' title='bbox 997 1719 1092 1760; x_wconf 75' lang='lat' dir='ltr'>Quid</span> <span class='ocrx_word' id='word_1_328' title='bbox 1125 1719 1244 1750; x_wconf 70' lang='lat' dir='ltr'>illud?</span> <span class='ocrx_word' id='word_1_329' title='bbox 1276 1719 1340 1749; x_wconf 76' lang='lat' dir='ltr'>wie</span> <span class='ocrx_word' id='word_1_330' title='bbox 1378 1718 1442 1757; x_wconf 78' lang='lat' dir='ltr'>ll,</span> <span class='ocrx_word' id='word_1_331' title='bbox 1478 1717 1517 1749; x_wconf 69' lang='lat'>25)</span> 
     </span>
     <span class='ocr_line' id='line_1_57' title="bbox 852 1764 1049 1806; baseline -0.01 -10"><span class='ocrx_word' id='word_1_332' title='bbox 852 1764 943 1806; x_wconf 75' lang='lat' dir='ltr'>Quid</span> <span class='ocrx_word' id='word_1_333' title='bbox 961 1765 1049 1796; x_wconf 75' lang='lat' dir='ltr'>hoc?</span> 
     </span>
    </p>

    <p class='ocr_par' dir='ltr' id='par_1_17' title="bbox 847 1818 1523 1988">
     <span class='ocr_line' id='line_1_58' title="bbox 894 1818 1520 1862; baseline -0.003 -11"><span class='ocrx_word' id='word_1_334' title='bbox 894 1822 977 1862; x_wconf 72' lang='lat' dir='ltr'>quin</span> <span class='ocrx_word' id='word_1_335' title='bbox 1010 1822 1185 1862; x_wconf 72' lang='lat' dir='ltr'>specimen</span> <span class='ocrx_word' id='word_1_336' title='bbox 1217 1824 1282 1851; x_wconf 85' lang='lat' dir='ltr'>etc.</span> <span class='ocrx_word' id='word_1_337' title='bbox 1322 1819 1428 1858; x_wconf 85' lang='lat' dir='ltr'>„dass</span> <span class='ocrx_word' id='word_1_338' title='bbox 1462 1818 1520 1850; x_wconf 85' lang='lat' dir='ltr'>das</span> 
     </span>
     <span class='ocr_line' id='line_1_59' title="bbox 847 1864 1519 1907; baseline -0.003 -10"><span class='ocrx_word' id='word_1_339' title='bbox 847 1865 976 1898; x_wconf 78' lang='lat' dir='ltr'>Muster</span> <span class='ocrx_word' id='word_1_340' title='bbox 995 1865 1121 1907; x_wconf 75' lang='lat' dir='ltr'>(ideal)</span> <span class='ocrx_word' id='word_1_341' title='bbox 1141 1865 1194 1896; x_wconf 82' lang='lat' dir='ltr'>fiir</span> <span class='ocrx_word' id='word_1_342' title='bbox 1209 1865 1308 1906; x_wconf 85' lang='lat' dir='ltr'>jedes</span> <span class='ocrx_word' id='word_1_343' title='bbox 1320 1864 1444 1896; x_wconf 54' lang='lat' dir='ltr'>WVesen</span> <span class='ocrx_word' id='word_1_344' title='bbox 1456 1875 1519 1895; x_wconf 76' lang='lat' dir='ltr'>von</span> 
     </span>
     <span class='ocr_line' id='line_1_60' title="bbox 848 1910 1523 1943; baseline -0.003 0"><span class='ocrx_word' id='word_1_345' title='bbox 848 1912 920 1943; x_wconf 87' lang='lat' dir='ltr'>dem</span> <span class='ocrx_word' id='word_1_346' title='bbox 946 1911 1064 1943; x_wconf 85' lang='lat' dir='ltr'>besten</span> <span class='ocrx_word' id='word_1_347' title='bbox 1084 1910 1210 1942; x_wconf 70' lang='lat' dir='ltr'>W&#39;esen</span> <span class='ocrx_word' id='word_1_348' title='bbox 1238 1911 1349 1942; x_wconf 83' lang='lat' dir='ltr'>dieser</span> <span class='ocrx_word' id='word_1_349' title='bbox 1364 1910 1426 1941; x_wconf 88' lang='lat' dir='ltr'>Art</span> <span class='ocrx_word' id='word_1_350' title='bbox 1451 1915 1523 1941; x_wconf 85' lang='lat' dir='ltr'>ent-</span> 
     </span>
     <span class='ocr_line' id='line_1_61' title="bbox 848 1956 1304 1988; baseline -0.002 0"><span class='ocrx_word' id='word_1_351' title='bbox 848 1967 998 1988; x_wconf 80' lang='lat' dir='ltr'>nomnien</span> <span class='ocrx_word' id='word_1_352' title='bbox 1017 1956 1151 1987; x_wconf 75' lang='lat' dir='ltr'>werden</span> <span class='ocrx_word' id='word_1_353' title='bbox 1170 1957 1304 1987; x_wconf 74' lang='lat' dir='ltr'>muss“.</span> 
     </span>
    </p>

    <p class='ocr_par' dir='ltr' id='par_1_18' title="bbox 844 2010 1524 2282">
     <span class='ocr_line' id='line_1_62' title="bbox 891 2010 1522 2054; baseline -0.002 -10"><span class='ocrx_word' id='word_1_354' title='bbox 891 2010 953 2049; x_wconf 80' lang='lat'>15.</span> <span class='ocrx_word' id='word_1_355' title='bbox 992 2013 1086 2054; x_wconf 58' lang='lat' dir='ltr'>Quill</span> <span class='ocrx_word' id='word_1_356' title='bbox 1104 2031 1145 2035; x_wconf 96' lang='lat'><strong>—</strong></span> <span class='ocrx_word' id='word_1_357' title='bbox 1166 2015 1345 2054; x_wconf 74' lang='lat' dir='ltr'>cogitasse</span> <span class='ocrx_word' id='word_1_358' title='bbox 1363 2013 1522 2043; x_wconf 75' lang='lat' dir='ltr'>arbitra-</span> 
     </span>
     <span class='ocr_line' id='line_1_63' title="bbox 847 2057 1519 2098; baseline -0.003 -8"><span class='ocrx_word' id='word_1_359' title='bbox 847 2065 955 2090; x_wconf 71' lang='lat' dir='ltr'>mur?</span> <span class='ocrx_word' id='word_1_360' title='bbox 988 2057 1067 2090; x_wconf 77' lang='lat' dir='ltr'>Wir</span> <span class='ocrx_word' id='word_1_361' title='bbox 1100 2064 1203 2098; x_wconf 82' lang='lat' dir='ltr'>sagen</span> <span class='ocrx_word' id='word_1_362' title='bbox 1238 2058 1280 2089; x_wconf 88' lang='grc'><strong>1111</strong></span> <span class='ocrx_word' id='word_1_363' title='bbox 1306 2057 1519 2089; x_wconf 84' lang='lat' dir='ltr'>Deutschen:</span> 
     </span>
     <span class='ocr_line' id='line_1_64' title="bbox 850 2103 1523 2144; baseline -0.003 -9"><span class='ocrx_word' id='word_1_364' title='bbox 850 2104 1012 2144; x_wconf 82' lang='lat' dir='ltr'>⁷‚worauf</span> <span class='ocrx_word' id='word_1_365' title='bbox 1035 2105 1185 2144; x_wconf 71' lang='lat' dir='ltr'>mogen</span> <span class='ocrx_word' id='word_1_366' title='bbox 1217 2103 1265 2135; x_wconf 90' lang='lat' dir='ltr'>sie</span> <span class='ocrx_word' id='word_1_367' title='bbox 1293 2103 1435 2144; x_wconf 83' lang='lat' dir='ltr'>gedacht</span> <span class='ocrx_word' id='word_1_368' title='bbox 1463 2103 1523 2133; x_wconf 89' lang='lat' dir='ltr'>ha-</span> 
     </span>
     <span class='ocr_line' id='line_1_65' title="bbox 848 2146 1520 2190; baseline -0.003 -10"><span class='ocrx_word' id='word_1_369' title='bbox 848 2149 962 2182; x_wconf 79' lang='lat' dir='ltr'>ben?“</span> <span class='ocrx_word' id='word_1_370' title='bbox 998 2148 1046 2180; x_wconf 92' lang='lat' dir='ltr'>Zu</span> <span class='ocrx_word' id='word_1_371' title='bbox 1072 2151 1243 2190; x_wconf 54' lang='lat' dir='ltr'>rogitare</span> <span class='ocrx_word' id='word_1_372' title='bbox 1272 2152 1316 2180; x_wconf 74' lang='lat' dir='ltr'>ut</span> <span class='ocrx_word' id='word_1_373' title='bbox 1340 2149 1407 2190; x_wconf 81' lang='lat' dir='ltr'>vgl.</span> <span class='ocrx_word' id='word_1_374' title='bbox 1437 2146 1520 2190; x_wconf 83' lang='lat' dir='ltr'>Nep.</span> 
     </span>
     <span class='ocr_line' id='line_1_66' title="bbox 846 2194 1524 2235; baseline -0.003 -9"><span class='ocrx_word' id='word_1_375' title='bbox 846 2195 929 2226; x_wconf 90' lang='lat' dir='ltr'>Dion</span> <span class='ocrx_word' id='word_1_376' title='bbox 943 2195 976 2235; x_wconf 81' lang='lat'>9,</span> <span class='ocrx_word' id='word_1_377' title='bbox 990 2195 1030 2225; x_wconf 83' lang='lat'>2:</span> <span class='ocrx_word' id='word_1_378' title='bbox 1051 2204 1172 2228; x_wconf 76' lang='lat' dir='ltr'>navem</span> <span class='ocrx_word' id='word_1_379' title='bbox 1193 2196 1334 2235; x_wconf 73' lang='lat' dir='ltr'>agitari</span> <span class='ocrx_word' id='word_1_380' title='bbox 1343 2194 1451 2233; x_wconf 70' lang='lat' dir='ltr'>iubet,</span> <span class='ocrx_word' id='word_1_381' title='bbox 1469 2203 1524 2224; x_wconf 79' lang='lat' dir='ltr'>eo—</span> 
     </span>
     <span class='ocr_line' id='line_1_67' title="bbox 844 2239 1520 2282; baseline -0.004 -10"><span class='ocrx_word' id='word_1_382' title='bbox 844 2243 969 2282; x_wconf 74' lang='lat' dir='ltr'>gitans</span> <span class='ocrx_word' id='word_1_383' title='bbox 987 2258 1030 2262; x_wconf 95' lang='lat'>—-</span> <span class='ocrx_word' id='word_1_384' title='bbox 1050 2245 1090 2270; x_wconf 77' lang='lat' dir='ltr'>ut</span> <span class='ocrx_word' id='word_1_385' title='bbox 1106 2241 1264 2280; x_wconf 74' lang='lat' dir='ltr'>haberet,</span> <span class='ocrx_word' id='word_1_386' title='bbox 1283 2239 1520 2281; x_wconf 77' lang='lat' dir='ltr'>quafugerct.</span> 
     </span>
    </p>

    <p class='ocr_par' dir='ltr' id='par_1_19' title="bbox 846 2297 1524 2602">
     <span class='ocr_line' id='line_1_68' title="bbox 892 2297 1524 2329; baseline -0.003 -1"><span class='ocrx_word' id='word_1_387' title='bbox 892 2297 950 2329; x_wconf 85' lang='lat'>33.</span> <span class='ocrx_word' id='word_1_388' title='bbox 987 2308 1029 2328; x_wconf 79' lang='lat' dir='ltr'>ne</span> <span class='ocrx_word' id='word_1_389' title='bbox 1067 2299 1101 2328; x_wconf 78' lang='lat' dir='ltr'>et</span> <span class='ocrx_word' id='word_1_390' title='bbox 1138 2299 1257 2328; x_wconf 74' lang='lat' dir='ltr'>vetera</span> <span class='ocrx_word' id='word_1_391' title='bbox 1299 2299 1334 2327; x_wconf 71' lang='lat' dir='ltr'>et</span> <span class='ocrx_word' id='word_1_392' title='bbox 1371 2299 1524 2327; x_wconf 59' lang='lat' dir='ltr'>emerim</span> 
     </span>
     <span class='ocr_line' id='line_1_69' title="bbox 847 2340 1524 2384; baseline -0.006 -9"><span class='ocrx_word' id='word_1_393' title='bbox 847 2353 1019 2384; x_wconf 78' lang='lat' dir='ltr'>quaeram</span> <span class='ocrx_word' id='word_1_394' title='bbox 1058 2352 1147 2383; x_wconf 90' lang='lat' dir='ltr'>„um</span> <span class='ocrx_word' id='word_1_395' title='bbox 1179 2341 1269 2373; x_wconf 87' lang='lat' dir='ltr'>nicht</span> <span class='ocrx_word' id='word_1_396' title='bbox 1294 2341 1413 2373; x_wconf 87' lang='lat' dir='ltr'>weiter</span> <span class='ocrx_word' id='word_1_397' title='bbox 1442 2340 1524 2371; x_wconf 85' lang='lat' dir='ltr'>nach</span> 
     </span>
     <span class='ocr_line' id='line_1_70' title="bbox 848 2386 1523 2430; baseline -0.006 -10"><span class='ocrx_word' id='word_1_398' title='bbox 848 2388 1051 2430; x_wconf 88' lang='lat' dir='ltr'>Beispielen,</span> <span class='ocrx_word' id='word_1_399' title='bbox 1074 2388 1127 2419; x_wconf 87' lang='lat' dir='ltr'>(lie</span> <span class='ocrx_word' id='word_1_400' title='bbox 1147 2387 1226 2429; x_wconf 81' lang='lat' dir='ltr'>(wie</span> <span class='ocrx_word' id='word_1_401' title='bbox 1246 2387 1298 2418; x_wconf 89' lang='lat' dir='ltr'>die</span> <span class='ocrx_word' id='word_1_402' title='bbox 1317 2386 1523 2428; x_wconf 83' lang='lat' dir='ltr'>genannten)</span> 
     </span>
     <span class='ocr_line' id='line_1_71' title="bbox 848 2430 1521 2474; baseline -0.006 -8"><span class='ocrx_word' id='word_1_403' title='bbox 848 2433 1196 2474; x_wconf 85' lang='lat' dir='ltr'>derVergangenheit</span> <span class='ocrx_word' id='word_1_404' title='bbox 1214 2444 1233 2464; x_wconf 93' lang='lat' dir='ltr'>u</span> <span class='ocrx_word' id='word_1_405' title='bbox 1247 2444 1265 2463; x_wconf 94' lang='lat' dir='ltr'>n</span> <span class='ocrx_word' id='word_1_406' title='bbox 1278 2433 1296 2463; x_wconf 88' lang='lat' dir='ltr'>d</span> <span class='ocrx_word' id='word_1_407' title='bbox 1316 2443 1332 2463; x_wconf 93' lang='lat' dir='ltr'>z</span> <span class='ocrx_word' id='word_1_408' title='bbox 1345 2430 1521 2472; x_wconf 82' lang='lat' dir='ltr'>ugleich</span> 
     </span>
     <span class='ocr_line' id='line_1_72' title="bbox 847 2478 1523 2519; baseline -0.007 -8"><span class='ocrx_word' id='word_1_409' title='bbox 847 2479 920 2511; x_wconf 88' lang='lat' dir='ltr'>dem</span> <span class='ocrx_word' id='word_1_410' title='bbox 946 2479 1119 2511; x_wconf 88' lang='lat' dir='ltr'>Auslaude</span> <span class='ocrx_word' id='word_1_411' title='bbox 1146 2478 1360 2519; x_wconf 75' lang='lat' dir='ltr'>angeho&#39;ren,</span> <span class='ocrx_word' id='word_1_412' title='bbox 1399 2488 1440 2508; x_wconf 86' lang='lat' dir='ltr'>zu</span> <span class='ocrx_word' id='word_1_413' title='bbox 1469 2486 1523 2507; x_wconf 86' lang='lat' dir='ltr'>su-</span> 
     </span>
     <span class='ocr_line' id='line_1_73' title="bbox 846 2521 1523 2560; baseline -0.006 -4"><span class='ocrx_word' id='word_1_414' title='bbox 846 2525 972 2557; x_wconf 85' lang='lat' dir='ltr'>chen“.</span> <span class='ocrx_word' id='word_1_415' title='bbox 997 2524 1118 2556; x_wconf 86' lang='lat' dir='ltr'>-Daher</span> <span class='ocrx_word' id='word_1_416' title='bbox 1137 2528 1173 2556; x_wconf 76' lang='lat' dir='ltr'>et</span> <span class='ocrx_word' id='word_1_417' title='bbox 1189 2541 1233 2546; x_wconf 95' lang='lat'>-—</span> <span class='ocrx_word' id='word_1_418' title='bbox 1252 2527 1304 2560; x_wconf 73' lang='lat' dir='ltr'>et,</span> <span class='ocrx_word' id='word_1_419' title='bbox 1336 2522 1400 2553; x_wconf 90' lang='lat' dir='ltr'>und</span> <span class='ocrx_word' id='word_1_420' title='bbox 1432 2521 1523 2552; x_wconf 86' lang='lat' dir='ltr'>nicht</span> 
     </span>
     <span class='ocr_line' id='line_1_74' title="bbox 846 2574 1063 2602; baseline -0.005 0"><span class='ocrx_word' id='word_1_421' title='bbox 846 2574 913 2602; x_wconf 75' lang='lat' dir='ltr'>aut</span> <span class='ocrx_word' id='word_1_422' title='bbox 928 2588 967 2594; x_wconf 90' lang='lat'>—</span> <span class='ocrx_word' id='word_1_423' title='bbox 986 2574 1063 2602; x_wconf 75' lang='lat' dir='ltr'>aut.</span> 
     </span>
    </p>
   </div>
  </div>
 </body>
</html>
