1684 2819
125 162 178 201 62
583 162 786 195 LIBERI.
816 165 969 205 42‚100.
995 165 1070 196 101.

126 271 282 336 melius,
315 271 367 310 dii
389 270 633 310 immortales
657 270 810 320 sciunt3
845 271 1040 313 hominem
1064 273 1218 326 quidem
1240 273 1342 314 seire
1365 273 1540 315 arbitror

124 329 336 368 neminem.
347 332 375 352 “

51 384 111 429 42
239 384 323 425 Nae
346 397 420 437 ego
454 383 556 422 hand
588 382 717 447 paullo
750 383 852 424 hunc
873 385 1046 430 animum
1068 386 1224 433 malim,
1261 400 1374 440 quam
1399 399 1535 427 eorum

124 442 295 482 omnium
319 442 522 489 fortunas,
548 440 611 492 qui
634 440 680 479 de
704 440 776 480 hoc
798 439 1096 492 iudicaverunt3
1131 443 1229 492 etsi,
1255 444 1357 496 quod
1379 450 1538 498 praeter

123 498 217 538 deos
249 503 368 550 negat
397 496 501 537 scire
524 510 782 549 quemquam,
816 497 854 537 id
883 498 957 537 scit
987 498 1093 551 ipse,
1129 506 1256 538 utrum
1289 499 1340 539 sit
1369 500 1533 550 melius3

125 568 213 594 nam
237 552 340 593 dixit
361 559 475 603 ante3
502 553 571 593 sed
593 567 704 594 suum
727 553 845 602 illud,
871 554 968 594 nihil
990 560 1033 594 ut
1053 555 1239 604 affirmet,
1265 561 1371 596 tenet
1394 556 1442 596 ad
1465 570 1537 596 ex-

40 619 103 650 100
122 617 306 650 tremum.
341 609 424 650 Nos
443 617 571 650 autern
595 617 816 659 teneamus,
840 618 883 651 ut
900 611 996 651 nihil
1014 624 1246 652 censeamus
1267 624 1355 652 esse
1373 613 1535 662 malum,

123 668 222 720 quod
254 667 306 707 sit
337 681 358 707 a
381 674 524 707 natura
555 667 688 707 datum
721 668 924 716 omnibus,
960 668 1331 722 intelligamusque,
1366 669 1400 709 si
1431 682 1538 709 mors

122 724 265 764 malum
288 724 355 773 sit,
381 737 468 769 esse
491 724 771 778 sempiternum
795 725 955 765 malum.
989 724 1089 765 Nam
1111 725 1217 765 vitae
1239 725 1409 765 miserae
1430 739 1538 766 mors

123 781 212 822 finis
235 794 322 821 esse
345 780 523 830 videtur3
559 795 666 821 mors
689 781 722 821 si
744 788 805 822 est
826 782 968 823 misera
984 814 994 832 ‚
1020 782 1106 822 [inis
1130 794 1218 822 esse
1241 781 1369 822 nullus
1391 788 1535 836 potest.

238 837 314 877 Sed
336 836 426 891 quid
449 850 523 891 ego
546 838 749 878 Socratem
774 846 841 878 aut
861 839 1147 879 Theramenem
1163 869 1173 887 ‚
1210 845 1458 892 praestantes
1480 839 1537 878 vi—

123 908 190 936 ros
212 894 372 935 virtutis
395 901 435 934 et
456 894 674 948 sapientiae
696 895 845 948 gloria,
872 896 1167 935 commemoro?
1198 908 1312 947 quum
1337 895 1539 935 Lacedae-

123 951 278 992 monius
301 951 471 1004 quidam,
505 951 616 992 cuius
639 965 687 991 ne
710 965 851 991 nomen
875 951 1028 1004 quidem
1053 951 1247 1005 proditum
1272 958 1346 997 est,
1372 958 1538 992 mortem

124 1015 234 1048 tanto
257 1020 376 1060 opere
398 1008 700 1062 contempserit,
735 1015 801 1057 ut,
827 1022 943 1061 quum
967 1010 1012 1048 ad
1037 1022 1120 1048 eam
1146 1009 1358 1048 duceretur
1379 1008 1540 1052 damna-

124 1072 186 1105 tus
209 1064 256 1104 ab
278 1064 449 1117 Ephoris
471 1070 509 1103 et
532 1072 638 1105 esset
659 1065 769 1106 vultu
792 1065 907 1105 hilari
931 1072 1046 1118 atque
1069 1065 1174 1106 laeto
1189 1095 1198 1112 ‚
1232 1064 1479 1118 dixissetque
1502 1064 1538 1104 ei

123 1122 277 1174 quidam
310 1120 515 1161 inimicus:
554 1122 843 1162 Contenmz'sne
874 1122 990 1177 leges
1012 1122 1232 1176 Lycurgi?
1262 1121 1536 1174 responderit:

122 1179 220 1233 Ego
251 1192 346 1218 vero
378 1179 444 1217 ille·
470 1179 691 1218 maa-innan
720 1179 909 1233 gratiam
940 1178 1095 1226 habeo,
1136 1180 1210 1233 qui
1236 1192 1297 1218 me
1327 1191 1374 1218 ea
1399 1192 1538 1232 poena

123 1235 365 1274 multaverit
379 1264 389 1281 ‚
420 1248 538 1289 quam
557 1236 645 1274 siue
661 1237 912 1275 mutuatione
930 1242 970 1275 et
983 1237 1071 1276 sine
1089 1249 1263 1275 versura
1273 1249 1435 1288 possem
1455 1234 1539 1275 dis-

122 1292 292 1331 solvere.
321 1290 350 1330 Ο
363 1291 493 1331 virum
506 1290 645 1344 Sparta
665 1291 847 1344 dignum!
874 1299 915 1332 ut
929 1292 1022 1331 mihi
1036 1292 1205 1344 quidem,
1223 1291 1287 1344 qui
1305 1298 1383 1331 tam
1397 1304 1539 1344 magno

40 1356 99 1388 101
121 1348 250 1388 animo
274 1347 406 1396 fuerit,
432 1347 620 1388 innocens
644 1348 852 1389 damnatus
876 1361 963 1389 esse
985 1349 1182 1389 videatur.
1218 1347 1335 1388 Tales
1358 1347 1540 1388 innume-

122 1404 266 1445 rabiles
289 1412 424 1445 nostra
446 1404 587 1445 civitas
617 1404 719 1444 tulit.
762 1404 836 1445 Sed
861 1405 952 1458 quid
982 1405 1100 1446 duces
1123 1412 1161 1445 et
1190 1405 1391 1459 principes
1414 1404 1539 1444 nomi-

122 1474 227 1510 nem,
250 1475 365 1514 quum
383 1461 561 1515 legiones
579 1461 728 1501 scribat
743 1462 798 1502 M.
814 1462 912 1502 Cato
930 1475 1047 1515 saepe
1065 1461 1217 1502 alacres
1240 1461 1280 1501 in
1299 1474 1386 1502 eum
1408 1461 1537 1501 locum

122 1519 343 1572 profectas,
385 1519 488 1558 unde
518 1518 716 1558 redituras
746 1532 789 1559 se
822 1532 899 1558 non
929 1519 1244 1559 arbitrarentur?
1283 1518 1374 1558 Pari
1406 1518 1538 1557 animo

122 1573 424 1615 Lacedaemonii
446 1574 488 1614 in
510 1574 788 1629 Thermopylis
811 1575 1055 1623 occiderunt,
1080 1575 1120 1614 iu
1145 1588 1241 1628 quos
1265 1573 1510 1615 Simonides:

163 1642 258 1692 Dec,
283 1643 447 1697 hospes,
474 1641 674 1709 Spartae3
700 1657 775 1682 7208
797 1649 836 1682 te
857 1642 924 1683 hic
945 1643 1097 1683 vitiasse
1119 1645 1316 1693 tacentes,

247 1699 354 1740 Dum
377 1700 535 1739 sanctas
550 1701 722 1753 patriae
743 1699 908 1753 legibus
931 1700 1209 1755 obseqmmm.

125 1765 239 1818 [Quid
261 1766 326 1806 ille
349 1766 430 1806 dux
452 1766 651 1807 Leonidas
675 1767 794 1806 dicit?
826 1766 906 1806 Per
898 1769 997 1821 gite
1021 1766 1300 1821 (latmo-forti,
1326 1766 1539 1808 Lacedae-

164 1909 220 1941 99.
249 1909 424 1940 hominem
445 1909 597 1950 quidem,
628 1909 792 1941 adversa-

118 1955 181 1993 tiv,
208 1955 270 1986 wie
289 1954 344 1995 27,
366 1955 420 1986 67.

164 2007 233 2047 42.
260 2022 361 2043 saum
383 2011 476 2043 illud
495 2012 638 2052 „seinen
660 2010 792 2042 Grund-

121 2058 236 2089 satz“.

170 2114 243 2144 100.
281 2124 322 2144 ne
352 2123 474 2144 nomen
501 2113 654 2155 quidem.
701 2111 790 2144 Nach

118 2158 206 2190 Plut.
222 2159 380 2201 apophth.
397 2158 474 2190 Lae.
488 2169 519 2200 p.
535 2159 598 2190 370
610 2159 664 2189 ed.
679 2158 790 2201 wytt.

121 2204 213 2236 hiess
231 2214 268 2236 er
290 2203 552 2236 Thectamenes.

159 2260 300 2291 possem
322 2250 523 2282 dissolvere.
559 2248 635 2289 vgl.
660 2249 683 2281 1.
711 2250 720 2280 l
752 2260 792 2280 zu

117 2297 352 2337 pertinerent.

171 2340 245 2372 101.
267 2340 367 2381 Cato,
383 2341 414 2371 in
426 2340 487 2372 den
500 2339 669 2381 Origines.
684 2340 793 2371 Eben-

121 2396 156 2418 so
184 2386 267 2418 liisst
294 2387 348 2417 ihn
367 2386 485 2418 Cicero
510 2387 549 2418 de
576 2396 648 2418 sen.
673 2386 727 2419 20.
750 2387 790 2417 75

119 2441 244 2474 sagen:
278 2431 460 2463 Reeordor
484 2450 528 2455 —
554 2432 708 2474 legiones
733 2442 794 2463 no-

119 2481 217 2509 stras
229 2501 238 2517 ‚
263 2477 358 2519 quod
374 2479 503 2518 scripsi
519 2480 552 2508 in
575 2478 790 2518 Ort'ge'ne'bas,

120 2526 154 2554 in
174 2533 252 2555 enm
269 2533 371 2564 saepe
390 2523 502 2554 locum
516 2523 703 2564 profectas
720 2523 795 2554 ala-

121 2571 174 2600 era·
190 2571 307 2600 animo
327 2572 364 2600 et
380 2571 508 2606 erecto,
530 2568 620 2599 ande
638 2579 674 2599 se
693 2579 794 2600 num·-

122 2625 226 2655 quam
248 2614 430 2646 redilaras
448 2615 729 2646 arbitrarentur.

907 1911 941 1940 in
966 1919 1054 1949 qnos
1073 1908 1286 1941 Simonides.
1314 1907 1439 1941 Herod.
1458 1908 1534 1941 Vll.

887 1954 928 1986 28
947 1954 1038 1995 gicht
1057 1955 1110 1985 die
1130 1953 1407 1994 Originalverse·

857 2003 899 2042 Ὠ
908 2007 990 2048 ξεΐι
996 2007 1204 2062 ,ἀῇγέλλειι
1211 2009 1537 2053 1ακεδαιμονίοις,

1130 2051 1183 2088 ὃτι
1206 2054 1292 2101 τῇδε

910 2103 1082 2133 Κειαεθα
1122 2103 1197 2138 τοῖς
1230 2102 1362 2133 κείνων
1397 2096 1538 2146 ῥήμασι

1131 2143 1365 2191 πειμῖόμειοι.

908 2205 1053 2247 Pet-gilo
1069 2205 1309 2245 animosam,
1325 2203 1410 2235 Lao.
1431 2202 1541 2235 Daf'ur

864 2250 919 2282 hat
946 2260 1019 2282 man
1039 2249 1231 2282 emendiren
1250 2249 1394 2280 wollen:
1423 2248 1539 2281 Pran-

865 2296 954 2335 dete,
976 2297 1126 2338 osortes
1144 2295 1244 2335 Lac„
1265 2306 1299 2325 u.
1317 2294 1441 2335 dergl.‚
1462 2294 1538 2325 weil

865 2342 947 2373 nach
980 2341 1041 2372 den
1068 2341 1194 2381 griech.
1224 2340 1289 2371 und
1316 2339 1447 2381 einigen
1475 2339 1535 2370 lat.

864 2386 1135 2418 Schriftstellern
1156 2387 1216 2418 der
1233 2385 1426 2428 Ausspruch
1451 2385 1538 2418 heim

864 2431 1057 2464 Friihstiick
1088 2431 1251 2463 stattfand
1278 2431 1344 2463 und
1370 2430 1539 2462 Leonidas

864 2478 925 2509 mit
946 2473 1133 2518 Ἀριστᾶτε
1162 2477 1304 2517 begann.
1336 2476 1427 2508 Doch
1446 2475 1538 2507 ware

865 2524 960 2565 apud
987 2524 1122 2564 inst-ros
1148 2533 1297 2554 coenare
1331 2521 1418 2553 wohl
1453 2521 1537 2552 auch

866 2568 921 2600 fiir
944 2569 1013 2601 sich
1040 2567 1283 2606 wrstiiildlich,
1305 2566 1389 2598 ohne
1409 2566 1539 2607 Gegen-

866 2619 939 2646 satz
966 2625 1007 2646 zu
1031 2608 1233 2655 prandere,
1268 2612 1414 2644 welches
1445 2612 1540 2643 hier
