1684 2819
89 550 130 583 83

158 159 211 199 66
732 150 787 182 DE
813 149 995 182 OFFlCllS

156 257 325 298 randum
347 260 406 295 est
432 266 482 293 ne
512 252 603 304 quid
625 258 785 298 temere,
811 263 860 290 ne
887 251 978 302 quid
1007 251 1221 292 crudeliter.
1269 253 1387 305 quue
1415 260 1474 293 est
1501 254 1570 294 viri

158 313 301 365 magni,
323 312 438 351 rebus
460 309 609 360 agitatis
630 307 768 360 punire
791 313 938 354 sontes,
960 307 1242 347 multitudinem
1264 322 1508 358 conservare,
1530 311 1570 350 in

159 370 268 410 omni
291 370 446 407 fortuna
466 372 567 405 recta
590 370 704 416 atque
726 364 890 403 honesta
911 364 1088 403 retinere.
1130 364 1181 404 Ut
1201 366 1305 405 enim
1327 373 1430 414 sunt,
1454 380 1570 419 quem

159 428 206 466 ad
234 425 396 465 modum
425 435 544 473 supra
572 421 667 468 dixi,
702 421 767 472 qui
795 420 954 459 urbanis
986 420 1103 460 rebus
1138 420 1292 461 bellicas
1319 429 1571 475 anteponant,

161 483 217 521 sic
238 480 409 532 reperias
432 479 576 518 multos
599 477 738 529 quibus
761 477 975 528 periculosa
997 482 1034 516 et
1055 476 1173 516 calida
1195 479 1353 518 consilia
1375 481 1513 531 quietis
1535 486 1573 519 et

162 537 337 589 cogitatis
359 542 396 575 et
417 534 679 587 splendidiora
701 539 737 572 et
757 534 903 573 maiora
917 533 1128 573 videantur.
1166 534 1386 586 Numquam
1409 537 1571 576 omnino

159 594 318 647 periculi
340 594 430 644 fuga
452 590 775 631 committendum
804 596 863 630 est
883 596 926 629 ut
946 590 1118 629 imbelles
1142 591 1343 642 timidique
1364 592 1572 640 videamur,

160 652 227 691 sed
249 650 472 701 fugiendum
494 648 583 687 illud
601 648 730 693 etiam,
754 660 801 686 ne
823 648 1031 686 oll'eramus
1050 659 1122 686 nos
1139 647 1319 698 periculis
1343 648 1426 688 sine
1449 661 1573 696 causa,

161 721 236 760 quo
260 720 347 746 esse
368 706 461 745 nihil
483 711 614 757 potest
642 704 807 743 stultius.
850 706 1099 755 Quapropter
1120 704 1158 742 in
1181 704 1366 744 adeundis
1390 705 1572 756 periculis

160 764 402 804 consuetudo
425 762 609 801 imitanda
638 761 877 800 medicorum
906 766 982 807 est,
1012 761 1076 812 qui
1098 761 1228 800 leviter
1254 767 1496 812 aegrotantes
1518 763 1574 801 le-

161 822 261 860 niter
283 825 429 865 curant,
451 818 689 870 gravioribus
712 824 839 857 autem
862 818 1011 856 morbis
1033 817 1270 868 periculosas
1295 818 1514 858 curationes
1537 824 1575 857 et

161 877 347 929 ancipites
370 876 550 915 adhibere
581 880 783 925 coguntur.
827 876 910 921 Qua
938 886 978 913 re
1005 874 1044 912 in
1072 874 1275 925 tranquillo
1304 880 1572 926 tempestatem

161 935 359 973 adversam
384 938 517 983 optare
535 931 723 970 dementis
746 936 816 977 est,
840 931 1044 969 subvenire
1061 937 1188 969 autem
1206 931 1423 982 tempestati
1442 932 1574 982 quavis

162 991 310 1029 ratione
332 989 514 1039 sapientis
537 1000 659 1038 eoque
676 987 812 1037 magis,
835 987 865 1025 si
888 987 974 1038 plus
992 987 1206 1037 adipiscare
1224 1001 1264 1026 re
1280 987 1466 1038 explicata
1482 987 1574 1025 boni

162 1059 277 1097 quam
300 1045 520 1084 addubitata
542 1044 643 1082 mali.
679 1043 922 1081 Periculosae
944 1050 1070 1081 autem
1092 1055 1221 1081 rerum
1240 1044 1411 1082 actiones
1434 1043 1575 1094 partim

164 1103 208 1141 iis
231 1108 335 1148 sunt,
359 1101 422 1152 qui
446 1114 510 1140 eas
534 1100 764 1151 suscipiunt,
786 1099 925 1150 partim
950 1098 1002 1137 rei
1026 1099 1211 1150 publicae.
1252 1099 1428 1151 Itemque
1448 1099 1508 1138 alii
1529 1100 1575 1138 de

163 1159 255 1206 vita,
286 1158 345 1197 alii
368 1158 414 1195 de
436 1156 553 1208 gloria
575 1162 613 1195 et
634 1156 897 1195 benevolentia
919 1155 1057 1194 civium
1079 1156 1118 1194 in
1141 1155 1350 1195 discrimen
1376 1163 1573 1195 vocantur.

163 1215 435 1266 Promptiores
470 1213 584 1264 igitur
617 1212 802 1251 debemus
831 1225 916 1251 esse
944 1212 990 1250 ad
1019 1218 1153 1251 nostra
1181 1213 1349 1263 pericula
1383 1225 1498 1264 quam
1527 1212 1574 1251 ad

164 1271 386 1311 communia
422 1270 679 1321 dimicareque
706 1269 876 1320 paratius
904 1269 950 1307 de
975 1268 1124 1307 honore
1161 1275 1198 1307 et
1226 1269 1347 1320 gloria
1384 1282 1501 1320 quam
1529 1269 1575 1307 de

164 1327 298 1368 ceteris
320 1326 552 1366 commodis.

160 1451 336 1483 schiedene
370 1461 432 1482 nur
461 1451 530 1481 lose
561 1449 832 1480 zusammenliiin-

160 1497 265 1537 gendo
288 1496 521 1529 Vorscliril'ten
548 1495 612 1526 und
630 1494 829 1526 Bemerkun—

159 1553 221 1583 gen
264 1541 356 1573 dai-in
391 1539 717 1581 zusammengehiiul‘t
749 1540 832 1570 sind.

159 1599 201 1619 ne
223 1586 305 1629 quid
326 1590 466 1619 temere:
492 1585 575 1616 iiber
592 1585 644 1616 dic
664 1584 790 1626 Ellipse
805 1595 831 1616 s.

161 1643 189 1664 z.
206 1631 260 1672 ΙΙΙ,
279 1632 332 1673 20,
352 1632 405 1663 St).

206 1678 307 1709 rebus
336 1678 494 1719 agitatis,
524 1676 554 1707 d.
574 1676 592 1707 i.
619 1675 831 1715 turbulentis,

161 1723 278 1754 sodass
302 1723 373 1754 also
397 1722 448 1754 die
471 1720 831 1753 vorlierbezciclineten

161 1767 330 1799 Zustiinde
349 1768 407 1799 mit
425 1766 637 1806 einbcgrill'en
657 1766 745 1805 sind,
773 1776 831 1807 pro

144 1839 146 1845 ,
161 1813 272 1854 Quint.
291 1812 320 1850 2,
342 1812 380 1843 10
396 1812 513 1844 maltis
526 1813 661 1843 iniuriis
673 1813 833 1842 iactatum

160 1861 260 1899 atque
275 1860 442 1898 agitatam
453 1859 666 1898 aequitatem.
697 1855 729 1887 ln
745 1856 834 1887 dem-

162 1903 275 1934 selben
295 1903 394 1934 Sinne
413 1913 482 1934 rem
504 1902 674 1945 publicam
698 1903 833 1942 agitare

162 1948 244 1979 Sall.
269 1949 338 1980 (lat.
358 1948 410 1988 3²3,
429 1946 459 1978 3.
501 1946 568 1987 lug.
602 1947 662 1985 37,
695 1946 707 1976 1
744 1948 830 1977 actio

159 1992 272 2037 paullo
290 1995 465 2034 ημἾὙαιιόν.
496 1992 607 2033 Quint.
631 1991 681 2030 11,
697 1990 726 2022 33.
762 1991 831 2021 Λιι-

161 2039 240 2070 dcrc
266 2038 421 2069 erkliircn
446 2039 546 2070 rebus
569 2037 711 2078 agitatis
733 2036 832 2067 durch

161 2085 262 2115 rebus
270 2085 414 2124 cog-nim·
424 2085 457 2114 et
462 2084 637 2126 perpensis
647 2094 658 2121 ,-
673 2081 754 2112 aber
761 2083 833 2121 agi-

163 2131 236 2160 (τινε
253 2128 411 2160 bedeutvt
425 2138 487 2159 nur
499 2127 697 2158 wiederholt
710 2126 832 2157 belian—

163 2174 248 2205 deln.
282 2173 347 2204 Cic.
368 2173 482 2204 wiirde
500 2173 571 2203 also
590 2172 670 2211 bier,
689 2181 740 2201 wo
760 2171 833 2202 cine

162 2218 434 2251 Undcutliclikcit
456 2217 626 2257 cntstand,
652 2217 746 2247 einen
766 2215 834 2248 Zu-

163 2268 235 2295 satz
251 2275 275 2294 u
286 2265 314 2295 ic
329 2266 439 2295 mento
453 2263 541 2294 nit-lit
553 2261 768 2301 ausgelasscn
780 2262 834 2293 lia-

162 2309 235 2340 ben.

208 2353 315 2385 calida
348 2353 500 2394 consilia,
537 2353 658 2395 ‹jbcuso
696 2348 836 2395 θερμός

164 2399 333 2440 Aristopli.
346 2398 429 2429 l'lut.
445 2398 508 2429 >115
525 2397 552 2428 oi
569 2393 710 2441 (legitor
727 2396 836 2440 ἔργον

165 2440 342 2476 κάνόσιον
359 2444 416 2474 καὶ
438 2439 673 2486 παράνωῡιιον.

209 2491 329 2531 quietis
343 2492 374 2520 e!
388 2489 558 2529 caetg·1't(1l{'.s·‚
570 2487 663 2527 ruliig
673 2487 834 2526 iiberlogt.

211 2534 263 2565 83.
290 2536 466 2565 salu-vaire
485 2535 684 2575 tenipus-tali.
715 2532 761 2563 Da
777 2532 834 2562 das

166 2579 424 2620 Urspriingliclw
443 2579 487 2610 ist
499 2579 676 2610 subvenire
688 2577 790 2609 alicui
801 2579 833 2608 in

904 1448 1017 1490 aliqua
1037 1458 1083 1489 re,
1104 1452 1179 1488 sagt
1191 1457 1262 1479 man
1278 1448 1383 1479 sowol
1401 1449 1579 1480 subvenire

907 1494 1110 1537 tempestati,
1138 1495 1334 1524 nece-§silari
1362 1492 1410 1535 (ll,
1442 1492 1492 1534 16,
1522 1493 1577 1533 56)

906 1539 1010 1570 eincm
1029 1539 1080 1570 dic
1098 1537 1184 1570 Noth
1203 1538 1411 1579 crlcichtern,
1429 1538 1479 1570 als
1496 1540 1576 1570 sub-

905 1586 1016 1616 venire.
1032 1583 1145 1624 saluti,
1162 1584 1220 1615 ‹las
1236 1583 1411 1615 wohlsein
1429 1582 1576 1615 s'drdern.

951 1640 988 1661 re
1004 1629 1188 1673 eoeplz'cata,
1211 1628 1333 1660 ebenso
1356 1631 1492 1671 negotia
1515 1640 1578 1661 ea·-

902 1674 1049 1719 Jdicare:
1082 1685 1140 1716 pro
1161 1674 1181 1705 l.
1208 1674 1293 1706 Man.
1314 1674 1371 1713 11,
1395 1674 1438 1705 29
1462 1673 1579 1706 Se'cz'lz'a

906 1731 1003 1763 qnam
1028 1719 1143 1751 multis·
1167 1719 1312 1761 undique
1328 1721 1469 1751 cinctam
1483 1721 1577 1763 pet-i-

907 1765 988 1797 ridis
1006 1784 1044 1788 —
1067 1765 1257 1809 empllcm'it.
1290 1764 1494 1798 addubitare
1518 1765 1576 1796 be-

906 1811 1021 1842 deutct
1035 1810 1211 1850 eigentlicli
1227 1810 1298 1851 „cin
1313 1809 1578 1851 weniginZwei-

907 1856 950 1887 l'el
970 1855 1109 1887 zi‹›hen“
1126 1862 1164 1895 ts.
1180 1866 1209 1886 z.
1227 1855 1276 1895 lll⁷
1295 1855 1326 1895 4,
1344 1855 1407 1895 15),
1426 1856 1498 1887 bier
1513 1855 1577 1886 all-

904 1901 1074 1941 genwincr
1096 1915 1141 1926 Ξ
1166 1902 1199 1931 1'11
1236 1900 1415 1932 discrimen
1448 1911 1577 1939 vocare,

905 1946 937 1976 in
963 1945 1087 1976 Gcl'alir
1110 1950 1298 1976 vcrsetzen.
1338 1945 1405 1976 Der
1422 1945 1499 1976 Sinn
1517 1946 1577 1976 der

905 1990 1010 2022 stelle
1030 1991 1087 2021 ist:
1106 1990 1288 2021 besondcrs
1307 2000 1400 2021 wcnn
1420 1990 1471 2021 die
1489 1989 1575 2023 Vor-

905 2035 1006 2067 tlwilc
1037 2035 1087 2066 bci
1117 2035 1222 2066 vinem
1253 2035 1459 2075 gliickliclien
1488 2035 1576 2067 Aus-

905 2091 1010 2120 gangc
1035 2082 1173 2120 griisser
1190 2080 1279 2120 sind,
1303 2080 1353 2111 als
1371 2080 1422 2111 dic
1442 2080 1575 2112 Miihsc-

907 2126 1037 2165 light-it,
1063 2125 1113 2156 dic
1137 2136 1224 2166 man,
1249 2136 1302 2156 um
1325 2135 1398 2156 zum
1417 2125 1510 2157 Ziele
1535 2136 1576 2157 zu

906 2171 1078 2211 gelangcn,
1097 2181 1137 2201 zu
1156 2170 1311 2202 bcstelien
1331 2171 1396 2201 liat.

953 2215 1114 2247 dimicare
1123 2217 1281 2258 paralius
1295 2215 1345 2251 de,
1365 2217 1456 2247 melu·
1469 2215 1577 2247 bereit

909 2272 969 2292 uns
1011 2261 1039 2292 in
1083 2261 1179 2292 einen
1214 2260 1334 2302 liamps
1363 2261 1574 2292 einzulassen

843 2312 851 2318 ‘
909 2306 1001 2337 iiber.
1039 2306 1141 2338 l‘ntcr
1158 2307 1220 2337 den
1246 2308 1366 2337 ceteris
1390 2305 1575 2337 commodis

909 2352 980 2382 sind
1000 2351 1191 2382 Reichdunn
1215 2351 1278 2382 und
1296 2351 1417 2382 andere
1435 2351 1574 2382 {iussere

910 2396 1017 2428 Giitcr
1035 2407 1075 2427 zu
1095 2397 1292 2436 voi-stehen,
1312 2396 1369 2427 das
1388 2395 1498 2427 Leben
1517 2395 1575 2427 mit

909 2442 1155 2481 cingeret-linet.
1187 2441 1294 2472 Duri-li
1314 2440 1443 2472 Inventi
1459 2443 1574 2472 autem

908 2486 1016 2517 erliiilt
1041 2487 1152 2517 dieser
1180 2487 1276 2525 satz,
1309 2486 1368 2517 der
1400 2486 1480 2517 (loch
1511 2486 1573 2517 den

909 2530 1009 2562 Rulim
1035 2531 1087 2562 flii·
1111 2532 1168 2562 das
1194 2531 1330 2562 liiidiste
1359 2530 1444 2562 aller
1468 2530 1575 2563 Giiter

909 2576 1048 2612 erkliirt,
1067 2577 1139 2607 cin(-
1158 2576 1443 2617 liinschriinkung.
