1684 2819
142 129 193 167 72
656 125 1041 167 LtBERl.⁴9‚117.

142 250 234 284 runt
256 257 324 297 pro
342 243 422 283 vita
441 242 605 290 civium3
632 240 820 290 Codrum,
846 241 912 294 qui
934 254 976 281 se
998 242 1038 282 in
1060 241 1210 282 medios
1233 241 1397 281 immisit
1417 240 1553 281 hostes

141 306 254 340 veste
277 299 473 349 famulari,
507 310 556 337 ne
580 304 713 351 posset
734 297 914 350 agnosci,
945 298 979 338 si
1000 305 1107 339 esset
1128 304 1270 338 ornatu
1291 298 1419 352 regio,
1453 297 1555 350 quod

142 357 342 397 oraculum
361 363 447 395 erat
467 354 614 403 datum,
641 354 673 394 si
696 366 770 394 rex
791 354 1020 395 interfectus
1038 363 1160 404 esset,
1181 355 1364 395 victrices
1375 354 1555 395 Athenas

142 415 244 454 fore.
286 413 522 452 Menoeceus
554 425 632 450 non
662 409 1014 464 praetermittitur,
1048 411 1112 464 qui
1143 412 1235 452 item
1267 413 1427 452 oraculo
1451 411 1554 451 edito

143 470 308 523 largitus
331 475 392 508 est
413 468 561 522 patriae
584 481 698 507 suum
720 466 968 521 sanguinem.
1005 467 1205 522 Iphigenia
1227 468 1366 509 Aulide
1399 468 1496 508 duci
1512 482 1557 507 se

140 525 426 566 immolandam
449 525 571 573 iubet,
605 531 651 564 ut
670 524 844 564 hostium
868 524 1062 564 eliciatur
1082 539 1172 565 suo.
1201 525 1374 565 Veniunt
1395 525 1485 565 inde
1507 525 1555 564 ad

69 584 127 629 49
146 581 345 637 propiora.
380 581 616 622 Harmodius
639 581 678 621 in
702 593 770 621 ore
793 588 833 621 et
847 580 1083 635 Aristogit0‚
1108 581 1443 623 Lacedaemonius
1458 582 1556 622 Leo-

60 818 121 849 117

142 639 269 688 nidas,
290 638 502 679 Thebanus
514 638 805 692 Epaminondas
822 638 946 692 viget.
980 637 1154 678 Nostros
1172 652 1251 678 non
1268 645 1436 688 norunt3
1461 652 1557 691 quos

143 708 377 736 enumerare
399 709 585 749 magnum
608 702 690 746 est3
726 697 780 736 ita
803 703 893 736 sunt
916 695 1053 745 multi,
1086 696 1225 748 quibus
1248 695 1426 735 videmus
1449 693 1559 748 opta-

141 753 240 794 biles
263 759 412 793 mortes
436 753 557 793 fuisse
580 767 666 793 cum
690 752 829 806 gloria.

255 809 362 860 Quae
385 824 500 863 quum
522 810 576 850 ita
598 810 697 859 sint,
723 823 865 864 magna
889 817 1020 849 tamen
1043 808 1266 862 eloquentia
1290 814 1351 848 est
1372 808 1559 848 utendum

147 873 261 920 atque
300 867 354 906 ita
386 868 494 907 velut
526 867 732 920 superiore
762 880 783 906 e
823 867 910 906 loco
940 865 1267 915 contionandum,
1309 872 1350 904 ut
1379 864 1558 904 homines

143 930 311 963 mortem
332 923 395 963 vel
419 931 555 977 optare
578 923 766 977 incipiant
786 923 851 963 vel
874 929 982 962 certe
1005 922 1144 961 timere
1167 922 1370 962 desistant.
1404 920 1504 961 Nam
1526 921 1558 961 si

145 993 352 1033 supremus
370 980 435 1020 ille
455 981 537 1020 dies
556 995 634 1019 non
654 979 977 1027 exstinctionem,
998 979 1066 1018 sed
1084 977 1428 1018 commutationem
1448 977 1561 1018 affert

145 1036 219 1076 loci
234 1068 244 1085 ‚
277 1036 367 1089 quid
390 1036 628 1091 optabilius?
661 1037 722 1076 siu
745 1043 875 1077 autem
899 1036 1055 1090 perimit
1077 1050 1121 1075 ac
1143 1035 1247 1075 delet
1268 1034 1443 1084 omnino,
1469 1033 1560 1087 quid

145 1092 313 1142 melius,
359 1107 472 1146 quam
506 1093 545 1133 in
578 1093 716 1134 mediis
747 1094 854 1134 vitae
885 1092 1083 1133 laboribus
1117 1091 1408 1132 obdormiscere
1439 1098 1477 1132 et
1506 1092 1560 1131 ita

146 1150 421 1190 conniventem
446 1163 585 1190 somno
603 1151 801 1204 consopiri
824 1149 1091 1203 sempiterno?
1124 1149 1234 1200 Quod
1257 1149 1290 1189 si
1313 1148 1394 1199 fiat,
1420 1148 1562 1188 melior

144 1206 261 1246 Ennii
285 1220 396 1260 quam
422 1206 577 1247 Solonis
601 1208 744 1247 oratio.
781 1208 852 1247 Hic
875 1207 980 1248 enim
1003 1213 1164 1247 noster:
1198 1209 1202 1212 '

230 1262 362 1303 Nemo
384 1278 446 1303 me
467 1264 665 1305 lam-amis
689 1264 869 1312 decoret,
895 1264 1036 1317 inquit,
1061 1278 1135 1304 nec
1149 1262 1432 1317 smzerafletu

302 1320 462 1360 Fuaet't!

146 1376 198 1416 At
219 1388 316 1416 vero
339 1376 404 1417 ille
427 1377 606 1430 sapiens:

143 1479 310 1511 Chthonia
328 1479 393 1509 und
414 1478 544 1510 Creusa
564 1479 669 1510 sollen
689 1479 757 1511 sich
784 1481 816 1510 in

142 1525 268 1556 diesem
289 1522 412 1565 Kriege
439 1525 471 1555 in
493 1524 593 1564 Folge
618 1524 711 1556 eines
731 1524 818 1556 Ora—

144 1570 343 1613 kelspruchs
361 1570 512 1611 geopfert
528 1570 649 1610 baben,
668 1571 817 1602 weshatb

144 1615 217 1648 Cic.
246 1616 295 1647 sie
319 1616 502 1647 mehr-mals
529 1615 586 1657 (de
606 1620 674 1647 nat.
696 1615 736 1647 D.
759 1614 815 1647 lll.

145 1662 199 1701 19,
220 1662 283 1702 503
312 1661 350 1693 de
370 1661 426 1693 fin.
447 1660 484 1692 V.
507 1662 563 1701 22,
581 1661 645 1701 623
677 1672 707 1703 p.
727 1660 815 1693 Sest.

143 1707 200 1747 21,
219 1706 279 1747 48)
299 1707 350 1738 als
369 1705 500 1739 Muster
515 1717 580 1738 von
597 1706 819 1738 Vaterlands-

143 1752 230 1784 liebe
246 1752 395 1784 anffihrt.
412 1771 457 1775 —-
474 1752 559 1784 Eine
570 1751 740 1793 Tragtidie
759 1752 817 1784 des

144 1797 272 1829 Ennius
291 1798 381 1829 hiess
403 1797 687 1838 „Erechtheus-‘2

194 1853 363 1886 Codrum.
399 1854 466 1885 Ans
485 1858 654 1896 repetunt
674 1856 719 1887 ist
739 1855 818 1894 Iast-

147 1899 239 1931 (lant
272 1899 353 1931 oder
381 1905 663 1932 conmeemoranc
692 1911 733 1932 zu
767 1911 818 1932 er-

147 1944 288 1986 ganzen.

191 1990 410 2031 Menoeceus,
429 1991 488 2022 der
501 1990 589 2022 Sohn
609 1992 667 2023 des
681 1991 817 2023 theban.

146 2034 273 2076 H'onigs
293 2035 415 2077 Creon,
443 2037 503 2068 der
522 2036 623 2068 lctzte
643 2036 818 2078 Cadmide,

145 2082 278 2114 erstach
299 2082 371 2113 sich
391 2081 452 2113 auf
475 2082 548 2114 eine
563 2082 820 2125 Prophezeiung

146 2127 205 2159 des
223 2126 395 2166 Tiresias,
425 2137 478 2159 um
506 2127 599 2159 seine
618 2127 819 2160 Vaterstadt

143 2183 204 2204 vor
222 2173 280 2205 der
293 2173 493 2215 Eroberung
511 2174 614 2205 durch
631 2174 682 2206 die
696 2174 818 2206 Sieben

144 2229 187 2250 zu
207 2219 381 2251 sebiitzen.

188 2279 231 2308 ut
262 2276 419 2307 hostiam
446 2281 536 2317 etc.‚
573 2276 816 2308 wahrscheiul.

145 2330 205 2353 aus
231 2320 360 2352 Ennius
389 2321 648 2364 „Iphigenia“.
685 2321 734 2353 Zu
766 2333 817 2353 rr-

145 2367 273 2408 g'anzen
293 2367 423 2398 scheint
440 2370 601 2408 sanguis.

190 2421 260 2459 49.
288 2426 323 2455 in
339 2434 399 2455 ore.
414 2442 455 2446 —
476 2426 580 2466 viget.
610 2423 709 2455 Sonst
729 2425 818 2456 steht

146 2469 355 2509 gewiihnlich
375 2470 554 2501 hominum
576 2469 686 2501 dabei.

191 2530 324 2558 mortes
336 2544 377 2548 —
390 2536 466 2557 cum
481 2525 603 2568 glot-fa
623 2542 665 2552 Ξ
683 2527 819 2567 glorio-

146 2583 216 2604 sas.
244 2571 321 2604 wie
348 2574 422 2603 sine
439 2572 482 2612 (s.
504 2582 544 2603 zu
564 2572 619 2612 22,
637 2573 712 2613 51),
735 2572 818 2603 wird

889 1480 971 1511 auch
993 1490 1068 1511 eum
1100 1479 1160 1510 mit
1187 1479 1294 1510 einem
1315 1477 1429 1509 Subst.
1451 1477 1561 1518 b‘ziufig

889 1530 1019 1556 austatt
1037 1525 1130 1556 eines
1149 1525 1226 1566 Adj.
1247 1524 1442 1565 gebraucht.

937 1570 1013 1601 117.
1041 1572 1226 1612 superiore
1245 1581 1260 1601 e
1279 1570 1366 1610 loeo,
1391 1580 1482 1610 „von
1503 1569 1563 1601 der

890 1615 1181 1647 Rednerbiibne“.

936 1663 1174 1692 conniventem
1203 1661 1276 1692 hier
1300 1661 1331 1692 in
1360 1661 1418 1692 der
1435 1661 1560 1702 cigent-

889 1706 1000 1738 lichen
1020 1706 1234 1748 Bedeutung:
1268 1706 1350 1746 „die
1370 1707 1485 1747 Augen
1503 1717 1561 1738 zu-

890 1752 1083 1784 driicken“.

935 1799 994 1829 hie
1012 1816 1056 1821 —
1082 1798 1143 1829 ille
1169 1797 1302 1828 werden
1333 1797 1423 1829 nicht
1451 1797 1560 1829 selten

888 1854 925 1875 so
943 1843 1007 1874 wie
1036 1843 1111 1874 hier
1136 1842 1342 1883 gebraucht,
1371 1843 1449 1874 dass
1470 1843 1562 1874 n'zim-

888 1888 953 1919 lich
973 1889 1030 1919 hic
1056 1888 1115 1919 das
1145 1888 1382 1927 grammatisch
1404 1887 1563 1919 Entfern-

890 1938 983 1972 tere,
1023 1934 1104 1965 aber
1131 1934 1190 1964 der
1212 1932 1430 1974 Vorstcllung
1457 1933 1562 1966 niiher

889 1979 1062 2019 Liegcndc
1082 1979 1291 2010 bezeichnen

935 2024 1047 2056 Nemo
1073 2029 1138 2056 etc.
1185 2024 1276 2056 Oben
1308 2025 1369 2061 15,
1391 2025 1431 2055 3⁴
1462 2025 1559 2056 stand

890 2070 1044 2102 dasselbe
1103 2070 1276 2101 Distichon
1339 2069 1560 2110 vollstiindig.

888 2115 982 2148 Auch
1004 2116 1080 2147 Cat.
1102 2114 1147 2147 M.
1169 2115 1223 2155 20,
1247 2116 1287 2145 73
1314 2115 1398 2146 wird
1424 2126 1460 2147 es
1487 2116 1559 2147 dem

889 2161 1107 2193 Solonischen
1152 2160 1469 2201 entgegengestellt.
1517 2179 1563 2184 —-

889 2206 1009 2239 Cicero
1028 2208 1173 2247 vergisst
1193 2207 1266 2237 hier
1285 2206 1336 2237 bei
1354 2206 1479 2238 scinem
1493 2205 1563 2237 Ta-

889 2253 943 2284 del
962 2253 1020 2284 des
1036 2253 1149 2291 Solon,
1171 2252 1247 2283 dass
1265 2262 1339 2283 man
1362 2251 1453 2283 nicht
1471 2251 1562 2283 hloss

889 2309 942 2330 um
967 2299 1026 2330 das
1046 2297 1223 2330 Schicksal
1251 2297 1310 2329 der
1329 2296 1560 2329 Gestorbenen

887 2345 1009 2384 weint,
1041 2344 1184 2375 sondern
1213 2343 1296 2374 auch
1325 2352 1377 2374 um
1397 2343 1459 2374 den
1478 2341 1562 2374 Ver—

888 2390 976 2427 lust,
1006 2390 1068 2421 den
1088 2399 1163 2421 man
1182 2389 1283 2420 durch
1304 2388 1396 2420 ihren
1417 2377 1487 2419 'l‘od
1509 2398 1561 2419 er-

887 2435 991 2467 leidet
1019 2435 1183 2473 (weshalb
1203 2445 1240 2466 er
1265 2434 1307 2465 im
1327 2434 1402 2466 Cat.
1424 2431 1469 2465 M.
1491 2433 1514 2464 1.
1536 2434 1560 2465 1.

889 2492 930 2512 zu
951 2481 1068 2512 Solous
1087 2479 1215 2512 Vei-scu
1242 2489 1326 2520 ganz
1346 2478 1470 2518 richtig
1487 2478 1561 2509 hin-

890 2525 1027 2567 zufiigt:
1050 2527 1148 2566 Vult,
1165 2525 1282 2565 eredo,
1298 2536 1334 2557 se
1348 2535 1422 2556 esse
1436 2534 1560 2556 carum

889 2572 995 2612 suis).
