1684 2819
503 160 660 193 LIBER
685 159 890 197 1V.37,81.
936 161 1062 202 3S,S2.
1408 162 1487 201 209

83 276 272 328 cuiusque
294 288 346 314 ex
364 276 488 315 forma
505 276 727 329 perspicere
745 274 1013 328 profitebatur,
1035 275 1188 315 derisus
1207 283 1266 316 est
1283 290 1305 315 a
1323 277 1482 326 ceteris,

83 332 147 385 qui
170 332 235 372 illa
254 332 295 371 in
308 331 470 372 Socrate
490 332 586 372 vitia
607 346 685 371 non
707 338 981 384 agnoscerent,
1007 331 1054 370 ab
1075 332 1159 385 ipso
1181 338 1310 372 autem
1323 333 1486 372 Socrate

82 389 326 437 sublevatus,
342 402 457 441 quum
472 388 541 427 illa
558 388 631 428 sibi
649 388 780 438 insita,
795 388 863 428 sed
879 387 1032 427 ratione
1050 402 1072 427 a
1089 402 1132 428 se
1149 389 1301 428 deiecta
1319 388 1480 429 diceret.

193 444 297 496 Ergo
321 451 360 484 ut
382 445 526 498 optima
551 444 637 497 quis
662 444 886 484 valetudine
908 444 1068 484 affectus
1102 451 1230 497 potest
1259 444 1410 494 videri,
1446 453 1485 485 at
1507 453 1544 485 31

81 507 224 539 natura
245 500 292 539 ad
313 500 480 553 aliquem
504 501 680 540 morbum
703 500 937 554 proclivior:
963 500 1019 539 sie
1040 501 1192 540 animus
1217 501 1317 540 alius
1339 502 1385 541 ad
1410 502 1485 542 alia

79 556 173 604 vitia
196 557 443 610 propensior.
479 557 552 608 Qui
574 565 703 598 autem
728 571 805 596 non
829 563 991 604 natura,
1016 556 1084 596 sed
1107 557 1218 610 culpa
1240 558 1372 597 vitiosi
1395 570 1482 598 esse

79 612 285 660 dicuntur,
319 627 451 653 eorum
483 614 576 653 vitia
608 619 789 654 constant
817 625 837 651 e
860 612 968 651 falsis
991 612 1238 664 opinionibus
1260 627 1392 653 rerum
1413 614 1482 654 bo-

80 682 217 708 narum
241 677 279 708 et
299 670 513 719 malarum,
550 677 592 709 ut
611 670 661 710 sit
683 669 782 708 alius
806 669 853 707 ad
875 667 974 707 alios
996 675 1124 708 motus
1145 669 1482 733 perturbationes-

78 738 151 776 que
175 725 402 778 proclivior.
437 725 506 764 Inv
510 726 672 765 eteratio
705 731 859 772 autem,
894 731 936 763 ut
966 724 1005 762 in
1035 724 1288 777 corporibus,
1323 726 1479 779 aegrius

78 781 284 839 depellitur
305 796 418 839 quam
443 781 707 834 perturbati0‚
733 780 923 832 citiusque
945 780 1174 833 repentinus
1197 781 1397 821 oculorum
1422 789 1479 822 tu-

77 851 163 877 mor
183 850 253 876 san
258 844 361 886 itur,
387 850 500 889 quam
524 837 707 877 diuturna
729 836 914 890 lippitudo
938 836 1157 889 depellitur.

190 891 265 933 Sed
307 895 464 947 cognita
504 894 581 933 iam
623 906 764 933 caussa
801 892 1162 945 perturbationum,
1204 906 1303 944 quae
1342 907 1476 933 omnes
1493 892 1549 937 38

76 949 257 989 oriuntur
278 963 330 989 ex
350 950 505 990 iudiciis
529 949 757 1003 opinionum
781 957 817 989 et
845 948 1114 989 voluntatibus
1130 980 1139 998 ,
1173 949 1223 987 sit
1254 949 1331 988 iam
1364 950 1478 990 huius
1503 957 1542 988 82

75 1005 349 1059 disputationis
372 1007 524 1047 modus.
559 1006 667 1046 Scire
691 1013 827 1046 autem
843 1019 913 1045 nos
936 1012 1103 1059 oportet,
1129 1005 1312 1058 cognitis,
1351 1007 1478 1058 quoad

74 1068 238 1114 possunt
260 1063 307 1101 ab
330 1063 485 1103 homine
509 1063 716 1116 cognosci,
742 1062 931 1102 bonorum
955 1068 994 1101 et
1016 1061 1205 1101 malorum
1228 1061 1367 1101 finibus
1384 1093 1393 1109 ,
1420 1063 1478 1102 ni-

73 1118 124 1158 hil
147 1134 168 1158 a
190 1118 432 1172 philosophia
454 1132 571 1172 posse
595 1125 660 1158 aut
682 1119 806 1158 maius
828 1124 895 1157 aut
917 1118 1049 1158 utilius
1069 1118 1208 1170 optari,
1231 1132 1343 1170 quam
1367 1118 1476 1167 haec,

74 1188 172 1227 quae
196 1189 217 1214 a
242 1176 352 1215 nobis
376 1176 447 1215 hoc
477 1176 683 1228 quatriduo
716 1175 911 1228 disputata
940 1181 1044 1214 sunt.
1088 1174 1215 1214 Morte
1248 1174 1351 1213 enim
1382 1189 1476 1214 eon-

73 1238 219 1284 tempta
242 1238 281 1271 et
302 1232 437 1271 dolore
459 1233 506 1271 ad
527 1231 749 1285 patiendum
776 1232 905 1271 levato
921 1261 930 1278 ,
962 1230 1213 1271 adiunximus
1236 1231 1475 1270 sedationem

71 1287 354 1341 aegritudinis,
394 1303 467 1341 qua
491 1288 637 1327 nullum
662 1287 809 1327 homini
832 1287 975 1327 malum
999 1286 1122 1327 maius
1146 1295 1217 1327 est.
1252 1287 1338 1326 Etsi
1372 1288 1476 1327 enim

72 1344 198 1383 omnis
220 1344 340 1384 animi
361 1344 602 1398 perturbatio
625 1346 757 1398 gravis
780 1350 839 1385 est
861 1356 933 1383 nec
955 1343 1116 1382 multum
1134 1343 1259 1382 differt
1278 1344 1324 1382 ab
1337 1358 1475 1383 ⁸amen-

71 1399 140 1449 tia,
166 1407 294 1440 tamen
318 1408 490 1450 ceteros,
516 1415 633 1454 quum
651 1401 793 1441 suntin
811 1400 940 1453 aliqua
956 1400 1248 1454 perturbatione
1265 1407 1330 1439 aut
1349 1408 1473 1440 metus

69 1462 136 1495 aut
169 1456 340 1496 laetitiae
372 1464 438 1497 aut
467 1457 714 1511 cupiditatis,
759 1462 973 1496 commotos
1011 1457 1124 1495 modo
1157 1464 1195 1496 et
1226 1456 1472 1509 perturbatos

71 1512 201 1552 dicere
224 1513 420 1563 solemus,
447 1522 485 1554 at
507 1528 591 1562 eos,
619 1513 684 1566 qui
706 1527 748 1553 se
765 1512 998 1565 aegritudini
1018 1512 1263 1559 dediderunt,
1286 1512 1468 1562 miseros,

810 1642 923 1672 diesen
943 1640 1079 1672 Genitiv
1097 1651 1122 1671 s.
1145 1639 1203 1671 Ill.
1228 1640 1282 1680 22,
1300 1642 1340 1671 54
1361 1652 1401 1672 zu
1421 1652 1476 1672 eu-

69 1641 245 1683 (Nachher
271 1642 401 1673 schrieb
430 1643 629 1674 Aristoteles
658 1642 740 1673 iiber

809 1687 986 1718 lamz'latz's
1000 1688 1215 1726 praesentis.

69 1688 185 1718 diesen
213 1686 456 1728 Gegenstand)

116 1744 169 1775 221.
205 1744 422 1775 [zwetel-atio
450 1738 532 1785 (c‘c'ff.
563 1745 652 1786 λεγ.)
689 1755 735 1775 sc.

70 1792 148 1821 vitii
163 1789 328 1828 alieuius,
351 1788 405 1820 fiir
422 1791 659 1821 inveteratum
689 1792 738 1820 υί-

71 1837 175 1866 tium.
204 1833 280 1874 Vgl.
303 1834 363 1865 Ill.
385 1835 415 1874 5,
440 1835 472 1865 11
507 1835 736 1866 mediocritas

70 1880 282 1920 officiorum.
333 1879 394 1910 Die
427 1879 525 1910 Form
559 1880 616 1911 des
651 1880 735 1911 Aus-

70 1924 193 1956 drucks
218 1925 263 1956 ist
291 1925 363 1956 hier
391 1924 493 1955 durch
522 1925 584 1956 den
605 1924 735 1966 Gegen-

68 1975 140 2001 satz
166 1971 398 2011 perturbatio
425 1970 550 2009 (,.eine
575 1971 736 2002 voriiber-

67 2016 216 2055 gehende
235 2014 437 2056 Sto'rung*‘)
456 2015 660 2047 veranlasst.

113 2071 288 2113 lippitudo
299 2072 344 2103 ist
353 2071 630 2111 ,Αιηζθυίεῑί(163·’ί
639 2072 736 2103 iiber-

69 2117 189 2159 haupt;
209 2117 337 2148 beiden
351 2116 491 2148 Riiinern
510 2118 542 2148 in
555 2117 656 2159 Folge
675 2118 733 2149 des

68 2161 193 2193 Climas
208 2162 286 2193 sehr
298 2163 517 2202 gewohnlich.
531 2162 607 2194 Man
622 2163 734 2194 merke

67 2208 99 2238 in
125 2208 235 2248 Bezug
258 2208 318 2238 auf
337 2206 568 2239 Hrankheiten
593 2208 735 2240 diutur-

66 2263 131 2283 nus
157 2252 211 2284 fiir
237 2253 500 2293 „ehroniseh“‚
530 2256 734 2296 repentinus

69 2298 215 2337 „acut“.

112 2350 178 2389 38.
209 2353 262 2384 32.
292 2365 335 2385 ιε’-ἰ’-
360 2354 500 2386 iudiciis
527 2357 732 2396 opiniorum

67 2401 103 2429 et
133 2399 377 2430 voluntatibus
412 2410 508 2438 „aus
544 2399 729 2441 Urtheilen,

6 2471 7 2475 ,
67 2443 190 2475 welche
217 2444 277 2475 auf
298 2444 542 2485 Einbildungen
570 2446 729 2487 beruhen,

67 2488 134 2519 und
171 2498 230 2520 aus
262 2489 332 2520 dem
364 2489 490 2521 Willen
519 2491 617 2532 jedes
652 2491 732 2523 Ein-

67 2533 227 2564 zelnen“.

111 2592 214 2620 sit—
227 2591 328 2622 huius
348 2591 436 2633 disp.
457 2591 592 2623 modus·-
622 2591 730 2624 Ueber

157 2650 214 2677 Cic.
228 2650 346 2678 Tuscul.

854 1733 1006 1773 cognitis
1023 1731 1226 1770 —fim'bus‚
1257 1741 1298 1761 zu
1317 1730 1475 1762 welchem

808 1776 950 1808 Zwecke
967 1775 1084 1807 Cicero
1103 1775 1321 1806 unmittelbar
1334 1786 1394 1807 vor
1413 1776 1473 1808 den

805 1821 1017 1853 Tusculanen
1037 1821 1089 1851 die
1109 1821 1297 1851 bekannten
1314 1821 1331 1851 5
1345 1821 1476 1853 Biicher

805 1866 1023 1908 geschrieben
1043 1866 1150 1897 hatte.

851 1923 871 1943 a
902 1912 1146 1954 philosophia,

806 1958 1007 1998 „woher‘f‘6

851 2003 898 2034 ad
919 2001 1130 2044 pateemlam
1160 2026 1182 2042 „
1196 2012 1230 2032 so
1258 2002 1334 2033 dass
1363 2014 1399 2033 er
1417 2014 1475 2079 ef·

805 2048 948 2088 traglieh
967 2048 1087 2078 wir“d
1128 2058 1154 2078 5.
1177 2047 1259 2078 oben
1279 2058 1320 2078 zu
1342 2048 1379 2078 17

851 2098 967 2125 tamen
987 2097 1134 2124 eeteros.
1158 2091 1332 2123 Zwischen
1353 2093 1473 2125 beiden

804 2138 847 2170 W
853 2141 944 2170 ‹irter
948 2149 966 2169 n
981 2138 1088 2169 haben
1106 2137 1171 2168 fast
1185 2137 1249 2168 alle
1260 2137 1401 2170 Hdschr
1419 2139 1471 2169 ein

804 2187 866 2224 ila,
888 2184 1036 2215 welches
1055 2193 1128 2213 man
1157 2182 1211 2213 fiir
1229 2183 1471 2223 restringirend

804 2230 869 2261 und
889 2229 949 2260 auf
963 2229 1023 2259 das
1044 2228 1121 2268 l'olg.
1140 2238 1245 2268 quum
1267 2228 1471 2260 hinweisend

803 2275 850 2315 („
862 2274 1022 2305 insofern.
1038 2273 1069 2303 in
1085 2273 1155 2304 dem
1169 2272 1471 2313 Falle—wenw‘)

804 2320 946 2357 erkl‘zirt,
967 2320 1031 2351 wie
1059 2321 1110 2349 ita
1135 2318 1319 2359 allerdiugs
1343 2319 1393 2350 oft
1416 2330 1472 2360 ge-

802 2365 941 2396 braueht
959 2364 1059 2404 wird,
1080 2364 1225 2395 welches
1250 2363 1332 2395 aber
1357 2365 1468 2403 hier,

802 2410 1003 2443 namentlich
1032 2409 1136 2440 neben
1165 2412 1310 2444 eeteros,
1340 2409 1371 2439 in
1392 2410 1470 2441 wel-

801 2457 895 2487 chem
921 2456 1021 2489 sehon
1051 2455 1123 2486 eine
1143 2453 1347 2485 Restriction
1373 2454 1466 2495 liegt,

801 2511 884 2541 ganz
902 2501 1026 2540 miissig
1043 2499 1108 2530 und
1128 2510 1189 2530 nur
1208 2498 1342 2529 st‘o'rend
1364 2499 1420 2530 ist.

843 2547 1119 2587 perturbatione
1138 2548 1263 2578 melus,
1288 2543 1349 2575 wie
1370 2544 1465 2583 1015,

804 2592 865 2622 109
890 2592 989 2623 bonis
1010 2590 1129 2622 laudis
1149 2593 1185 2620 et
1198 2590 1349 2631 gloriae.

1220 2651 1265 2684 14

1188 1911 1249 1942 auf
1280 1912 1331 1943 die
1366 1911 1472 1953 Frage
