1684 2819
657 164 735 196 LIB.
752 163 791 196 11.
829 163 919 196 CAP.
940 163 968 196 1.
988 164 1018 196 2.
1460 164 1537 203 109

1193 201 1217 213 κ

133 280 248 307 6111116
271 266 572 306 consumebatur
591 267 632 305 in
653 267 834 317 legendo,
864 266 1057 305 scribendi
1079 266 1202 305 otium
1223 278 1304 305 non
1326 271 1416 305 erat.
1456 266 1538 305 Ma·
1565 268 1590 306 :2

130 324 242 363 ximis
257 323 379 374 igitur
399 322 438 361 in
459 323 569 361 malis
591 324 667 362 hoc
687 329 815 362 tamen
835 323 929 361 boni
951 322 1120 362 adsecuti
1142 322 1328 369 videmur,
1350 327 1393 361 ut
1414 334 1456 360 ea
1476 322 1538 360 lit-
1570 332 1587 360 5

131 379 221 419 teris
254 379 546 425 mandaremus,
582 392 677 430 quae
710 392 782 418 nec
818 386 925 417 erant
953 380 1046 418 satis
1074 384 1167 417 nota
1194 378 1339 417 nostris
1369 383 1405 417 et
1432 384 1542 417 erant

131 436 352 486 cognitione
379 436 615 486 dignissima.
665 436 765 483 Quid
787 435 889 474 enim
913 441 989 481 est,
1018 447 1088 486 per
1109 435 1219 481 deos,
1248 435 1453 486 optabilius
1476 447 1540 473 sa-

129 492 288 543 pientia,
317 492 404 542 quid
429 492 703 543 praestantius,
727 492 817 543 quid
841 492 990 530 homini
1012 491 1165 537 melius,
1187 491 1279 542 quid
1300 491 1459 529 homine
1481 490 1540 529 di-

132 547 274 599 gnius‘?
331 548 439 587 Hanc
468 548 582 599 igitur
612 548 675 599 qui
703 553 886 599 expetunt
912 548 1137 598 philosophi
1165 547 1435 593 nominantur,
1471 559 1543 585 nec

131 605 336 655 quicquam
361 604 459 643 aliud
483 610 540 643 est
560 603 818 655 philosophia,
841 604 874 642 si
894 604 1136 654 interpretari
1156 603 1260 649 velis,
1285 608 1434 654 praeter
1455 608 1540 641 stu-

130 661 236 699 dium
265 660 481 711 sapientiae.
525 661 720 711 Sapientia
748 666 877 699 autem
905 665 978 707 est,
1013 665 1054 698 ut
1087 672 1107 697 a
1141 659 1332 698 veteribus
1363 659 1540 710 philoso-

130 718 218 768 phis
248 717 446 755 delinitum
474 722 548 764 est,
576 729 705 755 rerum
734 716 948 755 divinarum
977 721 1014 753 et
1036 716 1293 754 humanarum
1318 727 1540 754 causarum—

130 786 213 824 que,
235 773 374 824 quibus
398 786 461 812 eae
481 785 542 811 res
566 773 823 819 continentur,
846 772 1014 817 scientia,
1038 773 1145 810 cuius
1169 772 1338 810 studium
1360 772 1425 822 qui
1440 771 1542 809 vitu-

128 834 236 880 perat
269 829 368 867 haud
405 841 495 867 sane
528 829 705 879 intellego
736 828 918 879 quidnam
950 828 997 865 sit
1027 828 1128 877 quod
1159 828 1393 866 laudandum
1420 832 1540 878 putet.

127 885 224 923 Nam
252 885 330 923 sive
359 885 558 923 oblectatio
589 885 783 936 quaeritur
811 884 927 923 animi
955 884 1184 934 1·equies‹j[ue
1216 896 1414 927 curarum,
1445 895 1541 933 quae
1571 891 1590 920 <5

129 940 295 979 conferri
319 953 405 979 cum
428 954 562 979 eorum
588 941 722 979 studiis
746 946 886 991 potest,
910 940 975 991 qui
997 952 1152 990 semper
1173 939 1312 989 aliquid
1332 939 1542 990 anquirunt

131 998 234 1048 quod
270 1002 416 1048 spectet
451 1003 487 1035 et
514 997 631 1036 valeat
657 997 703 1035 ad
730 997 828 1035 hene
855 996 1040 1047 beateque
1068 994 1300 1034 vivendum?
1338 995 1416 1033 sive
1443 995 1540 1033 ratio

131 1053 371 1093 constantiae
387 1053 612 1104 virtutisque
631 1053 794 1099 ducitu1,
818 1058 883 1091 aut
903 1053 996 1090 haec
1014 1065 1075 1090 ars
1093 1057 1150 1090 est
1168 1057 1230 1089 aut
1246 1052 1349 1089 nulla
1368 1051 1541 1097 omnino,

130 1122 200 1162 per
227 1122 340 1160 quam
370 1123 434 1148 eas
463 1108 946 1160 adsequamur.Nullum
968 1109 1094 1146 dicere
1122 1108 1378 1146 maximarum
1407 1120 1541 1145 16111111

131 1171 251 1206 artem
280 1179 384 1211 esse,
420 1179 506 1204 611111
539 1166 788 1204 111111111111111111
818 1166 901 1203 sine
930 1170 1008 1202 arte
1036 1164 1134 1202 nulla
1163 1164 1228 1208 sit,
1256 1162 1462 1201 hominum
1485 1168 1542 1201 est

130 1235 268 1274 parum
287 1222 526 1260 considelate
541 1222 783 1272 loquentium
803 1226 914 1271 atque
931 1220 970 1258 in
988 1220 1165 1258 maximis
1182 1219 1300 1257 rebus
1317 1219 1540 1258 errantium.

133 1279 172 1317 Si
202 1284 330 1317 autem
357 1284 416 1316 est
443 1278 564 1328 aliqua
594 1278 794 1328 disciplina
824 1276 993 1322 virtutis,
1029 1276 1092 1314 11111
1128 1289 1170 1314 ea
1198 1280 1418 1326 quaeretur,
1454 1274 1542 1314 cuni

132 1335 178 1374 ab
200 1335 276 1373 hoc
296 1334 469 1372 discendi
490 1346 629 1384 genere
650 1331 906 1372 discesseris?
943 1332 1016 1371 Sed
1046 1333 1156 1377 haec,
1184 1344 1270 1370 cum
1294 1332 1340 1369 ad
1364 1331 1542 1382 philoso-

132 1391 262 1442 phiam
285 1391 544 1437 cohortamur,
565 1390 779 1429 accuratius
802 1389 988 1440 disputari
1005 1389 1141 1435 solent,
1163 1388 1267 1439 quod
1283 1388 1355 1425 alio
1375 1387 1544 1438 quodam

132 1447 229 1486 libro
258 1447 430 1485 fecimus
486 1447 570 1485 Hoc
597 1452 723 1485 autem
752 1452 927 1498 tempore
956 1450 1105 1483 tantum
1134 1444 1247 1482 nobis
1270 1443 1543 1483 declarandum

135 1548 228 1588 dings
252 1551 345 1589 passt
369 1557 410 1578 zu
432 1546 467 1578 id
486 1549 601 1579 autem
624 1557 801 1579 cons-mne-

136 1594 236 1625 batm-
252 1603 313 1623 nur
330 1592 388 1624 der
405 1592 531 1632 Beg1·iff
546 1595 686 1635 tempus.

181 1638 412 1681 superfuerat
426 1637 521 1677 iibrig
534 1637 705 1677 geblieben
722 1647 802 1668 war

135 1683 202 1715 Das
211 1681 571 1724 Plusquamperfectum
585 1683 648 1713 wie
665 1682 803 1713 Sallust.

135 1728 204 1768 lug.
223 1727 275 1768 26,
293 1727 312 1758 3
337 1738 451 1759 omnes
471 1729 618 1770 puberes
636 1728 661 1760 J
664 1726 803 1758 umidas

136 1776 169 1805 et
180 1775 413 1814 negotiatores
426 1773 630 1816 prome'scue,
648 1774 701 1804 uti
715 1773 805 1814 quis-

136 1829 199 1860 que
222 1819 351 1850 obviam
371 1819 461 1859 sae]
463 1820 500 1849 at
536 1819 714 1858 (entgegen
744 1827 803 1858 ge-

135 1864 287 1894 kormnen
312 1865 399 1901 war)
410 1863 635 1903 ,intersecet
675 1862 740 1893 Cic.
764 1862 805 1893 ad

137 1908 247 1950 Quint
265 1907 304 1939 fr
314 1907 351 1947 ll,
362 1907 392 1948 6,
402 1907 421 1938 2
435 1906 614 1939 Luccemm
629 1908 805 1939 contenire

135 1964 201 1985 non
217 1955 414 1996 potueram,
440 1963 518 1994 qma
533 1953 696 1994 alffaerat
720 1952 805 1992 (sich

138 1997 284 2030 entl'ernt
303 1998 417 2038 hatte).

182 2037 223 2074 2.
252 2043 283 2074 5.
308 2041 483 2086 Sapientia
500 2045 615 2074 autem
629 2045 696 2074 est:
709 2041 733 2082 l,
750 2041 804 2082 43,

141 2087 216 2119 153.
241 2087 340 2119 Tusc.
371 2087 425 2127 IV,
451 2087 504 2128 26,
530 2088 571 2118 57
603 2088 807 2131 sapz‘mztiam

140 2144 214 2165 esse
227 2132 299 2164 dieo
312 2142 429 2164 reram
437 2132 627 2164 divinarum
644 2135 677 2163 et
688 2132 808 2163 hama-

138 2187 263 2210 narum
294 2179 468 2209 sm'entlam
506 2179 807 2219 cognitionemque,

141 2233 224 2265 quae
247 2224 408 2264 cuiusque
430 2224 483 2254 rei
503 2233 606 2254 cansa
629 2224 682 2253 sit.
723 2222 807 2253 Dass

140 2269 173 2299 in
191 2268 302 2298 dieser
319 2267 497 2298 Definition
515 2267 621 2307 gleich
640 2267 691 2298 die
712 2267 808 2298 Drei-

141 2312 291 2352 theilung
317 2313 376 2343 der
393 2312 603 2354 philosophie
622 2312 652 2343 in
674 2311 808 2343 9111161(-

142 2358 207 2398 tik,
232 2356 375 2400 Physik,
400 2357 500 2388 Ethik
527 2357 726 2398 angedeutet
750 2357 810 2397 sei,

142 2403 199 2434 hat
214 2412 288 2433 man
308 2402 397 2434 nicht
413 2403 649 2443 anzunehmen,
667 2402 730 2433 wie
750 2402 811 2433 Se—

144 2457 226 2478 neca
243 2457 293 2489 ep.
311 2447 388 2487 XV,
405 2447 433 2487 1,
449 2448 467 2478 5
486 2448 591 2488 zeigt:
611 2447 746 2489 quidam
762 2448 812 2478 z'ta

148 2491 339 2531 (finierunt)
359 2494 529 2535 sapientia
545 2496 598 2525 est
615 2503 715 2524 nosse
728 2492 810 2524 divi-

145 2546 191 2568 na
218 2539 253 2568 et
277 2537 426 2569 humana
458 2541 491 2570 et
521 2540 645 2571 horam
675 2548 808 2570 causas.

144 2580 402 2625 Supervacmzea
439 2585 524 2616 mike·
561 2583 695 2616 videtur
731 2584 810 2616 haec

877 1546 1030 1584 adiectio,
1049 1546 1127 1587 quia
1140 1555 1264 1577 causae
1277 1543 1470 1577 «tarenorum
1483 1544 1544 1576 Ιιιι-

875 1601 1119 1632 manoramqae
1140 1601 1225 1633 pars
1243 1590 1437 1622 divinornm
1453 1591 1545 1620 sunt.

876 1636 994 1676 H'ziuflg
1027 1635 1130 1666 bleibt
1162 1636 1273 1666 dieser
1306 1634 1431 1666 Zusatz
1464 1634 1545 1665 auch

877 1692 962 1722 weg.

923 1726 953 1757 6.
995 1737 1081 1768 quae
1113 1725 1266 1767 conferri
1303 1724 1437 1756 bezieht
1476 1724 1543 1755 sich

877 1772 970 1803 mehr
986 1771 1046 1802 auf
1060 1770 1233 1802 oblectatio
1256 1770 1305 1801 als
1330 1769 1389 1801 auf
1410 1769 1467 1800 das
1485 1779 1547 1800 nur

876 1816 1054 1856 beil'aufige
1072 1816 1222 1857 requies.

924 1862 1093 1893 rationem
1110 1860 1232 1892 (lucere
1244 1874 1289 1886 =
1309 1859 1471 1891 rationem
1489 1859 1547 1889 ha-

877 1906 968 1946 bere,
992 1916 1050 1948 pro
1066 1906 1154 1936 Sest.
1176 1904 1224 1947 10,
1243 1904 1284 1936 23
1316 1905 1426 1947 officii
1441 1905 1549 1936 ratio-

878 1962 955 1984 nem
971 1952 1006 1982 ιἰι
1026 1952 1118 1982 omni
1133 1952 1202 1982 vita
1215 1960 1282 1982 non
1296 1949 1464 1982 commodi
1475 1960 1548 1980 esse
1586 1968 1593 1971 -

880 1996 1075 2029 ducendam.

926 2052 982 2073 eas
992 2041 1088 2072 11111111.
1101 2041 1330 2073 constantiam
1339 2042 1547 2072 etz-z‘rtutem.

925 2089 1053 2118 artem:
1096 2096 1156 2117 ars
1199 2086 1243 2116 ist
1280 2085 1351 2116 hier
1378 2099 1424 2111 =
1452 2085 1548 2124 ratio,

880 2130 1138 2171 Wissenschaft,
1158 2130 1303 2173 System,
1321 2129 1431 2160 wofiir
1448 2133 1550 2160 unten

881 2176 1057 2220 disciplina
1074 2180 1191 2215 gesagt
1210 2176 1271 2214 ist3
1300 2175 1390 2206 Brut.
1411 2174 1465 2212 41,
1488 2173 1549 2205 152

881 2223 967 2253 iaris
1013 2221 1117 2252 cit-ilis
1164 2230 1330 2262 magnum
1376 2230 1480 2251 usum
1518 2222 1551 2251 et

882 2266 975 2309 apud
1004 2265 1199 2297 Scaevolam
1232 2268 1265 2296 et
1295 2265 1389 2307 apud
1426 2265 1551 2297 maltos

874 2312 1003 2353 faisse,
1023 2314 1133 2343 artem.
1149 2313 1182 2342 ιή
1200 2311 1261 2341 1106
1278 2320 1355 2341 ιιιιο.
1388 2310 1446 2342 Ha·
1463 2312 1552 2342 enim

884 2356 1000 2388 attulit
1021 2357 1106 2388 lzanc
1129 2358 1240 2387 artem
1263 2357 1413 2386 omnium
1435 2356 1552 2386 maa-i-

883 2412 974 2433 mam
988 2402 1034 2433 ad
1049 2412 1097 2443 ea,
1115 2412 1199 2443 quae
1212 2401 1353 2442 confuse
1366 2401 1407 2431 ab
1420 2400 1495 2432 aliis·
1506 2418 1552 2423 —-

884 2448 1087 2489 agebantur.

928 2492 993 2524 alio
1011 2492 1154 2534 quodam
1170 2491 1272 2523 libro:
1296 2492 1335 2522 de
1350 2491 1449 2523 divin.
1466 2489 1504 2530 Π,
1523 2491 1551 2532 1,

886 2537 901 2568 1
921 2548 998 2569 nam
1017 2541 1049 2569 et
1065 2538 1236 2569 cohortati
1257 2546 1394 2575 smnus,
1420 2538 1461 2567 ut
1480 2546 1553 2568 ma-

881 2584 977 2615 xime
991 2585 1168 2627 potuimus
1181 2582 1227 2614 ad
1236 2582 1468 2626 philosophiae
1480 2584 1554 2614 stu-
