1684 2819
535 155 757 189 LissERu.
787 157 842 198 22,
863 156 918 189 53.
955 156 1009 197 23,
1031 156 1086 187 54.

1440 157 1519 196 105

110 286 223 325 quum
247 272 365 325 Cypri
386 272 426 311 in
448 285 587 311 manus
608 271 884 311 Nicocreontis
907 271 1013 324 regis
1035 270 1256 319 incidisset,
1280 269 1428 310 nullum
1451 284 1520 325 ge-

110 342 183 369 nus
205 327 387 381 supplicii
419 328 649 381 deprecatus
680 334 741 368 est
769 341 895 380 neque
927 326 1143 367 recusavit.
1189 326 1361 367 Calanus
1384 326 1516 377 Indus⁷

108 384 289 424 indoctus
314 398 358 424 ac
379 384 570 425 barbarus
586 415 596 434 ,
612 384 670 424 ·in
691 384 889 425 radicibus
914 383 1080 424 Caucasi
1112 390 1252 433 natus,
1286 397 1356 424 sua
1376 383 1518 423 volun-

110 448 190 480 tate
210 440 329 481 vivus
352 440 574 481 combustus
598 448 669 481 est.
708 441 818 491 Nos,
845 441 878 481 si
888 455 967 499 pes
991 440 1216 495 condoluit,
1248 439 1282 480 si
1305 440 1424 489 dens,
1451 440 1521 480 sed

110 497 171 536 fac
192 503 316 537 totum
339 497 472 537 dolere
495 511 654 551 corpus,
680 499 785 537 ferre
808 492 891 537 non
909 510 1134 551 possumus.
1171 496 1311 550 Opinio
1333 501 1395 536 est
1417 496 1520 536 enim

110 546 299 616 quaedam
323 552 546 593 effeminata
569 568 612 594 ac
632 554 747 605 levis,
772 568 844 594 nec
865 553 905 593 in
924 552 1059 593 dolore
1081 553 1222 606 magis,
1248 567 1363 606 quam
1386 553 1521 593 eadem

110 609 151 649 in
172 610 398 663 voluptate,
435 624 510 663 qua
533 625 649 663 quum
680 587 932 663 liquescimus
954 609 1185 662 fluimusque
1207 609 1400 658 mollitia,
1436 608 1520 662 apis

111 666 286 706 aculeum
319 666 404 706 sine
438 667 609 706 clamore
640 667 745 706 ferre
776 680 856 705 non
887 678 1109 719 possumus.
1162 664 1214 704 At
1246 679 1344 706 vero
1368 666 1413 705 C.
1437 665 1522 705 Ma-

109 722 194 763 rius
209 754 218 772 ‚
243 723 467 762 rusticanus
488 722 576 771 vir,
602 722 669 762 sed
693 722 806 775 plane
827 722 913 770 vir,
941 735 1056 774 quum
1080 728 1306 771 secaretur,
1341 729 1384 761 ut
1405 736 1523 776 supra

111 779 218 827 dixi,
253 778 444 832 principio
467 778 593 818 vetuit
625 792 666 818 se
698 778 878 831 alligari3
913 791 985 818 nec
1007 778 1210 831 quisquam
1242 784 1333 817 ante
1354 779 1522 818 Marium

109 835 263 875 solutus
286 835 429 874 dicitur
451 848 539 875 esse
555 842 701 875 sectus.
739 835 819 875 Cur
840 848 935 888 ergo
958 841 1093 888 postea
1116 834 1208 874 alii?
1232 834 1366 874 Valuit
1387 842 1524 874 aucto-

109 891 221 930 ritas.
255 890 426 931 Videsne
448 891 593 944 igitur,
628 891 824 945 opinionis
847 905 958 941 3553,
984 905 1062 930 non
1085 898 1250 930 naturae
1271 891 1443 931 malum?
1473 891 1524 930 Et

109 955 240 987 tamen
273 947 391 988 fuisse
424 961 554 988 acrem
586 962 761 989 morsum
793 948 966 997 doloris,
1008 948 1111 988 idem
1141 946 1290 988 Marius
1324 947 1520 996 ostendit3

111 1017 201 1044 crus
234 1004 336 1043 enim
368 1004 533 1044 alterum
565 1018 643 1044 non
675 1004 867 1058 praebuit.
921 1004 976 1044 Ita
1000 1011 1039 1044 et
1071 1004 1161 1044 tulit
1183 1004 1357 1044 dolorem
1382 1011 1422 1043 ut
1442 1004 1521 1052 vir,

112 1067 149 1101 et
170 1067 213 1101 ut
236 1061 352 1100 homo
371 1061 560 1100 maiorem
579 1062 684 1100 ferre
702 1062 787 1102 sine
805 1074 945 1101 caussa
962 1061 1189 1102 necessaria
1203 1060 1342 1100 noluit.
1379 1060 1525 1099 Totum

111 1117 232 1170 igitur
253 1116 294 1156 in
317 1130 362 1156 eo
386 1123 460 1166 est,
487 1124 530 1156 ut
550 1117 619 1157 tibi
641 1118 827 1171 imperes.

228 1172 389 1213 Ostendi
418 1180 545 1213 autem
561 1204 571 1223 ,
606 1176 707 1227 quod
731 1181 836 1215 esset
862 1173 1081 1226 imperandi
1105 1187 1255 1227 genus;
1291 1180 1407 1226 atque
1429 1174 1526 1213 haec

113 1229 318 1282 cogitati0‚
352 1230 441 1282 quid
474 1230 683 1283 patientia,
720 1231 809 1283 quid
842 1230 1093 1279 fortitudine,
1131 1230 1223 1283 quid
1254 1230 1526 1283 magnitudine

113 1286 233 1325 animi
265 1286 536 1339 dignissimum
571 1287 644 1337 sit,
680 1301 759 1327 non
793 1287 919 1327 solum
953 1286 1124 1326 animum
1168 1287 1412 1339 comprimit‚
1457 1287 1524 1326 sed

111 1342 237 1395 ipsum
270 1343 385 1382 etiam
418 1343 616 1393 dolorem,
652 1343 785 1384 nescio
817 1357 892 1396 quo
925 1350 1053 1396 pacto,
1087 1342 1281 1383 mitiorem
1312 1343 1421 1383 facit.

228 1399 277 1440 Ut
299 1398 403 1438 enim
426 1399 467 1438 fit
486 1399 527 1439 in
549 1400 717 1453 proelio,
742 1407 784 1440 ut
809 1400 977 1453 ignavus
999 1399 1112 1439 miles
1134 1413 1178 1440 ac
1199 1399 1375 1448 timidus,
1409 1398 1526 1439 simul
1545 1397 1601 1442 23

112 1468 157 1494 ac
177 1455 322 1495 viderit
354 1456 530 1506 hostem,
564 1456 716 1496 abiecto
748 1463 862 1497 scuto
893 1455 1043 1509 fugiat,
1076 1463 1262 1519 quantum
1293 1456 1437 1509 possit,
1476 1455 1523 1494 ob
1552 1462 1593 1493 54

114 1524 278 1564 eamque
301 1525 479 1552 caussam
506 1520 656 1566 pereat,
688 1527 982 1566 nonnumquam
1005 1513 1123 1552 etiam
1152 1513 1310 1572 integro
1343 1525 1524 1564 corpore,

115 1581 231 1620 quum
254 1568 305 1617 ei,
332 1569 394 1620 qui
418 1568 588 1617 steterit,
613 1569 709 1609 nihil
742 1570 818 1609 tale
851 1569 1051 1609 evenerit:
1086 1569 1158 1617 sic,
1184 1568 1249 1620 qui
1272 1568 1417 1608 doloris
1441 1581 1528 1631 spe-

116 1623 214 1663 ciem
236 1599 340 1664 ferie
365 1638 443 1663 non
465 1632 644 1677 possunt,
672 1625 864 1665 abiiciunt
884 1638 928 1665 se
950 1631 1066 1677 atque
1088 1624 1141 1663 ita
1164 1624 1292 1664 afflicti
1321 1632 1359 1664 et
1389 1623 1530 1664 exani-

1546 673 1587 704 53

115 1751 226 1783 Lehre
239 1751 442 1789 Democrit&
463 1752 632 1793 Begleiter
642 1752 790 1785 Alexan-

895 1755 1122 1796 fluimusque
1134 1753 1306 1785 mollitia.
1326 1752 1459 1785 SoVell.
1474 1753 1499 1785 I.
1513 1753 1532 1784 6

116 1798 193 1829 ders
218 1797 250 1828 d.
272 1796 329 1828 Gr.
345 1822 353 1837 ,
391 1798 482 1829 hatte
514 1798 576 1829 den
602 1797 787 1830 Nicocreon

858 1809 891 1829 u.
912 1798 954 1829 Il.
977 1798 1018 1829 88
1044 1798 1281 1840 molle'tv'z'sfl.‚
1303 1798 1465 1830 Liv.Vll.
1488 1798 1529 1829 29

116 1842 234 1874 friiher
251 1842 373 1873 einmal
398 1843 577 1884 beleidigt,
604 1844 715 1875 wofiir
732 1844 787 1875 ihn

116 1888 229 1919 dieser
254 1888 337 1919 nach
365 1888 578 1920 Alexanders
596 1888 688 1921 Tode
713 1900 789 1921 zer-

116 1934 275 1965 sseischen
294 1933 387 1964 liess.

165 1979 340 2017 Caluum,
370 1979 423 2010 ein
449 1979 622 2011 indischer
642 1978 789 2023 Gymno-

116 2023 259 2066 sophist‚
283 2024 399 2055 wurde
424 2024 485 2056 mit
509 2024 703 2056 Alexander
729 2025 788 2057 be-

116 2068 285 2100 freundet.
322 2068 357 2100 In
376 2069 502 2101 seinem
522 2070 576 2102 73.
597 2070 698 2102 Jahre
724 2070 788 2111 gab

116 2125 153 2146 er
169 2124 284 2155 wegen
304 2112 492 2147 Hrankheit
509 2116 580 2147 sich
599 2116 704 2148 selbst
725 2116 786 2147 den

116 2158 296 2191 Feuertod.

165 2205 350 2237 Caucasus
376 2210 498 2237 nannte
522 2215 599 2237 man
625 2206 707 2237 auch
736 2206 788 2238 die

119 2249 282 2281 ostlichen
297 2249 567 2291 Fortsetzungen
586 2252 644 2283 des
662 2252 791 2293 cigent-

116 2295 227 2327 lichen
241 2295 412 2327 Caucasus
426 2296 476 2328 bis
491 2297 574 2328 nach
585 2296 697 2328 Indieu
714 2297 768 2328 hin
781 2309 789 2337 3

118 2341 186 2382 vgl.
206 2339 247 2372 V.
270 2341 326 2381 27,
349 2342 404 2373 77.

165 2386 226 2417 sed
240 2386 312 2428 sac
338 2390 405 2418 etc.
430 2383 553 2418 ’Sinnz
588 2386 698 2420 Wenn
730 2397 792 2419 uns

122 2430 174 2462 ein
199 2430 304 2471 Fuss,
333 2431 385 2463 ein
412 2431 506 2463 Zahn
541 2433 729 2474 schmerzt,
757 2443 792 2464 so

122 2474 252 2508 konnen
264 2477 328 2508 wir
340 2487 375 2508 es
390 2477 482 2509 nicht
495 2483 672 2518 ertragen,
664 2490 671 2497 ·
693 2478 793 2510 stelle

125 2521 177 2551 dir
192 2521 344 2553 vollends
363 2533 437 2563 vor,
465 2523 524 2555 der
541 2533 646 2565 ganze
664 2503 796 2566 li'o‘rper

123 2566 283 2608 empfinde
303 2567 524 2610 Schmerzen3
543 2569 608 2601 wie
627 2569 794 2610 geberden

126 2610 188 2641 wir
205 2621 265 2643 uns
291 2612 398 2644 daun!

860 1842 1350 1886 luxuflnere.Gewijhnlicher
1359 1843 1530 1885 (Ilfflaere.

905 1889 960 1920 53.
989 1892 1033 1920 ut
1051 1898 1161 1930 supra
1181 1889 1272 1928 (limi,
1300 1900 1328 1920 s.
1351 1890 1405 1929 15,
1428 1890 1484 1921 35.

905 1934 989 1965 tulit
1004 1934 1163 1965 dolorem
1178 1939 1242 1965 etc.
1262 1934 1331 1966 Der
1341 1933 1530 1975 Gegensatz

859 1979 1026 2011 zwischen
1055 1981 1113 2010 vz'r
1137 1980 1203 2010 und
1227 1981 1331 2012 [tomo
1359 1980 1434 2012 tritt
1460 1980 1533 2011 hier

859 2024 962 2056 durch
981 2024 1043 2055 den
1064 2024 1240 2056 Chiasmus
1264 2035 1317 2056 um
1336 2036 1371 2056 so
1391 2025 1534 2057 schoner

859 2070 994 2101 hervor.
1032 2069 1110 2109 Vgl.
1139 2070 1180 2101 ad
1207 2068 1246 2110 Q.
1277 2070 1319 2102 fr.
1349 2070 1390 2102 ll.
1415 2070 1468 2111 11,
1491 2071 1529 2101 3:

859 2118 977 2146 virum
998 2118 1032 2146 te
1044 2116 1182 2156 putabo
1199 2132 1244 2138 —
1262 2116 1439 2147 hominem
1463 2126 1530 2147 ηοη

854 2161 1006 2202 putabo.
1042 2178 1087 2183 -
1129 2160 1288 2191 Dieselbe
1330 2160 1533 2193 Geschichte

860 2205 1131 2237 ausffihrlicher:
1159 2204 1249 2237 Plut.
1270 2205 1357 2238 Mar.
1385 2217 1415 2238 c.
1437 2206 1469 2237 6.

907 2253 1068 2282 animum
1106 2253 1323 2292 comprimit.
1381 2252 1533 2283 Animus

861 2296 934 2328 hier
960 2296 1003 2327 im
1031 2306 1155 2337 eugern
1174 2296 1276 2328 Siune
1293 2311 1339 2322 =
1357 2293 1375 2328 ὀ
1392 2292 1531 2339 θυμός,

862 2342 921 2373 das
942 2340 1079 2382 Geffihl,
1099 2344 1156 2373 ἱνα
1175 2341 1216 2382 (l.
1240 2342 1295 2382 10,
1315 2342 1389 2383 30).
1428 2341 1471 2372 So
1500 2352 1530 2382 p.

862 2385 968 2418 Marc.
990 2387 1022 2427 3,
1044 2387 1083 2418 8:
1114 2389 1272 2418 animum
1289 2389 1439 2426 vincere,
1462 2389 1534 2418 lra-

864 2432 1029 2464 cmzdlam
1048 2433 1212 2464 cohibere
1229 2450 1272 2455 —-
1286 2433 1373 2464 haec
1391 2434 1455 2473 quz'
1468 2431 1535 2472 sa-

864 2480 948 2518 ciat,
975 2487 1051 2509 eum
1071 2477 1293 2509 simillimum
1313 2478 1376 2509 cleo
1394 2476 1514 2508 iudico
1524 2488 1535 2513 ,-

865 2522 945 2554 Hor.
965 2522 1065 2565 epist.
1088 2522 1114 2554 Ι.
1130 2522 1164 2563 2,
1181 2522 1222 2554 63
1242 2523 1334 2554 hunc
1352 2522 1390 2563 (i.
1407 2532 1438 2554 e.
1457 2524 1536 2553 ani-

865 2568 975 2606 mum)
994 2568 1138 2610 frenis,
1174 2569 1266 2599 hunc
1293 2571 1331 2598 tzc
1359 2577 1537 2609 compesce

868 2617 1005 2644 catena.
1032 2612 1110 2654 Vgl.
1131 2611 1190 2644 IV.
1214 2612 1267 2653 18,
1287 2612 1343 2645 41.
