1684 2819
602 193 679 227 LlB.
698 192 750 226 ΠΙ.
788 192 879 226 CAP.
899 193 953 226 33.
1393 191 1474 231 219

83 299 114 338 si
142 310 229 338 cum
257 297 456 336 honestate
488 297 722 348 voluptatem
755 302 948 348 tamquam
983 307 1070 333 cum
1102 294 1258 333 homine
1289 294 1475 345 pecudem

85 353 376 405 copulavissent.
418 353 505 392 Non
522 353 655 404 recipit
671 353 782 391 istam
801 351 1110 391 coniunctionem
1128 351 1324 395 honestas,
1342 361 1475 400 asper-

84 415 216 456 natur,
244 410 404 461 repellit.
445 409 523 448 Nec
543 422 632 447 vero
655 409 742 447 linis
764 408 957 447 bonorum
983 409 1031 456 [et
1050 407 1273 455 maloruml,
1296 405 1359 457 qui
1381 405 1475 444 sim-

82 466 167 517 plex
189 478 274 505 esse
296 465 416 511 debet,
439 477 483 504 ex
504 464 770 504 dissimillimis
792 465 910 503 rebus
932 463 1083 502 misceri
1105 468 1140 500 et
1160 461 1365 512 temperari
1386 465 1475 511 pot-

83 528 152 561 est.
188 522 262 560 Sed
280 523 327 561 de
343 522 419 560 hoc
434 544 488 549 -
504 533 641 571 magna
659 520 760 559 enim
778 533 839 559 res
855 543 909 548 —
931 520 1002 558 alio
1023 519 1108 557 loco
1131 518 1317 569 pluribus
1364 517 1476 555 Nunc

83 579 128 617 ad
149 578 406 629 propositum.
449 552 641 624 Qt1en1⁰ad
663 577 825 615 modum
848 576 972 627 igitur,
996 575 1028 613 si
1050 574 1201 625 quando
1224 586 1280 617 ea,
1304 585 1399 634 quae
1419 572 1475 610 vi-

84 635 194 673 detur
218 634 383 680 utilitas,
412 634 602 672 honestati
630 639 835 683 iepugnat‚
867 631 1106 670 diiudicanda
1133 642 1194 668 ies
1224 629 1273 668 sit
1301 628 1393 667 satis
1423 632 1480 666 est

83 703 198 740 supia
226 690 476 741 disputatum.
525 689 592 728 Sin
620 694 746 727 autem
774 688 938 739 speciem
966 686 1133 726 utilitatis
1163 686 1276 724 etiam
1303 684 1478 734 voluptas

83 747 222 786 habere
248 746 413 791 dicetu1‚
446 745 550 784 nulla
577 750 705 795 potest
730 757 816 782 esse
843 744 876 782 ei
904 756 991 782 cum
1017 743 1218 780 honestate
1245 740 1477 780 coniunctio.

84 801 201 849 Nam
236 808 277 840 ut
303 802 516 840 tribuamus
545 800 684 851 aliquid
711 799 913 850 voluptati,
949 798 1183 837 condimenti
1211 798 1373 835 [citasse
1399 807 1479 834 uon

83 857 189 903 nihil,
211 857 381 896 utilitatis
405 862 504 895 certe
524 856 619 894 nihil
640 855 803 894 habebit.

196 912 323 952 Habes
353 926 373 951 a
399 918 505 963 patre
539 924 699 958 munus,
734 911 856 950 Marce
883 910 951 957 fili,
987 922 1071 948 mea
1105 909 1259 960 quidem
1294 907 1481 946 sententia

84 981 281 1019 magnum,
305 969 370 1007 sed
394 969 552 1019 perinde
574 968 661 1014 erit,
681 972 723 1006 ut
743 966 947 1017 acceperis.
990 966 1233 1016 Quamquam
1257 964 1293 1002 hi
1314 964 1383 1002 tibi
1404 968 1481 1002 tres

84 1025 168 1064 libri
189 1025 287 1064 intei
308 1025 477 1075 Cratippi
505 1023 803 1063 commentarios
831 1028 1026 1073 tamquam
1055 1021 1229 1071 hospites
1252 1025 1364 1058 erunt
1384 1019 1481 1058 reci-

85 1081 230 1132 piendi:
254 1081 332 1127 sed,
356 1087 408 1127 ut
431 1080 463 1118 si
484 1081 565 1131 ipse
586 1080 776 1118 venissem
793 1079 973 1118 Athenas
991 1078 1094 1129 quod
1115 1077 1267 1128 quidem
1286 1081 1388 1114 esset
1404 1076 1482 1113 fac-

86 1143 187 1181 tum
222 1137 296 1176 nisi
323 1149 385 1175 me
414 1150 434 1174 e
461 1136 589 1175 medio
618 1148 734 1175 cursu
762 1135 861 1174 claia
889 1147 981 1173 voce
1008 1133 1129 1184 patria
1150 1137 1387 1178 revocasset,
1414 1130 1482 1171 ali—

88 1194 241 1244 quando
263 1206 325 1231 me
346 1205 498 1244 quoque
520 1192 688 1237 audites,
710 1192 781 1237 sic,
810 1190 994 1241 quoniam
1016 1190 1076 1228 his
1099 1188 1357 1227 voluminibus
1380 1187 1425 1225 ad
1449 1192 1484 1225 te

87 1250 256 1311 profecta
278 1261 351 1287 vox
372 1254 431 1287 est
451 1261 548 1294 mea,
568 1248 713 1286 tribues
735 1247 795 1285 his
816 1245 1004 1297 tenip01is
1023 1251 1209 1296 quantum
1231 1244 1389 1294 poteris,
1403 1255 1483 1304 *po-

88 1305 180 1344 teris
203 1310 329 1344 autem
352 1309 538 1355 quantum
559 1303 675 1343 voles
732 1303 826 1342 Cum
849 1314 938 1340 velo
966 1301 1185 1340 intellexeio
1207 1305 1242 1338 te
1258 1300 1334 1338 hoc
1357 1299 1482 1338 scien—

87 1438 230 1479 lechtigt
245 1448 306 1470 zur
319 1438 429 1477 Seite3
450 1438 549 1469 Clem.
565 1437 746 1470 Alexandr.

87 1488 200 1515 strom.
235 1482 261 1515 II
292 1482 415 1524 §.128
445 1493 534 1514 κατα
559 1480 642 1519 τοίς
665 1483 750 1526 περὶ

821 1438 840 1469 i.
871 1439 953 1470 tanti
979 1437 1061 1477 erit,
1088 1436 1199 1479 quanti
1226 1436 1362 1475 l'eceri83
1404 1435 1484 1468 Sall.

820 1482 888 1524 lug.
912 1483 932 1514 4
960 1482 1100 1527 perinde
1121 1482 1286 1513 habentui·
1309 1484 1348 1513 ut
1371 1491 1484 1514 eorum

86 1528 289 1572 Καλλιᾳῶῑ
292 1539 334 1559 τα
349 1526 386 1560 ἕι
389 1539 450 1579 573a
463 1526 533 1571 uh
546 1539 608 1570 της
618 1515 751 1569 ηδονης

87 1572 265 1624 παρεισῆ)
271 1576 336 1605 θει
367 1585 384 1613 η
408 1568 533 1615 ἀοετή,
560 1570 686 1624 χρόιω
711 1572 748 1605 δὲ

86 1613 239 1661 ὕστεροι
256 1614 296 1648 τὸ
316 1618 399 1660 πεοὶ
418 1614 530 1658 αἰτὴι
543 1616 673 1653 κάλλος
685 1628 749 1648 κα-

86 1660 240 1694 τιδοῦσα
256 1649 428 1713 ἰσότιμοι
445 1660 574 1714 ἑαυτὴι
592 1663 631 1707 τῆ
647 1659 750 1707 αοχῆ

87 1704 251 1740 τούτεστι
268 1708 309 1752 τῆ
330 1703 441 1752 ἡδονῆ
461 1703 655 1750 πάοεσχεν.

140 1752 207 1784 alzo
231 1743 317 1784 loco
322 1742 478 1795 pluribus
505 1753 603 1783 naml.
630 1752 751 1783 dictum

86 1802 148 1838 est,
173 1798 237 1829 und
261 1807 310 1827 zu
314 1807 352 1828 ar
368 1797 409 1828 im
427 1807 478 1828 zw
482 1798 569 1828 eiten
587 1797 694 1828 Buche
712 1797 751 1828 de

87 1842 215 1873 finibus.

134 1886 207 1918 120.
233 1889 374 1930 spectem
391 1886 555 1928 utilitatis,
580 1887 751 1918 scheinba-

88 1942 146 1962 ren
163 1931 306 1971 Nutzen,
325 1932 384 1962 der
401 1932 461 1962 der
478 1931 612 1972 Tugend
631 1931 751 1962 uider-

86 1977 225 2018 spricht,
252 1977 398 2016 dagegeu
424 1977 469 2007 ist
486 1977 516 2007 in
535 1977 606 2007 dem
624 1976 751 2016 folgen-

85 2021 146 2052 den
172 2021 328 2052 utilitates
352 2024 441 2053 certe
463 2021 546 2052 nillil
565 2021 624 2052 der
639 2022 751 2052 wabre

86 2065 216 2097 Nutzen
236 2076 276 2096 zu
294 2066 483 2096 verstehen.

132 2108 219 2141 Nam
237 2110 408 2140 schneidet
433 2110 495 2140 den
520 2110 607 2140 Einu
618 2109 673 2140 urf
694 2110 752 2140 der

87 2154 219 2195 Gegner
231 2154 281 2193 ab,
300 2154 375 2185 dass
389 2154 439 2185 die
454 2154 536 2185 Lust
551 2154 645 2185 einen
660 2154 750 2184 wab-

87 2209 143 2230 ren
162 2198 291 2231 Nutzen
310 2199 465 2230 entbalte.

131 2244 341 2277 condimenti.
383 2244 441 2275 Die
466 2243 549 2275 Lust
572 2244 652 2275 oder
673 2244 750 2275 Hei-

86 2290 211 2321 terkeit
225 2290 281 2320 des
297 2288 466 2328 Geiniiths‚
482 2288 608 2320 welche
624 2289 675 2319 die
683 2287 750 2320 Tu-

85 2335 169 2375 gend
199 2333 406 2371 hervorruft,
437 2334 481 2365 ist
509 2334 570 2364 den
597 2333 751 2364 Stoikern

87 2379 175 2411 nicht
198 2378 321 2410 Zueck
345 2379 403 2410 der
426 2377 579 2418 Tugend,
611 2379 751 2409 sondern

87 2424 159 2455 eine
176 2423 281 2464 Folge
301 2422 564 2467 (ἐπιγέννημα),
580 2423 631 2454 die
650 2424 750 2454 hoch—

41 2474 45 2478 '
88 2472 179 2500 stens
220 2479 259 2500 zu
301 2469 360 2500 den
402 2468 749 2499 wiinschenswerthen

87 2513 223 2564 Diogen,
237 2513 325 2545 nicht
339 2524 380 2544 zu
394 2513 464 2544 dem
480 2512 587 2545 Guten
603 2523 644 2544 zu
657 2513 751 2544 rech—

87 2568 148 2589 nen
167 2569 176 2588 ι
215 2583 221 2589 .

134 2562 210 2634 lle
229 2602 367 2646 perinde
382 2604 457 2643 erit,
477 2606 514 2635 ut
525 2605 699 2646 accepem'5‚
719 2604 749 2634 d.

823 1530 929 1560 virtus
948 1531 1009 1560 est.

868 1574 1126 1605 commentarios
1145 1572 1224 1602 oder
1236 1567 1487 1615 ὑπομνήματα

824 1618 896 1649 sind
920 1618 972 1649 die
988 1618 1117 1649 Dictate
1142 1617 1199 1647 der
1216 1616 1342 1648 Lchrer
1360 1626 1398 1647 an
1416 1616 1486 1647 ihre

825 1662 981 1701 Schiiler3
1008 1663 1048 1694 ad
1072 1662 1145 1693 sain.
1170 1660 1260 1701 XVI,
1285 1661 1323 1691 21
1345 1660 1488 1692 schreibt

824 1707 955 1739 Marcus
995 1708 1067 1738 dem
1107 1706 1361 1746 Freigelassnen
1407 1704 1486 1736 Tiro

823 1753 966 1784 multum
985 1752 1065 1783 mila·
1082 1761 1202 1794 operae
1218 1752 1362 1793 erz'pI'tm·
1378 1751 1410 1781 2'71
1429 1761 1488 1782 ex-

824 1797 1006 1829 scribendis
1022 1798 1300 1839 hypomnematis.

871 1854 887 1873 e
915 1842 1022 1873 medlo
1049 1851 1161 1873 cursu.
1202 1841 1248 1871 Da
1274 1840 1341 1871 sich
1368 1840 1433 1871 Cic.
1457 1840 1487 1871 in

826 1887 947 1918 seinem
972 1885 1266 1918 Landaufenthaltc
1292 1886 1329 1924 (s,
1348 1884 1433 1916 Einl.
1459 1896 1488 1916 z.

824 1931 910 1967 Ans.)
937 1932 1025 1963 nicht
1047 1932 1135 1962 mehr
1158 1930 1265 1962 sicher
1294 1929 1398 1961 ffihlte
1425 1930 1490 1961 und

826 1977 914 2008 nicht
932 1981 1068 2014 wusste,
1094 1986 1134 2006 zu
1155 1975 1300 2006 welcher
1316 1974 1429 2006 Partei
1454 1984 1490 2005 er

826 2022 893 2052 sich
925 2022 1035 2052 holten
1062 2020 1178 2059 sollte,
1210 2019 1337 2050 schiffte
1362 2030 1398 2050 er
1422 2019 1489 2050 sic-h

826 2067 906 2096 nach
926 2065 1167 2097 Griechenland
1186 2065 1236 2095 ein
1262 2065 1335 2102 (den
1356 2064 1405 2094 17.
1424 2064 1490 2095 Juli

825 2110 892 2149 44),
917 2110 996 2140 aber
1015 2110 1073 2140 der
1091 2109 1192 2140 wind
1211 2108 1296 2140 trieb
1314 2109 1372 2139 das
1391 2107 1494 2140 Schiff

826 2165 886 2185 zur
907 2153 1011 2185 Hiiste
1036 2154 1170 2184 zuriick.
1210 2153 1258 2184 Da
1281 2163 1318 2184 er
1339 2153 1410 2184 hier
1425 2163 1488 2185 von

826 2200 919 2230 einer
933 2199 1173 2238 Ver'inderung
1190 2198 1248 2229 der
1258 2197 1490 2230 Verhiiltnisse

824 2244 854 2275 in
878 2243 959 2275 Rom
988 2243 1104 2275 Runde
1134 2242 1248 2274 bekam
1284 2243 1347 2274 und
1384 2244 1489 2282 bb'rte,

825 2289 900 2319 dass
934 2289 984 2320 die
1018 2288 1237 2328 Mtichtigsten
1271 2288 1361 2319 scine
1391 2287 1489 2319 Reise

825 2334 914 2365 nicht
947 2333 1112 2373 billigten,
1151 2333 1300 2372 zugleich
1332 2334 1412 2364 auch
1445 2332 1488 2364 M.

826 2378 945 2410 Brutus
970 2379 1022 2409 ihn
1046 2378 1257 2417 aufforderte,
1282 2378 1312 2408 in
1331 2377 1410 2409 Rom
1436 2376 1489 2408 fiir

825 2424 882 2454 (las
906 2423 1070 2454 Interesse
1102 2424 1190 2453 ihrer
1211 2421 1322 2454 Partei
1348 2433 1387 2453 zu
1410 2423 1488 2453 wir-

824 2468 898 2508 ken,
918 2478 953 2499 so
971 2468 1088 2499 kehrte
1108 2478 1144 2498 er
1158 2467 1248 2498 Ende
1263 2468 1391 2507 August
1409 2467 1488 2498 nach

823 2513 904 2544 Rom
929 2513 1063 2544 zuriick.
1107 2512 1182 2543 Sein
1203 2511 1273 2543 Tod
1297 2521 1347 2543 am
1373 2512 1402 2542 7.
1427 2512 1490 2543 De-

825 2558 955 2589 cember
972 2557 1013 2588 43
1033 2557 1255 2597 verhinderte,
1275 2557 1350 2588 dass
1369 2566 1406 2588 er
1424 2556 1488 2588 sei-

824 2613 887 2634 nen
906 2602 992 2634 Sohn
1011 2603 1041 2635 in
1062 2602 1302 2635 Griecheuland
1318 2601 1486 2634 besuchte.

1509 580 1569 612 120

1511 914 1567 946 121
