<?xml version="1.0" encoding="UTF-8"?>
<!DOCTYPE html PUBLIC "-//W3C//DTD XHTML 1.0 Transitional//EN"
    "http://www.w3.org/TR/xhtml1/DTD/xhtml1-transitional.dtd">
<html xmlns="http://www.w3.org/1999/xhtml" xml:lang="en" lang="en">
 <head>
  <title>
</title>
<meta http-equiv="Content-Type" content="text/html;charset=utf-8" />
  <meta name='ocr-system' content='tesseract 3.04.00' />
  <meta name='ocr-capabilities' content='ocr_page ocr_carea ocr_par ocr_line ocrx_word'/>
</head>
<body>
  <div class='ocr_page' id='page_1' title='image "./tusculanarumdisp00ciceuoft_0759.png"; bbox 0 0 1684 2819; ppageno 0'>
   <div class='ocr_carea' id='block_1_1' title="bbox 3 0 5 931">
    <p class='ocr_par' dir='ltr' id='par_1_1' title="bbox 3 0 5 931">
     <span class='ocr_line' id='line_1_1' title="bbox 3 0 5 931; baseline 0 0"><span class='ocrx_word' id='word_1_1' title='bbox 3 0 5 931; x_wconf 95' lang='lat' dir='ltr'> </span> 
     </span>
    </p>
   </div>
   <div class='ocr_carea' id='block_1_2' title="bbox 578 182 1001 217">
    <p class='ocr_par' dir='ltr' id='par_1_2' title="bbox 578 182 1001 217">
     <span class='ocr_line' id='line_1_2' title="bbox 578 182 1001 217; baseline -0.002 -1"><span class='ocrx_word' id='word_1_2' title='bbox 578 184 656 217; x_wconf 90' lang='lat' dir='ltr'><strong>LIB.</strong></span> <span class='ocrx_word' id='word_1_3' title='bbox 674 183 726 216; x_wconf 88' lang='lat' dir='ltr'><strong>III.</strong></span> <span class='ocrx_word' id='word_1_4' title='bbox 765 182 857 216; x_wconf 81' lang='lat' dir='ltr'><strong>GAP.</strong></span> <span class='ocrx_word' id='word_1_5' title='bbox 876 182 929 215; x_wconf 88' lang='lat'>23.</span> <span class='ocrx_word' id='word_1_6' title='bbox 948 183 1001 215; x_wconf 80' lang='lat'>24.</span> 
     </span>
    </p>
   </div>
   <div class='ocr_carea' id='block_1_3' title="bbox 89 284 1488 895">
    <p class='ocr_par' dir='ltr' id='par_1_3' title="bbox 89 284 1488 895">
     <span class='ocr_line' id='line_1_3' title="bbox 90 284 1485 339; baseline -0.003 -13"><span class='ocrx_word' id='word_1_7' title='bbox 90 287 228 339; x_wconf 85' lang='lat' dir='ltr'>tipater</span> <span class='ocrx_word' id='word_1_8' title='bbox 248 292 376 337; x_wconf 82' lang='lat' dir='ltr'>negat,</span> <span class='ocrx_word' id='word_1_9' title='bbox 399 286 459 325; x_wconf 90' lang='lat' dir='ltr'>cui</span> <span class='ocrx_word' id='word_1_10' title='bbox 479 285 610 337; x_wconf 86' lang='lat' dir='ltr'>potius</span> <span class='ocrx_word' id='word_1_11' title='bbox 632 287 834 325; x_wconf 85' lang='lat' dir='ltr'>assentior.</span> <span class='ocrx_word' id='word_1_12' title='bbox 857 309 910 313; x_wconf 91' lang='lat'><strong>—</strong></span> <span class='ocrx_word' id='word_1_13' title='bbox 951 285 1046 332; x_wconf 82' lang='lat' dir='ltr'>‘Qui</span> <span class='ocrx_word' id='word_1_14' title='bbox 1067 285 1200 324; x_wconf 91' lang='lat' dir='ltr'>vinum</span> <span class='ocrx_word' id='word_1_15' title='bbox 1223 284 1371 335; x_wconf 80' lang='lat' dir='ltr'><strong>fugiens</strong></span> <span class='ocrx_word' id='word_1_16' title='bbox 1393 295 1485 322; x_wconf 89' lang='lat' dir='ltr'>ven—</span> 
     </span>
     <span class='ocr_line' id='line_1_4' title="bbox 92 341 1484 392; baseline -0.003 -10"><span class='ocrx_word' id='word_1_17' title='bbox 92 344 155 382; x_wconf 91' lang='lat' dir='ltr'>dat</span> <span class='ocrx_word' id='word_1_18' title='bbox 175 343 311 389; x_wconf 87' lang='lat' dir='ltr'>sciens,</span> <span class='ocrx_word' id='word_1_19' title='bbox 333 342 515 381; x_wconf 80' lang='lat' dir='ltr'>debeatne</span> <span class='ocrx_word' id='word_1_20' title='bbox 537 341 702 381; x_wconf 69' lang='lat' dir='ltr'>dicere?⁷</span> <span class='ocrx_word' id='word_1_21' title='bbox 744 342 841 380; x_wconf 84' lang='lat' dir='ltr'>‘Non</span> <span class='ocrx_word' id='word_1_22' title='bbox 862 341 1030 380; x_wconf 78' lang='lat' dir='ltr'>necesse&#39;</span> <span class='ocrx_word' id='word_1_23' title='bbox 1052 347 1160 392; x_wconf 86' lang='lat' dir='ltr'>putat</span> <span class='ocrx_word' id='word_1_24' title='bbox 1180 341 1382 391; x_wconf 81' lang='lat' dir='ltr'>Diogenes,</span> <span class='ocrx_word' id='word_1_25' title='bbox 1404 341 1484 379; x_wconf 86' lang='lat' dir='ltr'>An-</span> 
     </span>
     <span class='ocr_line' id='line_1_5' title="bbox 90 396 1485 451; baseline -0.003 -13"><span class='ocrx_word' id='word_1_26' title='bbox 90 400 227 451; x_wconf 83' lang='lat' dir='ltr'>tipater</span> <span class='ocrx_word' id='word_1_27' title='bbox 255 399 341 438; x_wconf 87' lang='lat' dir='ltr'>‘viri</span> <span class='ocrx_word' id='word_1_28' title='bbox 368 398 476 437; x_wconf 82' lang='lat' dir='ltr'>boni&#39;</span> <span class='ocrx_word' id='word_1_29' title='bbox 504 398 706 437; x_wconf 87' lang='lat' dir='ltr'>existimat.</span> <span class='ocrx_word' id='word_1_30' title='bbox 748 398 850 437; x_wconf 89' lang='lat' dir='ltr'>Haec</span> <span class='ocrx_word' id='word_1_31' title='bbox 877 404 967 436; x_wconf 84' lang='lat' dir='ltr'>sunt</span> <span class='ocrx_word' id='word_1_32' title='bbox 994 398 1101 449; x_wconf 84' lang='lat' dir='ltr'>quasi</span> <span class='ocrx_word' id='word_1_33' title='bbox 1131 403 1376 436; x_wconf 79' lang='lat' dir='ltr'>controversa</span> <span class='ocrx_word' id='word_1_34' title='bbox 1405 396 1485 435; x_wconf 86' lang='lat' dir='ltr'>iura</span> 
     </span>
     <span class='ocr_line' id='line_1_6' title="bbox 90 454 1485 505; baseline -0.002 -11"><span class='ocrx_word' id='word_1_35' title='bbox 90 455 322 494; x_wconf 89' lang='lat' dir='ltr'>Stoicorum.</span> <span class='ocrx_word' id='word_1_36' title='bbox 362 456 416 494; x_wconf 78' lang='lat' dir='ltr'>‘In</span> <span class='ocrx_word' id='word_1_37' title='bbox 433 454 624 505; x_wconf 86' lang='lat' dir='ltr'>mancipio</span> <span class='ocrx_word' id='word_1_38' title='bbox 641 454 839 493; x_wconf 85' lang='lat' dir='ltr'>vendendo</span> <span class='ocrx_word' id='word_1_39' title='bbox 862 454 1072 493; x_wconf 81' lang='lat' dir='ltr'>dicendane</span> <span class='ocrx_word' id='word_1_40' title='bbox 1094 454 1192 500; x_wconf 84' lang='lat' dir='ltr'>vitia,</span> <span class='ocrx_word' id='word_1_41' title='bbox 1214 465 1295 492; x_wconf 91' lang='lat' dir='ltr'>non</span> <span class='ocrx_word' id='word_1_42' title='bbox 1316 466 1368 499; x_wconf 88' lang='lat' dir='ltr'>ea,</span> <span class='ocrx_word' id='word_1_43' title='bbox 1391 465 1485 504; x_wconf 86' lang='lat' dir='ltr'>quae</span> 
     </span>
     <span class='ocr_line' id='line_1_7' title="bbox 90 509 1484 562; baseline -0.002 -12"><span class='ocrx_word' id='word_1_44' title='bbox 90 512 166 551; x_wconf 87' lang='lat' dir='ltr'>nisi</span> <span class='ocrx_word' id='word_1_45' title='bbox 188 512 346 559; x_wconf 77' lang='lat' dir='ltr'>dixeris,</span> <span class='ocrx_word' id='word_1_46' title='bbox 373 511 618 550; x_wconf 79' lang='lat' dir='ltr'>redhibeatur</span> <span class='ocrx_word' id='word_1_47' title='bbox 638 510 873 562; x_wconf 79' lang='lat' dir='ltr'>mancipium</span> <span class='ocrx_word' id='word_1_48' title='bbox 901 510 982 549; x_wconf 90' lang='lat' dir='ltr'>iure</span> <span class='ocrx_word' id='word_1_49' title='bbox 1003 509 1118 555; x_wconf 81' lang='lat' dir='ltr'>civili,</span> <span class='ocrx_word' id='word_1_50' title='bbox 1147 510 1212 548; x_wconf 92' lang='lat' dir='ltr'>sed</span> <span class='ocrx_word' id='word_1_51' title='bbox 1234 510 1346 556; x_wconf 86' lang='lat' dir='ltr'>haec,</span> <span class='ocrx_word' id='word_1_52' title='bbox 1374 521 1484 547; x_wconf 91' lang='lat' dir='ltr'>men—</span> 
     </span>
     <span class='ocr_line' id='line_1_8' title="bbox 91 564 1484 614; baseline -0.002 -8"><span class='ocrx_word' id='word_1_53' title='bbox 91 568 223 607; x_wconf 86' lang='lat' dir='ltr'>dacem</span> <span class='ocrx_word' id='word_1_54' title='bbox 246 581 350 613; x_wconf 87' lang='lat' dir='ltr'>esse,</span> <span class='ocrx_word' id='word_1_55' title='bbox 373 568 594 614; x_wconf 70' lang='lat' dir='ltr'>aleatorem,</span> <span class='ocrx_word' id='word_1_56' title='bbox 615 569 798 613; x_wconf 77' lang='lat' dir='ltr'>furacem,</span> <span class='ocrx_word' id='word_1_57' title='bbox 828 564 1072 605; x_wconf 40' lang='lat' dir='ltr'>ebriosum?</span> <span class='ocrx_word' id='word_1_58' title='bbox 1113 565 1228 605; x_wconf 82' lang='lat' dir='ltr'>Alteri</span> <span class='ocrx_word' id='word_1_59' title='bbox 1251 565 1409 604; x_wconf 87' lang='lat' dir='ltr'>dicenda</span> <span class='ocrx_word' id='word_1_60' title='bbox 1430 564 1484 603; x_wconf 88' lang='lat' dir='ltr'>vi-</span> 
     </span>
     <span class='ocr_line' id='line_1_9' title="bbox 92 621 1485 674; baseline -0.002 -12"><span class='ocrx_word' id='word_1_61' title='bbox 92 625 240 670; x_wconf 86' lang='lat' dir='ltr'>dentur,</span> <span class='ocrx_word' id='word_1_62' title='bbox 263 623 370 663; x_wconf 83' lang='lat' dir='ltr'>alteri</span> <span class='ocrx_word' id='word_1_63' title='bbox 390 635 470 661; x_wconf 89' lang='lat' dir='ltr'>non</span> <span class='ocrx_word' id='word_1_64' title='bbox 490 624 677 662; x_wconf 84' lang='lat' dir='ltr'>videntur.</span> <span class='ocrx_word' id='word_1_65' title='bbox 722 623 774 661; x_wconf 79' lang='lat' dir='ltr'>‘Si</span> <span class='ocrx_word' id='word_1_66' title='bbox 796 623 882 674; x_wconf 84' lang='lat' dir='ltr'>quis</span> <span class='ocrx_word' id='word_1_67' title='bbox 903 635 1038 661; x_wconf 84' lang='lat' dir='ltr'>aurum</span> <span class='ocrx_word' id='word_1_68' title='bbox 1061 623 1229 660; x_wconf 79' lang='lat' dir='ltr'>vendens</span> <span class='ocrx_word' id='word_1_69' title='bbox 1253 621 1485 660; x_wconf 81' lang='lat' dir='ltr'>orichalcum</span> 
     </span>
     <span class='ocr_line' id='line_1_10' title="bbox 92 677 1486 731; baseline -0.002 -13"><span class='ocrx_word' id='word_1_70' title='bbox 92 693 133 718; x_wconf 81' lang='lat' dir='ltr'>se</span> <span class='ocrx_word' id='word_1_71' title='bbox 161 685 270 731; x_wconf 85' lang='lat' dir='ltr'>putet</span> <span class='ocrx_word' id='word_1_72' title='bbox 297 680 478 725; x_wconf 86' lang='lat' dir='ltr'>vendere,</span> <span class='ocrx_word' id='word_1_73' title='bbox 508 680 699 718; x_wconf 82' lang='lat' dir='ltr'>indicetne</span> <span class='ocrx_word' id='word_1_74' title='bbox 728 679 760 717; x_wconf 75' lang='lat' dir='ltr'>ei</span> <span class='ocrx_word' id='word_1_75' title='bbox 788 680 846 717; x_wconf 86' lang='lat' dir='ltr'>vir</span> <span class='ocrx_word' id='word_1_76' title='bbox 871 679 999 717; x_wconf 81' lang='lat' dir='ltr'>bonus</span> <span class='ocrx_word' id='word_1_77' title='bbox 1028 691 1164 717; x_wconf 88' lang='lat' dir='ltr'>aurum</span> <span class='ocrx_word' id='word_1_78' title='bbox 1192 677 1279 716; x_wconf 89' lang='lat' dir='ltr'>illud</span> <span class='ocrx_word' id='word_1_79' title='bbox 1310 690 1411 724; x_wconf 87' lang='lat' dir='ltr'>esse,</span> <span class='ocrx_word' id='word_1_80' title='bbox 1439 689 1486 715; x_wconf 88' lang='lat' dir='ltr'>an</span> 
     </span>
     <span class='ocr_line' id='line_1_11' title="bbox 91 733 1488 787; baseline -0.003 -12"><span class='ocrx_word' id='word_1_81' title='bbox 91 741 193 775; x_wconf 90' lang='lat' dir='ltr'>emat</span> <span class='ocrx_word' id='word_1_82' title='bbox 212 736 369 775; x_wconf 88' lang='lat' dir='ltr'>denario</span> <span class='ocrx_word' id='word_1_83' title='bbox 392 736 494 787; x_wconf 90' lang='lat' dir='ltr'>quod</span> <span class='ocrx_word' id='word_1_84' title='bbox 518 736 566 774; x_wconf 88' lang='lat' dir='ltr'>sit</span> <span class='ocrx_word' id='word_1_85' title='bbox 586 736 686 774; x_wconf 90' lang='lat' dir='ltr'>mille</span> <span class='ocrx_word' id='word_1_86' title='bbox 714 733 961 774; x_wconf 71' lang='lat' dir='ltr'>denariuni?&#39;</span> <span class='ocrx_word' id='word_1_87' title='bbox 1002 734 1254 785; x_wconf 82' lang='lat' dir='ltr'>Perspicuum</span> <span class='ocrx_word' id='word_1_88' title='bbox 1277 738 1334 772; x_wconf 89' lang='lat' dir='ltr'>est</span> <span class='ocrx_word' id='word_1_89' title='bbox 1354 733 1428 772; x_wconf 85' lang='lat' dir='ltr'>iam</span> <span class='ocrx_word' id='word_1_90' title='bbox 1452 738 1488 772; x_wconf 88' lang='lat' dir='ltr'>et</span> 
     </span>
     <span class='ocr_line' id='line_1_12' title="bbox 91 789 1486 843; baseline -0.003 -12"><span class='ocrx_word' id='word_1_91' title='bbox 91 793 180 843; x_wconf 88' lang='lat' dir='ltr'>quid</span> <span class='ocrx_word' id='word_1_92' title='bbox 203 792 298 831; x_wconf 89' lang='lat' dir='ltr'>mihi</span> <span class='ocrx_word' id='word_1_93' title='bbox 318 793 490 831; x_wconf 88' lang='lat' dir='ltr'>videatur</span> <span class='ocrx_word' id='word_1_94' title='bbox 510 797 548 830; x_wconf 88' lang='lat' dir='ltr'>et</span> <span class='ocrx_word' id='word_1_95' title='bbox 567 804 663 842; x_wconf 89' lang='lat' dir='ltr'>quae</span> <span class='ocrx_word' id='word_1_96' title='bbox 680 793 729 829; x_wconf 89' lang='lat' dir='ltr'>sit</span> <span class='ocrx_word' id='word_1_97' title='bbox 744 791 842 830; x_wconf 87' lang='lat' dir='ltr'>inter</span> <span class='ocrx_word' id='word_1_98' title='bbox 863 804 929 829; x_wconf 88' lang='lat' dir='ltr'>eos</span> <span class='ocrx_word' id='word_1_99' title='bbox 951 791 1221 842; x_wconf 89' lang='lat' dir='ltr'>philosophos,</span> <span class='ocrx_word' id='word_1_100' title='bbox 1243 802 1341 840; x_wconf 89' lang='lat' dir='ltr'>quos</span> <span class='ocrx_word' id='word_1_101' title='bbox 1358 789 1486 828; x_wconf 90' lang='lat' dir='ltr'>nomi-</span> 
     </span>
     <span class='ocr_line' id='line_1_13' title="bbox 89 848 482 895; baseline -0.003 -8"><span class='ocrx_word' id='word_1_102' title='bbox 89 849 187 895; x_wconf 83' lang='lat' dir='ltr'>navi,</span> <span class='ocrx_word' id='word_1_103' title='bbox 209 848 482 887; x_wconf 87' lang='lat' dir='ltr'>controversia.</span> 
     </span>
    </p>
   </div>
   <div class='ocr_carea' id='block_1_4' title="bbox 200 903 1564 955">
    <p class='ocr_par' dir='ltr' id='par_1_4' title="bbox 200 903 1564 955">
     <span class='ocr_line' id='line_1_14' title="bbox 200 903 1564 955; baseline -0.003 -12"><span class='ocrx_word' id='word_1_104' title='bbox 200 904 315 943; x_wconf 87' lang='lat' dir='ltr'>Pacta</span> <span class='ocrx_word' id='word_1_105' title='bbox 336 909 373 943; x_wconf 92' lang='lat' dir='ltr'>et</span> <span class='ocrx_word' id='word_1_106' title='bbox 392 903 587 955; x_wconf 88' lang='lat' dir='ltr'>promissa</span> <span class='ocrx_word' id='word_1_107' title='bbox 604 915 807 955; x_wconf 86' lang='lat' dir='ltr'>semperne</span> <span class='ocrx_word' id='word_1_108' title='bbox 829 903 1012 941; x_wconf 86' lang='lat' dir='ltr'>servanda</span> <span class='ocrx_word' id='word_1_109' title='bbox 1035 903 1122 948; x_wconf 84' lang='lat' dir='ltr'>sint,</span> <span class='ocrx_word' id='word_1_110' title='bbox 1145 914 1244 946; x_wconf 75' lang='lat' dir='ltr'><strong>QUAE</strong></span> <span class='ocrx_word' id='word_1_111' title='bbox 1262 914 1335 940; x_wconf 71' lang='lat' dir='ltr'>NEC</span> <span class='ocrx_word' id='word_1_112' title='bbox 1352 914 1390 939; x_wconf 82' lang='lat' dir='ltr'>vi</span> <span class='ocrx_word' id='word_1_113' title='bbox 1413 914 1485 940; x_wconf 77' lang='lat' dir='ltr'>NEC</span> <span class='ocrx_word' id='word_1_114' title='bbox 1511 904 1564 942; x_wconf 68' lang='lat'>24</span> 
     </span>
    </p>
   </div>
   <div class='ocr_carea' id='block_1_5' title="bbox 88 957 1488 1182">
    <p class='ocr_par' dir='ltr' id='par_1_5' title="bbox 88 957 1488 1182">
     <span class='ocr_line' id='line_1_15' title="bbox 91 957 1485 1011; baseline -0.002 -12"><span class='ocrx_word' id='word_1_115' title='bbox 91 973 194 1000; x_wconf 76' lang='lat' dir='ltr'>nom</span> <span class='ocrx_word' id='word_1_116' title='bbox 218 973 340 1007; x_wconf 76' lang='lat' dir='ltr'>MALO,</span> <span class='ocrx_word' id='word_1_117' title='bbox 368 965 409 998; x_wconf 89' lang='lat' dir='ltr'>ut</span> <span class='ocrx_word' id='word_1_118' title='bbox 429 965 627 1011; x_wconf 86' lang='lat' dir='ltr'>praetores</span> <span class='ocrx_word' id='word_1_119' title='bbox 656 961 797 1007; x_wconf 85' lang='lat' dir='ltr'>solent,</span> <span class='ocrx_word' id='word_1_120' title='bbox 827 972 947 997; x_wconf 78' lang='lat' dir='ltr'><strong>FACTA</strong></span> <span class='ocrx_word' id='word_1_121' title='bbox 971 972 1072 997; x_wconf 77' lang='lat' dir='ltr'><strong>SINT.</strong></span> <span class='ocrx_word' id='word_1_122' title='bbox 1096 982 1149 987; x_wconf 95' lang='lat'><strong>—</strong></span> <span class='ocrx_word' id='word_1_123' title='bbox 1192 958 1231 997; x_wconf 87' lang='lat' dir='ltr'>Si</span> <span class='ocrx_word' id='word_1_124' title='bbox 1255 958 1341 1009; x_wconf 85' lang='lat' dir='ltr'>quis</span> <span class='ocrx_word' id='word_1_125' title='bbox 1363 957 1485 996; x_wconf 89' lang='lat' dir='ltr'>medi—</span> 
     </span>
     <span class='ocr_line' id='line_1_16' title="bbox 92 1013 1487 1068; baseline -0.003 -12"><span class='ocrx_word' id='word_1_126' title='bbox 92 1021 311 1057; x_wconf 88' lang='lat' dir='ltr'>camentum</span> <span class='ocrx_word' id='word_1_127' title='bbox 334 1016 500 1068; x_wconf 90' lang='lat' dir='ltr'>cuipiam</span> <span class='ocrx_word' id='word_1_128' title='bbox 522 1016 667 1055; x_wconf 86' lang='lat' dir='ltr'>dederit</span> <span class='ocrx_word' id='word_1_129' title='bbox 690 1017 736 1055; x_wconf 86' lang='lat' dir='ltr'>ad</span> <span class='ocrx_word' id='word_1_130' title='bbox 758 1028 896 1067; x_wconf 87' lang='lat' dir='ltr'>aquam</span> <span class='ocrx_word' id='word_1_131' title='bbox 914 1015 1139 1054; x_wconf 83' lang='lat' dir='ltr'>intercutem</span> <span class='ocrx_word' id='word_1_132' title='bbox 1157 1014 1431 1065; x_wconf 82' lang='lat' dir='ltr'>pepigeritque,</span> <span class='ocrx_word' id='word_1_133' title='bbox 1455 1013 1487 1052; x_wconf 87' lang='lat' dir='ltr'>si</span> 
     </span>
     <span class='ocr_line' id='line_1_17' title="bbox 88 1071 1487 1121; baseline -0.003 -9"><span class='ocrx_word' id='word_1_134' title='bbox 88 1087 133 1112; x_wconf 88' lang='lat' dir='ltr'>eo</span> <span class='ocrx_word' id='word_1_135' title='bbox 151 1073 432 1112; x_wconf 87' lang='lat' dir='ltr'>medicamento</span> <span class='ocrx_word' id='word_1_136' title='bbox 451 1084 569 1111; x_wconf 89' lang='lat' dir='ltr'>sanus</span> <span class='ocrx_word' id='word_1_137' title='bbox 586 1073 708 1111; x_wconf 85' lang='lat' dir='ltr'>factus</span> <span class='ocrx_word' id='word_1_138' title='bbox 726 1078 841 1119; x_wconf 87' lang='lat' dir='ltr'>esset,</span> <span class='ocrx_word' id='word_1_139' title='bbox 857 1083 905 1110; x_wconf 91' lang='lat' dir='ltr'>ne</span> <span class='ocrx_word' id='word_1_140' title='bbox 922 1071 985 1110; x_wconf 91' lang='lat' dir='ltr'>illo</span> <span class='ocrx_word' id='word_1_141' title='bbox 1003 1071 1283 1110; x_wconf 89' lang='lat' dir='ltr'>medicamento</span> <span class='ocrx_word' id='word_1_142' title='bbox 1302 1083 1487 1121; x_wconf 88' lang='lat' dir='ltr'>umquam</span> 
     </span>
     <span class='ocr_line' id='line_1_18' title="bbox 90 1126 1488 1182; baseline -0.003 -14"><span class='ocrx_word' id='word_1_143' title='bbox 90 1135 224 1182; x_wconf 86' lang='lat' dir='ltr'>postea</span> <span class='ocrx_word' id='word_1_144' title='bbox 246 1134 428 1175; x_wconf 85' lang='lat' dir='ltr'>uteretur,</span> <span class='ocrx_word' id='word_1_145' title='bbox 451 1129 483 1167; x_wconf 85' lang='lat' dir='ltr'>si</span> <span class='ocrx_word' id='word_1_146' title='bbox 505 1142 549 1168; x_wconf 91' lang='lat' dir='ltr'>eo</span> <span class='ocrx_word' id='word_1_147' title='bbox 572 1129 853 1167; x_wconf 85' lang='lat' dir='ltr'>medicamento</span> <span class='ocrx_word' id='word_1_148' title='bbox 877 1140 994 1166; x_wconf 79' lang='lat' dir='ltr'>sanus</span> <span class='ocrx_word' id='word_1_149' title='bbox 1017 1129 1138 1166; x_wconf 84' lang='lat' dir='ltr'>sactus</span> <span class='ocrx_word' id='word_1_150' title='bbox 1162 1127 1211 1165; x_wconf 82' lang='lat' dir='ltr'>sit</span> <span class='ocrx_word' id='word_1_151' title='bbox 1230 1132 1266 1165; x_wconf 88' lang='lat' dir='ltr'>et</span> <span class='ocrx_word' id='word_1_152' title='bbox 1287 1127 1398 1165; x_wconf 87' lang='lat' dir='ltr'>annis</span> <span class='ocrx_word' id='word_1_153' title='bbox 1421 1126 1488 1164; x_wconf 89' lang='lat' dir='ltr'>ali-</span> 
     </span>
    </p>
   </div>
   <div class='ocr_carea' id='block_1_6' title="bbox 32 1183 1488 1238">
    <p class='ocr_par' dir='ltr' id='par_1_6' title="bbox 32 1183 1488 1238">
     <span class='ocr_line' id='line_1_19' title="bbox 32 1183 1488 1238; baseline -0.003 -14"><span class='ocrx_word' id='word_1_154' title='bbox 32 1204 39 1210; x_wconf 66' lang='grc'><em>’</em></span> <span class='ocrx_word' id='word_1_155' title='bbox 91 1192 185 1238; x_wconf 84' lang='lat' dir='ltr'>quot</span> <span class='ocrx_word' id='word_1_156' title='bbox 204 1192 296 1237; x_wconf 86' lang='lat' dir='ltr'>post</span> <span class='ocrx_word' id='word_1_157' title='bbox 316 1185 490 1224; x_wconf 78' lang='lat' dir='ltr'>inciderit</span> <span class='ocrx_word' id='word_1_158' title='bbox 517 1185 556 1223; x_wconf 90' lang='lat' dir='ltr'>in</span> <span class='ocrx_word' id='word_1_159' title='bbox 577 1186 755 1224; x_wconf 88' lang='lat' dir='ltr'>eumdem</span> <span class='ocrx_word' id='word_1_160' title='bbox 782 1184 963 1223; x_wconf 86' lang='lat' dir='ltr'>morbum</span> <span class='ocrx_word' id='word_1_161' title='bbox 986 1196 1057 1222; x_wconf 86' lang='lat' dir='ltr'>nec</span> <span class='ocrx_word' id='word_1_162' title='bbox 1078 1184 1124 1222; x_wconf 87' lang='lat' dir='ltr'>ab</span> <span class='ocrx_word' id='word_1_163' title='bbox 1149 1196 1213 1228; x_wconf 90' lang='lat' dir='ltr'>eo,</span> <span class='ocrx_word' id='word_1_164' title='bbox 1243 1183 1396 1233; x_wconf 87' lang='lat' dir='ltr'>quicum</span> <span class='ocrx_word' id='word_1_165' title='bbox 1419 1195 1488 1233; x_wconf 89' lang='lat' dir='ltr'>pe-</span> 
     </span>
    </p>
   </div>
   <div class='ocr_carea' id='block_1_7' title="bbox 88 1239 1489 1517">
    <p class='ocr_par' dir='ltr' id='par_1_7' title="bbox 88 1239 1489 1517">
     <span class='ocr_line' id='line_1_20' title="bbox 90 1239 1486 1294; baseline -0.004 -13"><span class='ocrx_word' id='word_1_166' title='bbox 90 1243 253 1294; x_wconf 86' lang='lat' dir='ltr'>pigerat,</span> <span class='ocrx_word' id='word_1_167' title='bbox 286 1242 465 1292; x_wconf 86' lang='lat' dir='ltr'>impetret</span> <span class='ocrx_word' id='word_1_168' title='bbox 492 1247 534 1280; x_wconf 88' lang='lat' dir='ltr'>ut</span> <span class='ocrx_word' id='word_1_169' title='bbox 561 1241 700 1279; x_wconf 89' lang='lat' dir='ltr'>iterum</span> <span class='ocrx_word' id='word_1_170' title='bbox 730 1254 774 1279; x_wconf 93' lang='lat' dir='ltr'>eo</span> <span class='ocrx_word' id='word_1_171' title='bbox 807 1241 915 1279; x_wconf 87' lang='lat' dir='ltr'>liceat</span> <span class='ocrx_word' id='word_1_172' title='bbox 943 1241 1015 1280; x_wconf 80' lang='lat' dir='ltr'>uti.</span> <span class='ocrx_word' id='word_1_173' title='bbox 1052 1239 1141 1290; x_wconf 85' lang='lat' dir='ltr'>quid</span> <span class='ocrx_word' id='word_1_174' title='bbox 1176 1239 1390 1277; x_wconf 86' lang='lat' dir='ltr'>faciendum</span> <span class='ocrx_word' id='word_1_175' title='bbox 1426 1239 1486 1276; x_wconf 83' lang='lat' dir='ltr'>sit.</span> 
     </span>
     <span class='ocr_line' id='line_1_21' title="bbox 90 1295 1489 1348; baseline -0.004 -11"><span class='ocrx_word' id='word_1_176' title='bbox 90 1299 185 1338; x_wconf 89' lang='lat' dir='ltr'>Cum</span> <span class='ocrx_word' id='word_1_177' title='bbox 207 1298 257 1337; x_wconf 89' lang='lat' dir='ltr'>sit</span> <span class='ocrx_word' id='word_1_178' title='bbox 277 1298 309 1336; x_wconf 89' lang='lat' dir='ltr'>is</span> <span class='ocrx_word' id='word_1_179' title='bbox 337 1298 595 1343; x_wconf 80' lang='lat' dir='ltr'>inhumanus,</span> <span class='ocrx_word' id='word_1_180' title='bbox 627 1297 792 1348; x_wconf 83' lang='lat' dir='ltr'>quinon</span> <span class='ocrx_word' id='word_1_181' title='bbox 814 1297 1019 1342; x_wconf 85' lang='lat' dir='ltr'>concedat,</span> <span class='ocrx_word' id='word_1_182' title='bbox 1049 1308 1122 1334; x_wconf 88' lang='lat' dir='ltr'>nec</span> <span class='ocrx_word' id='word_1_183' title='bbox 1144 1297 1176 1334; x_wconf 91' lang='lat' dir='ltr'>ei</span> <span class='ocrx_word' id='word_1_184' title='bbox 1200 1295 1400 1346; x_wconf 85' lang='lat' dir='ltr'>quicquam</span> <span class='ocrx_word' id='word_1_185' title='bbox 1425 1295 1489 1332; x_wconf 86' lang='lat' dir='ltr'>fiat</span> 
     </span>
     <span class='ocr_line' id='line_1_22' title="bbox 89 1350 1486 1402; baseline -0.004 -9"><span class='ocrx_word' id='word_1_186' title='bbox 89 1354 268 1401; x_wconf 87' lang='lat' dir='ltr'>iniuriae,</span> <span class='ocrx_word' id='word_1_187' title='bbox 296 1354 393 1393; x_wconf 87' lang='lat' dir='ltr'>vitae</span> <span class='ocrx_word' id='word_1_188' title='bbox 423 1359 460 1392; x_wconf 87' lang='lat' dir='ltr'>et</span> <span class='ocrx_word' id='word_1_189' title='bbox 481 1354 592 1393; x_wconf 84' lang='lat' dir='ltr'>saluti</span> <span class='ocrx_word' id='word_1_190' title='bbox 615 1353 908 1392; x_wconf 87' lang='lat' dir='ltr'>consulendum.</span> <span class='ocrx_word' id='word_1_191' title='bbox 936 1376 991 1380; x_wconf 79' lang='lat'>-—</span> <span class='ocrx_word' id='word_1_192' title='bbox 1032 1350 1163 1399; x_wconf 69' lang='lat' dir='ltr'>Quid?</span> <span class='ocrx_word' id='word_1_193' title='bbox 1195 1352 1226 1389; x_wconf 88' lang='lat' dir='ltr'>si</span> <span class='ocrx_word' id='word_1_194' title='bbox 1249 1352 1312 1402; x_wconf 86' lang='lat' dir='ltr'>qui</span> <span class='ocrx_word' id='word_1_195' title='bbox 1335 1350 1486 1401; x_wconf 85' lang='lat' dir='ltr'>sapiens</span> 
     </span>
     <span class='ocr_line' id='line_1_23' title="bbox 88 1408 1486 1461; baseline -0.003 -12"><span class='ocrx_word' id='word_1_196' title='bbox 88 1416 246 1461; x_wconf 80' lang='lat' dir='ltr'>rogatus</span> <span class='ocrx_word' id='word_1_197' title='bbox 276 1410 326 1448; x_wconf 83' lang='lat' dir='ltr'>sit</span> <span class='ocrx_word' id='word_1_198' title='bbox 353 1411 398 1449; x_wconf 87' lang='lat' dir='ltr'>ab</span> <span class='ocrx_word' id='word_1_199' title='bbox 429 1422 492 1457; x_wconf 86' lang='lat' dir='ltr'>e0,</span> <span class='ocrx_word' id='word_1_200' title='bbox 521 1410 587 1461; x_wconf 89' lang='lat' dir='ltr'>qui</span> <span class='ocrx_word' id='word_1_201' title='bbox 617 1423 704 1448; x_wconf 85' lang='lat' dir='ltr'>eum</span> <span class='ocrx_word' id='word_1_202' title='bbox 725 1410 905 1448; x_wconf 87' lang='lat' dir='ltr'>heredem</span> <span class='ocrx_word' id='word_1_203' title='bbox 934 1408 1060 1455; x_wconf 84' lang='lat' dir='ltr'>saciat,</span> <span class='ocrx_word' id='word_1_204' title='bbox 1090 1420 1175 1446; x_wconf 88' lang='lat' dir='ltr'>cum</span> <span class='ocrx_word' id='word_1_205' title='bbox 1203 1408 1235 1446; x_wconf 92' lang='lat' dir='ltr'>ei</span> <span class='ocrx_word' id='word_1_206' title='bbox 1257 1411 1486 1446; x_wconf 86' lang='lat' dir='ltr'>testamento</span> 
     </span>
     <span class='ocr_line' id='line_1_24' title="bbox 89 1464 1487 1517; baseline -0.004 -11"><span class='ocrx_word' id='word_1_207' title='bbox 89 1466 307 1506; x_wconf 85' lang='lat' dir='ltr'>sestertium</span> <span class='ocrx_word' id='word_1_208' title='bbox 328 1466 480 1504; x_wconf 86' lang='lat' dir='ltr'>miliens</span> <span class='ocrx_word' id='word_1_209' title='bbox 508 1466 763 1517; x_wconf 86' lang='lat' dir='ltr'>relinquatur,</span> <span class='ocrx_word' id='word_1_210' title='bbox 789 1472 831 1505; x_wconf 87' lang='lat' dir='ltr'>ut</span> <span class='ocrx_word' id='word_1_211' title='bbox 853 1470 940 1503; x_wconf 86' lang='lat' dir='ltr'>ante</span> <span class='ocrx_word' id='word_1_212' title='bbox 962 1477 1074 1515; x_wconf 87' lang='lat' dir='ltr'>quam</span> <span class='ocrx_word' id='word_1_213' title='bbox 1097 1464 1346 1503; x_wconf 83' lang='lat' dir='ltr'>hereditatem</span> <span class='ocrx_word' id='word_1_214' title='bbox 1368 1464 1487 1510; x_wconf 89' lang='lat' dir='ltr'>adeat,</span> 
     </span>
    </p>
   </div>
   <div class='ocr_carea' id='block_1_8' title="bbox 1403 154 1497 222">
    <p class='ocr_par' dir='ltr' id='par_1_8' title="bbox 1403 154 1497 222">
     <span class='ocr_line' id='line_1_25' title="bbox 1403 154 1497 222; baseline 0 0"><span class='ocrx_word' id='word_1_215' title='bbox 1403 154 1497 222; x_wconf 35' lang='lat' dir='ltr'>203s</span> 
     </span>
    </p>
   </div>
   <div class='ocr_carea' id='block_1_9' title="bbox 87 1566 756 2632">
    <p class='ocr_par' dir='ltr' id='par_1_9' title="bbox 89 1566 752 1700">
     <span class='ocr_line' id='line_1_26' title="bbox 134 1566 751 1609; baseline -0.003 -10"><span class='ocrx_word' id='word_1_216' title='bbox 134 1567 411 1609; x_wconf 61' lang='lat' dir='ltr'>vinumfagvsmzs,</span> <span class='ocrx_word' id='word_1_217' title='bbox 430 1566 460 1598; x_wconf 92' lang='lat' dir='ltr'>in</span> <span class='ocrx_word' id='word_1_218' title='bbox 481 1566 638 1607; x_wconf 69' lang='lat' dir='ltr'>Giihrung</span> <span class='ocrx_word' id='word_1_219' title='bbox 654 1566 751 1598; x_wconf 84' lang='lat' dir='ltr'>iiber-</span> 
     </span>
     <span class='ocr_line' id='line_1_27' title="bbox 89 1611 752 1654; baseline 0 -10"><span class='ocrx_word' id='word_1_220' title='bbox 89 1612 255 1652; x_wconf 81' lang='lat' dir='ltr'>gehender</span> <span class='ocrx_word' id='word_1_221' title='bbox 279 1611 390 1643; x_wconf 82' lang='lat' dir='ltr'>VVein.</span> <span class='ocrx_word' id='word_1_222' title='bbox 431 1611 507 1643; x_wconf 87' lang='lat' dir='ltr'>Sen.</span> <span class='ocrx_word' id='word_1_223' title='bbox 531 1623 580 1654; x_wconf 87' lang='lat' dir='ltr'>ep.</span> <span class='ocrx_word' id='word_1_224' title='bbox 603 1611 641 1642; x_wconf 84' lang='lat'>12</span> <span class='ocrx_word' id='word_1_225' title='bbox 669 1622 752 1654; x_wconf 75' lang='lat' dir='ltr'>gra-</span> 
     </span>
     <span class='ocr_line' id='line_1_28' title="bbox 89 1658 689 1700; baseline -0.002 -12"><span class='ocrx_word' id='word_1_226' title='bbox 89 1659 219 1689; x_wconf 70' lang='lat' dir='ltr'>tissima</span> <span class='ocrx_word' id='word_1_227' title='bbox 235 1659 315 1688; x_wconf 76' lang='lat' dir='ltr'>sunt</span> <span class='ocrx_word' id='word_1_228' title='bbox 327 1667 430 1700; x_wconf 80' lang='lat' dir='ltr'>poma</span> <span class='ocrx_word' id='word_1_229' title='bbox 446 1658 689 1698; x_wconf 66' lang='lat' dir='ltr'>eumsagz&#39;wzt.</span> 
     </span>
    </p>

    <p class='ocr_par' dir='ltr' id='par_1_10' title="bbox 87 1701 756 2094">
     <span class='ocr_line' id='line_1_29' title="bbox 134 1701 751 1734; baseline -0.002 0"><span class='ocrx_word' id='word_1_230' title='bbox 134 1705 349 1734; x_wconf 74' lang='lat' dir='ltr'>controversa</span> <span class='ocrx_word' id='word_1_231' title='bbox 365 1703 442 1733; x_wconf 80' lang='lat' dir='ltr'>z&#39;ara</span> <span class='ocrx_word' id='word_1_232' title='bbox 459 1702 539 1733; x_wconf 86' lang='lat' dir='ltr'>oder</span> <span class='ocrx_word' id='word_1_233' title='bbox 555 1702 658 1733; x_wconf 75' lang='lat' dir='ltr'>dubia</span> <span class='ocrx_word' id='word_1_234' title='bbox 681 1701 751 1733; x_wconf 88' lang='lat' dir='ltr'>sind</span> 
     </span>
     <span class='ocr_line' id='line_1_30' title="bbox 89 1746 751 1788; baseline -0.002 -10"><span class='ocrx_word' id='word_1_235' title='bbox 89 1747 131 1778; x_wconf 87' lang='lat' dir='ltr'>im</span> <span class='ocrx_word' id='word_1_236' title='bbox 145 1746 334 1788; x_wconf 81' lang='lat' dir='ltr'>Gegensatz</span> <span class='ocrx_word' id='word_1_237' title='bbox 350 1757 390 1777; x_wconf 91' lang='lat' dir='ltr'>zu</span> <span class='ocrx_word' id='word_1_238' title='bbox 403 1748 456 1778; x_wconf 72' lang='lat' dir='ltr'>ius</span> <span class='ocrx_word' id='word_1_239' title='bbox 470 1749 600 1778; x_wconf 72' lang='lat' dir='ltr'>certum</span> <span class='ocrx_word' id='word_1_240' title='bbox 613 1746 751 1778; x_wconf 84' lang='lat' dir='ltr'>Rechts-</span> 
     </span>
     <span class='ocr_line' id='line_1_31' title="bbox 88 1791 753 1832; baseline -0.002 -9"><span class='ocrx_word' id='word_1_241' title='bbox 88 1791 270 1832; x_wconf 74' lang='lat' dir='ltr'>falle‚iiber</span> <span class='ocrx_word' id='word_1_242' title='bbox 284 1791 408 1823; x_wconf 85' lang='lat' dir='ltr'>welche</span> <span class='ocrx_word' id='word_1_243' title='bbox 422 1791 473 1823; x_wconf 90' lang='lat' dir='ltr'>die</span> <span class='ocrx_word' id='word_1_244' title='bbox 482 1791 679 1831; x_wconf 81' lang='lat' dir='ltr'>Meinungen</span> <span class='ocrx_word' id='word_1_245' title='bbox 695 1792 753 1823; x_wconf 86' lang='lat' dir='ltr'>der</span> 
     </span>
     <span class='ocr_line' id='line_1_32' title="bbox 88 1836 754 1877; baseline -0.002 -9"><span class='ocrx_word' id='word_1_246' title='bbox 88 1836 382 1877; x_wconf 82' lang='lat' dir='ltr'>Rechtsgelehrten</span> <span class='ocrx_word' id='word_1_247' title='bbox 410 1836 515 1868; x_wconf 84' lang='lat' dir='ltr'>selbst</span> <span class='ocrx_word' id='word_1_248' title='bbox 544 1836 610 1867; x_wconf 87' lang='lat' dir='ltr'>sich</span> <span class='ocrx_word' id='word_1_249' title='bbox 634 1837 754 1867; x_wconf 85' lang='lat' dir='ltr'>wider-</span> 
     </span>
     <span class='ocr_line' id='line_1_33' title="bbox 90 1880 756 1923; baseline 0 -10"><span class='ocrx_word' id='word_1_250' title='bbox 90 1882 260 1923; x_wconf 88' lang='lat' dir='ltr'>sprechen.</span> <span class='ocrx_word' id='word_1_251' title='bbox 308 1891 366 1923; x_wconf 89' lang='lat' dir='ltr'>pro</span> <span class='ocrx_word' id='word_1_252' title='bbox 385 1880 470 1912; x_wconf 89' lang='lat' dir='ltr'>Mur.</span> <span class='ocrx_word' id='word_1_253' title='bbox 505 1881 561 1919; x_wconf 88' lang='lat'>13,</span> <span class='ocrx_word' id='word_1_254' title='bbox 591 1880 632 1912; x_wconf 71' lang='lat'>28</span> <span class='ocrx_word' id='word_1_255' title='bbox 663 1882 695 1912; x_wconf 72' lang='lat' dir='ltr'>si</span> <span class='ocrx_word' id='word_1_256' title='bbox 721 1881 756 1913; x_wconf 79' lang='lat' dir='ltr'>z&#39;d</span> 
     </span>
     <span class='ocr_line' id='line_1_34' title="bbox 89 1925 754 1970; baseline -0.002 -12"><span class='ocrx_word' id='word_1_257' title='bbox 89 1926 178 1969; x_wconf 82' lang='lat' dir='ltr'>quod</span> <span class='ocrx_word' id='word_1_258' title='bbox 194 1928 326 1970; x_wconf 76' lang='lat' dir='ltr'>oportet</span> <span class='ocrx_word' id='word_1_259' title='bbox 347 1926 578 1969; x_wconf 69' lang='lat' dir='ltr'>responderis,</span> <span class='ocrx_word' id='word_1_260' title='bbox 606 1925 754 1958; x_wconf 68' lang='grc' dir='ltr'>Μενηνί-</span> 
     </span>
     <span class='ocr_line' id='line_1_35' title="bbox 88 1969 752 2015; baseline -0.002 -12"><span class='ocrx_word' id='word_1_261' title='bbox 88 1972 187 2004; x_wconf 81' lang='lat' dir='ltr'>deare</span> <span class='ocrx_word' id='word_1_262' title='bbox 199 1970 415 2015; x_wconf 74' lang='lat' dir='ltr'>respondisse</span> <span class='ocrx_word' id='word_1_263' title='bbox 428 1971 516 2013; x_wconf 79' lang='lat' dir='ltr'>quod</span> <span class='ocrx_word' id='word_1_264' title='bbox 528 1969 664 2003; x_wconf 73' lang='lat' dir='ltr'>Servius</span> <span class='ocrx_word' id='word_1_265' title='bbox 675 1997 682 2009; x_wconf 88' lang='lat'>,</span> <span class='ocrx_word' id='word_1_266' title='bbox 701 1973 752 2003; x_wconf 69' lang='grc' dir='ltr'>εἰη</span> 
     </span>
     <span class='ocr_line' id='line_1_36' title="bbox 87 2016 754 2059; baseline -0.001 -11"><span class='ocrx_word' id='word_1_267' title='bbox 87 2016 192 2059; x_wconf 72' lang='lat' dir='ltr'>aliter,</span> <span class='ocrx_word' id='word_1_268' title='bbox 209 2019 310 2048; x_wconf 69' lang='lat' dir='ltr'>etiam</span> <span class='ocrx_word' id='word_1_269' title='bbox 326 2018 573 2048; x_wconf 74' lang='lat' dir='ltr'>controversam</span> <span class='ocrx_word' id='word_1_270' title='bbox 587 2018 642 2048; x_wconf 73' lang='lat' dir='ltr'>ius</span> <span class='ocrx_word' id='word_1_271' title='bbox 654 2026 754 2048; x_wconf 79' lang='lat' dir='ltr'>nosse.</span> 
     </span>
     <span class='ocr_line' id='line_1_37' title="bbox 90 2060 464 2094; baseline -0.005 0"><span class='ocrx_word' id='word_1_272' title='bbox 90 2065 123 2094; x_wconf 76' lang='lat' dir='ltr'>et</span> <span class='ocrx_word' id='word_1_273' title='bbox 139 2064 305 2094; x_wconf 75' lang='lat' dir='ltr'>tractasse</span> <span class='ocrx_word' id='word_1_274' title='bbox 320 2060 464 2092; x_wconf 73' lang='lat' dir='ltr'>videare.</span> 
     </span>
    </p>

    <p class='ocr_par' dir='ltr' id='par_1_11' title="bbox 134 2105 703 2147">
     <span class='ocr_line' id='line_1_38' title="bbox 134 2105 703 2147; baseline -0.002 -10"><span class='ocrx_word' id='word_1_275' title='bbox 134 2117 181 2145; x_wconf 83' lang='lat' dir='ltr'>ea,</span> <span class='ocrx_word' id='word_1_276' title='bbox 200 2116 283 2147; x_wconf 76' lang='lat' dir='ltr'>quae</span> <span class='ocrx_word' id='word_1_277' title='bbox 299 2107 366 2137; x_wconf 80' lang='lat' dir='ltr'>nisi</span> <span class='ocrx_word' id='word_1_278' title='bbox 381 2105 527 2137; x_wconf 69' lang='lat' dir='ltr'>dioeerz&#39;s:</span> <span class='ocrx_word' id='word_1_279' title='bbox 558 2116 584 2137; x_wconf 87' lang='lat' dir='ltr'>s.</span> <span class='ocrx_word' id='word_1_280' title='bbox 603 2105 635 2147; x_wconf 63' lang='grc' dir='ltr'>ξ.</span> <span class='ocrx_word' id='word_1_281' title='bbox 650 2106 703 2137; x_wconf 79' lang='grc'>91.</span> 
     </span>
    </p>

    <p class='ocr_par' dir='ltr' id='par_1_12' title="bbox 89 2149 751 2283">
     <span class='ocr_line' id='line_1_39' title="bbox 134 2149 747 2192; baseline -0.003 -10"><span class='ocrx_word' id='word_1_282' title='bbox 134 2151 370 2183; x_wconf 74' lang='lat' dir='ltr'>redhibeatur.-</span> <span class='ocrx_word' id='word_1_283' title='bbox 393 2149 466 2192; x_wconf 85' lang='lat' dir='ltr'>Ulp.</span> <span class='ocrx_word' id='word_1_284' title='bbox 485 2150 548 2190; x_wconf 85' lang='lat' dir='ltr'>dig.</span> <span class='ocrx_word' id='word_1_285' title='bbox 566 2150 619 2181; x_wconf 85' lang='lat'>21.</span> <span class='ocrx_word' id='word_1_286' title='bbox 656 2150 688 2191; x_wconf 89' lang='lat'>1,</span> <span class='ocrx_word' id='word_1_287' title='bbox 709 2149 747 2180; x_wconf 85' lang='lat'>21</span> 
     </span>
     <span class='ocr_line' id='line_1_40' title="bbox 90 2195 751 2237; baseline -0.005 -8"><span class='ocrx_word' id='word_1_288' title='bbox 90 2196 262 2229; x_wconf 69' lang='lat' dir='ltr'>redhibere</span> <span class='ocrx_word' id='word_1_289' title='bbox 279 2197 337 2237; x_wconf 78' lang='lat' dir='ltr'>est,</span> <span class='ocrx_word' id='word_1_290' title='bbox 356 2197 395 2226; x_wconf 76' lang='lat' dir='ltr'>ut</span> <span class='ocrx_word' id='word_1_291' title='bbox 406 2205 530 2227; x_wconf 74' lang='lat' dir='ltr'>rursus</span> <span class='ocrx_word' id='word_1_292' title='bbox 543 2195 665 2226; x_wconf 70' lang='lat' dir='ltr'>habeat</span> <span class='ocrx_word' id='word_1_293' title='bbox 677 2205 751 2227; x_wconf 71' lang='lat' dir='ltr'>rere-</span> 
     </span>
     <span class='ocr_line' id='line_1_41' title="bbox 89 2240 472 2283; baseline -0.003 -10"><span class='ocrx_word' id='word_1_294' title='bbox 89 2241 180 2273; x_wconf 76' lang='lat' dir='ltr'>dz&#39;tor</span> <span class='ocrx_word' id='word_1_295' title='bbox 196 2240 285 2283; x_wconf 76' lang='lat' dir='ltr'>quod</span> <span class='ocrx_word' id='word_1_296' title='bbox 300 2240 472 2272; x_wconf 74' lang='lat' dir='ltr'>habuerat.</span> 
     </span>
    </p>

    <p class='ocr_par' dir='ltr' id='par_1_13' title="bbox 88 2284 754 2632">
     <span class='ocr_line' id='line_1_42' title="bbox 123 2284 751 2328; baseline -0.005 -10"><span class='ocrx_word' id='word_1_297' title='bbox 123 2287 308 2328; x_wconf 75' lang='lat' dir='ltr'>furacem:</span> <span class='ocrx_word' id='word_1_298' title='bbox 339 2295 364 2316; x_wconf 90' lang='lat' dir='ltr'>s.</span> <span class='ocrx_word' id='word_1_299' title='bbox 390 2285 442 2316; x_wconf 88' lang='lat' dir='ltr'>die</span> <span class='ocrx_word' id='word_1_300' title='bbox 467 2295 507 2315; x_wconf 93' lang='lat' dir='ltr'>zu</span> <span class='ocrx_word' id='word_1_301' title='bbox 532 2284 564 2325; x_wconf 62' lang='grc' dir='ltr'>ξ.</span> <span class='ocrx_word' id='word_1_302' title='bbox 584 2284 622 2315; x_wconf 85' lang='grc'>91</span> <span class='ocrx_word' id='word_1_303' title='bbox 652 2295 751 2325; x_wconf 78' lang='lat' dir='ltr'>gege-</span> 
     </span>
     <span class='ocr_line' id='line_1_43' title="bbox 88 2329 752 2370; baseline -0.003 -7"><span class='ocrx_word' id='word_1_304' title='bbox 88 2331 170 2363; x_wconf 85' lang='lat' dir='ltr'>bene</span> <span class='ocrx_word' id='word_1_305' title='bbox 184 2330 374 2370; x_wconf 76' lang='lat' dir='ltr'>Erkla&#39;rung</span> <span class='ocrx_word' id='word_1_306' title='bbox 390 2340 453 2361; x_wconf 88' lang='lat' dir='ltr'>von</span> <span class='ocrx_word' id='word_1_307' title='bbox 472 2330 510 2361; x_wconf 79' lang='lat' dir='ltr'>de</span> <span class='ocrx_word' id='word_1_308' title='bbox 529 2329 637 2361; x_wconf 75' lang='lat' dir='ltr'>furtis.</span> <span class='ocrx_word' id='word_1_309' title='bbox 669 2330 752 2361; x_wconf 85' lang='lat' dir='ltr'>Dass</span> 
     </span>
     <span class='ocr_line' id='line_1_44' title="bbox 89 2374 753 2415; baseline -0.003 -7"><span class='ocrx_word' id='word_1_310' title='bbox 89 2377 148 2408; x_wconf 86' lang='lat' dir='ltr'>der</span> <span class='ocrx_word' id='word_1_311' title='bbox 161 2374 351 2408; x_wconf 68' lang='lat' dir='ltr'>Verk&#39;ziufer</span> <span class='ocrx_word' id='word_1_312' title='bbox 368 2375 458 2407; x_wconf 86' lang='lat' dir='ltr'>nicht</span> <span class='ocrx_word' id='word_1_313' title='bbox 474 2374 664 2415; x_wconf 84' lang='lat' dir='ltr'>anzugeben</span> <span class='ocrx_word' id='word_1_314' title='bbox 682 2375 753 2406; x_wconf 87' lang='lat' dir='ltr'>hat-</span> 
     </span>
     <span class='ocr_line' id='line_1_45' title="bbox 89 2419 751 2461; baseline -0.005 -8"><span class='ocrx_word' id='word_1_315' title='bbox 89 2426 134 2461; x_wconf 87' lang='lat' dir='ltr'>te,</span> <span class='ocrx_word' id='word_1_316' title='bbox 152 2421 192 2452; x_wconf 89' lang='lat' dir='ltr'>ob</span> <span class='ocrx_word' id='word_1_317' title='bbox 210 2421 269 2452; x_wconf 88' lang='lat' dir='ltr'>der</span> <span class='ocrx_word' id='word_1_318' title='bbox 282 2420 401 2452; x_wconf 85' lang='lat' dir='ltr'>Sclave</span> <span class='ocrx_word' id='word_1_319' title='bbox 420 2420 487 2451; x_wconf 82' lang='lat' dir='ltr'>sich</span> <span class='ocrx_word' id='word_1_320' title='bbox 502 2419 695 2451; x_wconf 85' lang='lat' dir='ltr'>Diebereien</span> <span class='ocrx_word' id='word_1_321' title='bbox 711 2420 751 2451; x_wconf 91' lang='lat' dir='ltr'>im</span> 
     </span>
     <span class='ocr_line' id='line_1_46' title="bbox 88 2465 750 2497; baseline -0.003 0"><span class='ocrx_word' id='word_1_322' title='bbox 88 2466 197 2497; x_wconf 87' lang='lat' dir='ltr'>Hause</span> <span class='ocrx_word' id='word_1_323' title='bbox 230 2466 320 2497; x_wconf 85' lang='lat' dir='ltr'>hatte</span> <span class='ocrx_word' id='word_1_324' title='bbox 351 2476 391 2496; x_wconf 93' lang='lat' dir='ltr'>zu</span> <span class='ocrx_word' id='word_1_325' title='bbox 416 2465 578 2496; x_wconf 84' lang='lat' dir='ltr'>Schuldeu</span> <span class='ocrx_word' id='word_1_326' title='bbox 604 2465 750 2496; x_wconf 89' lang='lat' dir='ltr'>kommen</span> 
     </span>
     <span class='ocr_line' id='line_1_47' title="bbox 88 2509 752 2552; baseline -0.003 -10"><span class='ocrx_word' id='word_1_327' title='bbox 88 2512 209 2552; x_wconf 86' lang='lat' dir='ltr'>lassen,</span> <span class='ocrx_word' id='word_1_328' title='bbox 227 2510 386 2550; x_wconf 71' lang='lat' dir='ltr'>best&#39;zitigt</span> <span class='ocrx_word' id='word_1_329' title='bbox 402 2509 558 2542; x_wconf 85' lang='lat' dir='ltr'>Marcian.</span> <span class='ocrx_word' id='word_1_330' title='bbox 577 2510 640 2550; x_wconf 84' lang='lat' dir='ltr'>dig.</span> <span class='ocrx_word' id='word_1_331' title='bbox 659 2509 752 2550; x_wconf 83' lang='lat' dir='ltr'>XXI,</span> 
     </span>
     <span class='ocr_line' id='line_1_48' title="bbox 92 2555 752 2596; baseline -0.002 -10"><span class='ocrx_word' id='word_1_332' title='bbox 92 2556 120 2595; x_wconf 82' lang='lat'>1,</span> <span class='ocrx_word' id='word_1_333' title='bbox 136 2555 177 2586; x_wconf 84' lang='lat'>52</span> <span class='ocrx_word' id='word_1_334' title='bbox 194 2557 225 2586; x_wconf 82' lang='lat' dir='ltr'>si</span> <span class='ocrx_word' id='word_1_335' title='bbox 229 2556 373 2596; x_wconf 75' lang='lat' dir='ltr'>furtum</span> <span class='ocrx_word' id='word_1_336' title='bbox 389 2555 670 2596; x_wconf 73' lang='lat' dir='ltr'>domi&#39;nosecem&#39;t,</span> <span class='ocrx_word' id='word_1_337' title='bbox 687 2566 752 2587; x_wconf 72' lang='lat' dir='ltr'>non</span> 
     </span>
     <span class='ocr_line' id='line_1_49' title="bbox 89 2599 754 2632; baseline -0.005 0"><span class='ocrx_word' id='word_1_338' title='bbox 89 2602 141 2632; x_wconf 73' lang='lat' dir='ltr'>est</span> <span class='ocrx_word' id='word_1_339' title='bbox 162 2609 297 2632; x_wconf 76' lang='lat' dir='ltr'>necesse</span> <span class='ocrx_word' id='word_1_340' title='bbox 318 2600 377 2632; x_wconf 71' lang='lat' dir='ltr'>ltoc</span> <span class='ocrx_word' id='word_1_341' title='bbox 401 2602 435 2631; x_wconf 74' lang='lat' dir='ltr'>in</span> <span class='ocrx_word' id='word_1_342' title='bbox 461 2599 648 2632; x_wconf 76' lang='lat' dir='ltr'>venditione</span> <span class='ocrx_word' id='word_1_343' title='bbox 666 2601 754 2632; x_wconf 76' lang='lat' dir='ltr'>servi</span> 
     </span>
    </p>
   </div>
   <div class='ocr_carea' id='block_1_10' title="bbox 821 1564 1490 2630">
    <p class='ocr_par' dir='ltr' id='par_1_14' title="bbox 823 1564 1487 1642">
     <span class='ocr_line' id='line_1_50' title="bbox 823 1564 1487 1609; baseline -0.003 -12"><span class='ocrx_word' id='word_1_344' title='bbox 823 1565 1032 1609; x_wconf 77' lang='lat' dir='ltr'>praedicere,</span> <span class='ocrx_word' id='word_1_345' title='bbox 1061 1575 1120 1597; x_wconf 69' lang='lat' dir='ltr'>uec</span> <span class='ocrx_word' id='word_1_346' title='bbox 1144 1576 1189 1596; x_wconf 65' lang='lat' dir='ltr'>em</span> <span class='ocrx_word' id='word_1_347' title='bbox 1211 1565 1271 1597; x_wconf 81' lang='lat' dir='ltr'>hae</span> <span class='ocrx_word' id='word_1_348' title='bbox 1289 1574 1391 1596; x_wconf 72' lang='lat' dir='ltr'>causa</span> <span class='ocrx_word' id='word_1_349' title='bbox 1414 1564 1487 1596; x_wconf 78' lang='lat' dir='ltr'>red-</span> 
     </span>
     <span class='ocr_line' id='line_1_51' title="bbox 825 1612 1017 1642; baseline 0.005 -1"><span class='ocrx_word' id='word_1_350' title='bbox 825 1612 939 1642; x_wconf 72' lang='lat' dir='ltr'>hibitio</span> <span class='ocrx_word' id='word_1_351' title='bbox 958 1613 1017 1642; x_wconf 78' lang='lat' dir='ltr'>est.</span> 
     </span>
    </p>

    <p class='ocr_par' dir='ltr' id='par_1_15' title="bbox 821 1650 1489 1956">
     <span class='ocr_line' id='line_1_52' title="bbox 871 1650 1489 1687; baseline -0.002 -1"><span class='ocrx_word' id='word_1_352' title='bbox 871 1650 940 1687; x_wconf 61' lang='lat'>24.</span> <span class='ocrx_word' id='word_1_353' title='bbox 964 1654 1016 1685; x_wconf 75' lang='lat'>92.</span> <span class='ocrx_word' id='word_1_354' title='bbox 1041 1655 1204 1687; x_wconf 69' lang='lat' dir='ltr'>servanda</span> <span class='ocrx_word' id='word_1_355' title='bbox 1220 1657 1296 1686; x_wconf 67' lang='lat' dir='ltr'>sint.</span> <span class='ocrx_word' id='word_1_356' title='bbox 1330 1653 1489 1686; x_wconf 76' lang='lat' dir='ltr'>DerCon-</span> 
     </span>
     <span class='ocr_line' id='line_1_53' title="bbox 821 1698 1488 1742; baseline -0.001 -11"><span class='ocrx_word' id='word_1_357' title='bbox 821 1701 949 1742; x_wconf 85' lang='lat' dir='ltr'>junctiv</span> <span class='ocrx_word' id='word_1_358' title='bbox 964 1700 1007 1731; x_wconf 84' lang='lat' dir='ltr'>ist</span> <span class='ocrx_word' id='word_1_359' title='bbox 1020 1704 1159 1741; x_wconf 77' lang='lat' dir='ltr'>gcsetzt,</span> <span class='ocrx_word' id='word_1_360' title='bbox 1173 1700 1249 1731; x_wconf 87' lang='lat' dir='ltr'>weil</span> <span class='ocrx_word' id='word_1_361' title='bbox 1263 1700 1335 1731; x_wconf 87' lang='lat' dir='ltr'>dem</span> <span class='ocrx_word' id='word_1_362' title='bbox 1349 1698 1488 1731; x_wconf 86' lang='lat' dir='ltr'>Schrift-</span> 
     </span>
     <span class='ocr_line' id='line_1_54' title="bbox 826 1744 1487 1786; baseline -0.005 -9"><span class='ocrx_word' id='word_1_363' title='bbox 826 1746 944 1777; x_wconf 86' lang='lat' dir='ltr'>steller</span> <span class='ocrx_word' id='word_1_364' title='bbox 977 1746 1057 1776; x_wconf 86' lang='lat' dir='ltr'>noch</span> <span class='ocrx_word' id='word_1_365' title='bbox 1091 1745 1223 1786; x_wconf 75' lang='lat' dir='ltr'>quaerit</span> <span class='ocrx_word' id='word_1_366' title='bbox 1260 1744 1487 1779; x_wconf 82' lang='lat' dir='ltr'>vorschwebt;</span> 
     </span>
     <span class='ocr_line' id='line_1_55' title="bbox 825 1789 1487 1832; baseline -0.002 -11"><span class='ocrx_word' id='word_1_367' title='bbox 825 1789 856 1832; x_wconf 68' lang='grc' dir='ltr'>ξ.</span> <span class='ocrx_word' id='word_1_368' title='bbox 876 1790 928 1821; x_wconf 77' lang='lat'>92.</span> <span class='ocrx_word' id='word_1_369' title='bbox 970 1789 1058 1821; x_wconf 84' lang='lat' dir='ltr'>Auch</span> <span class='ocrx_word' id='word_1_370' title='bbox 1084 1791 1141 1821; x_wconf 85' lang='lat' dir='ltr'>das</span> <span class='ocrx_word' id='word_1_371' title='bbox 1167 1790 1319 1830; x_wconf 81' lang='lat' dir='ltr'>folgende</span> <span class='ocrx_word' id='word_1_372' title='bbox 1343 1789 1487 1830; x_wconf 86' lang='lat' dir='ltr'>Beispiel</span> 
     </span>
     <span class='ocr_line' id='line_1_56' title="bbox 826 1834 1487 1874; baseline 0 -9"><span class='ocrx_word' id='word_1_373' title='bbox 826 1836 871 1866; x_wconf 86' lang='lat' dir='ltr'>ist</span> <span class='ocrx_word' id='word_1_374' title='bbox 887 1835 952 1866; x_wconf 84' lang='lat' dir='ltr'>wol</span> <span class='ocrx_word' id='word_1_375' title='bbox 967 1835 1054 1866; x_wconf 85' lang='lat' dir='ltr'>nicht</span> <span class='ocrx_word' id='word_1_376' title='bbox 1069 1846 1133 1865; x_wconf 70' lang='lat' dir='ltr'>von</span> <span class='ocrx_word' id='word_1_377' title='bbox 1153 1834 1235 1874; x_wconf 61' lang='lat' dir='ltr'>Cic„</span> <span class='ocrx_word' id='word_1_378' title='bbox 1267 1835 1407 1865; x_wconf 82' lang='lat' dir='ltr'>sondern</span> <span class='ocrx_word' id='word_1_379' title='bbox 1424 1844 1487 1865; x_wconf 87' lang='lat' dir='ltr'>von</span> 
     </span>
     <span class='ocr_line' id='line_1_57' title="bbox 826 1879 1489 1911; baseline -0.003 0"><span class='ocrx_word' id='word_1_380' title='bbox 826 1881 886 1911; x_wconf 87' lang='lat' dir='ltr'>den</span> <span class='ocrx_word' id='word_1_381' title='bbox 912 1880 1065 1911; x_wconf 87' lang='lat' dir='ltr'>Stoikern</span> <span class='ocrx_word' id='word_1_382' title='bbox 1092 1879 1250 1911; x_wconf 75' lang='lat' dir='ltr'>crl&#39;unden</span> <span class='ocrx_word' id='word_1_383' title='bbox 1280 1880 1345 1910; x_wconf 89' lang='lat' dir='ltr'>und</span> <span class='ocrx_word' id='word_1_384' title='bbox 1375 1883 1489 1910; x_wconf 77' lang='lat' dir='ltr'>zuerst</span> 
     </span>
     <span class='ocr_line' id='line_1_58' title="bbox 826 1925 1012 1956; baseline -0.005 0"><span class='ocrx_word' id='word_1_385' title='bbox 826 1925 1012 1956; x_wconf 82' lang='lat' dir='ltr'>behandelt.</span> 
     </span>
    </p>

    <p class='ocr_par' dir='ltr' id='par_1_16' title="bbox 870 1968 1487 2013">
     <span class='ocr_line' id='line_1_59' title="bbox 870 1968 1487 2013; baseline -0.003 -12"><span class='ocrx_word' id='word_1_386' title='bbox 870 1972 908 2001; x_wconf 74' lang='lat' dir='ltr'>ut</span> <span class='ocrx_word' id='word_1_387' title='bbox 922 1972 1098 2013; x_wconf 76' lang='lat' dir='ltr'>praetores</span> <span class='ocrx_word' id='word_1_388' title='bbox 1112 1969 1219 2000; x_wconf 73' lang='lat' dir='ltr'>solent</span> <span class='ocrx_word' id='word_1_389' title='bbox 1236 1969 1331 2000; x_wconf 67' lang='lat' dir='ltr'>n&#39;ziml.</span> <span class='ocrx_word' id='word_1_390' title='bbox 1346 1968 1487 2000; x_wconf 83' lang='lat' dir='ltr'>edicere.</span> 
     </span>
    </p>

    <p class='ocr_par' dir='ltr' id='par_1_17' title="bbox 823 2014 1490 2361">
     <span class='ocr_line' id='line_1_60' title="bbox 870 2014 1488 2056; baseline -0.003 -10"><span class='ocrx_word' id='word_1_391' title='bbox 870 2014 916 2046; x_wconf 78' lang='lat' dir='ltr'>acl</span> <span class='ocrx_word' id='word_1_392' title='bbox 931 2025 1051 2056; x_wconf 74' lang='lat' dir='ltr'>aquam</span> <span class='ocrx_word' id='word_1_393' title='bbox 1068 2016 1280 2055; x_wconf 72' lang='lat' dir='ltr'>intercutem,</span> <span class='ocrx_word' id='word_1_394' title='bbox 1309 2023 1411 2054; x_wconf 78' lang='lat' dir='ltr'>gegen</span> <span class='ocrx_word' id='word_1_395' title='bbox 1438 2014 1488 2044; x_wconf 86' lang='lat' dir='ltr'>die</span> 
     </span>
     <span class='ocr_line' id='line_1_61' title="bbox 828 2058 1488 2091; baseline -0.003 0"><span class='ocrx_word' id='word_1_396' title='bbox 828 2059 1076 2091; x_wconf 69' lang='lat' dir='ltr'>Wassevsucht.</span> <span class='ocrx_word' id='word_1_397' title='bbox 1111 2059 1183 2090; x_wconf 85' lang='lat' dir='ltr'>Man</span> <span class='ocrx_word' id='word_1_398' title='bbox 1203 2069 1291 2089; x_wconf 86' lang='lat' dir='ltr'>muss</span> <span class='ocrx_word' id='word_1_399' title='bbox 1310 2058 1488 2090; x_wconf 79' lang='lat' dir='ltr'>verbinden</span> 
     </span>
     <span class='ocr_line' id='line_1_62' title="bbox 823 2102 1488 2145; baseline -0.003 -10"><span class='ocrx_word' id='word_1_400' title='bbox 823 2104 942 2136; x_wconf 73' lang='lat' dir='ltr'>medic.</span> <span class='ocrx_word' id='word_1_401' title='bbox 964 2104 1009 2135; x_wconf 85' lang='lat' dir='ltr'>ad</span> <span class='ocrx_word' id='word_1_402' title='bbox 1023 2114 1074 2145; x_wconf 84' lang='lat' dir='ltr'>aq.</span> <span class='ocrx_word' id='word_1_403' title='bbox 1092 2105 1191 2135; x_wconf 71' lang='lat' dir='ltr'>inter.</span> <span class='ocrx_word' id='word_1_404' title='bbox 1226 2102 1302 2143; x_wconf 78' lang='lat' dir='ltr'>Vgl.</span> <span class='ocrx_word' id='word_1_405' title='bbox 1329 2113 1356 2134; x_wconf 92' lang='lat' dir='ltr'>z.</span> <span class='ocrx_word' id='word_1_406' title='bbox 1376 2102 1419 2142; x_wconf 85' lang='lat' dir='ltr'>ll,</span> <span class='ocrx_word' id='word_1_407' title='bbox 1440 2102 1488 2143; x_wconf 83' lang='lat'>16,</span> 
     </span>
     <span class='ocr_line' id='line_1_63' title="bbox 825 2148 1490 2190; baseline -0.002 -10"><span class='ocrx_word' id='word_1_408' title='bbox 825 2149 877 2180; x_wconf 74' lang='lat'>56.</span> <span class='ocrx_word' id='word_1_409' title='bbox 902 2149 1014 2180; x_wconf 89' lang='lat' dir='ltr'>dediv.</span> <span class='ocrx_word' id='word_1_410' title='bbox 1028 2148 1051 2187; x_wconf 87' lang='lat' dir='ltr'>l,</span> <span class='ocrx_word' id='word_1_411' title='bbox 1069 2149 1094 2189; x_wconf 77' lang='grc'>7,</span> <span class='ocrx_word' id='word_1_412' title='bbox 1115 2148 1153 2178; x_wconf 84' lang='grc'>13</span> <span class='ocrx_word' id='word_1_413' title='bbox 1171 2149 1295 2180; x_wconf 72' lang='lat' dir='ltr'>mirari</span> <span class='ocrx_word' id='word_1_414' title='bbox 1305 2148 1388 2188; x_wconf 70' lang='lat' dir='ltr'>licet,</span> <span class='ocrx_word' id='word_1_415' title='bbox 1407 2158 1490 2190; x_wconf 80' lang='lat' dir='ltr'>quae</span> 
     </span>
     <span class='ocr_line' id='line_1_64' title="bbox 825 2192 1489 2225; baseline 0 0"><span class='ocrx_word' id='word_1_416' title='bbox 825 2195 896 2225; x_wconf 68' lang='lat' dir='ltr'>siut</span> <span class='ocrx_word' id='word_1_417' title='bbox 910 2193 1147 2225; x_wconf 72' lang='lat' dir='ltr'>animadversa</span> <span class='ocrx_word' id='word_1_418' title='bbox 1169 2204 1190 2224; x_wconf 81' lang='lat' dir='ltr'>a</span> <span class='ocrx_word' id='word_1_419' title='bbox 1212 2192 1348 2224; x_wconf 67' lang='lat' dir='ltr'>medicis</span> <span class='ocrx_word' id='word_1_420' title='bbox 1371 2193 1489 2225; x_wconf 77' lang='lat' dir='ltr'>herba-</span> 
     </span>
     <span class='ocr_line' id='line_1_65' title="bbox 825 2238 1489 2281; baseline -0.002 -11"><span class='ocrx_word' id='word_1_421' title='bbox 825 2250 901 2271; x_wconf 77' lang='lat' dir='ltr'>rum</span> <span class='ocrx_word' id='word_1_422' title='bbox 916 2249 1052 2281; x_wconf 75' lang='lat' dir='ltr'>genera,</span> <span class='ocrx_word' id='word_1_423' title='bbox 1072 2249 1155 2281; x_wconf 77' lang='lat' dir='ltr'>qaae</span> <span class='ocrx_word' id='word_1_424' title='bbox 1172 2238 1323 2270; x_wconf 77' lang='lat' dir='ltr'>radicum</span> <span class='ocrx_word' id='word_1_425' title='bbox 1339 2238 1385 2269; x_wconf 85' lang='lat' dir='ltr'>ad</span> <span class='ocrx_word' id='word_1_426' title='bbox 1398 2248 1489 2270; x_wconf 81' lang='lat' dir='ltr'>mor-</span> 
     </span>
     <span class='ocr_line' id='line_1_66' title="bbox 826 2283 1489 2316; baseline -0.002 -1"><span class='ocrx_word' id='word_1_427' title='bbox 826 2296 883 2316; x_wconf 79' lang='lat' dir='ltr'>sus</span> <span class='ocrx_word' id='word_1_428' title='bbox 902 2285 1086 2315; x_wconf 73' lang='lat' dir='ltr'>bestiarum</span> <span class='ocrx_word' id='word_1_429' title='bbox 1104 2284 1150 2315; x_wconf 80' lang='lat' dir='ltr'>ad</span> <span class='ocrx_word' id='word_1_430' title='bbox 1167 2283 1337 2315; x_wconf 74' lang='lat' dir='ltr'>oculorum</span> <span class='ocrx_word' id='word_1_431' title='bbox 1353 2284 1489 2315; x_wconf 72' lang='lat' dir='ltr'>morbos</span> 
     </span>
     <span class='ocr_line' id='line_1_67' title="bbox 825 2329 1034 2361; baseline -0.01 0"><span class='ocrx_word' id='word_1_432' title='bbox 825 2329 870 2361; x_wconf 82' lang='lat' dir='ltr'>ad</span> <span class='ocrx_word' id='word_1_433' title='bbox 886 2329 1034 2360; x_wconf 73' lang='lat' dir='ltr'>vulnera.</span> 
     </span>
    </p>

    <p class='ocr_par' dir='ltr' id='par_1_18' title="bbox 825 2373 1490 2630">
     <span class='ocr_line' id='line_1_68' title="bbox 871 2373 1490 2412; baseline -0.002 -7"><span class='ocrx_word' id='word_1_434' title='bbox 871 2376 903 2405; x_wconf 75' lang='lat' dir='ltr'>si</span> <span class='ocrx_word' id='word_1_435' title='bbox 914 2385 950 2405; x_wconf 84' lang='lat' dir='ltr'>eo</span> <span class='ocrx_word' id='word_1_436' title='bbox 963 2373 1216 2412; x_wconf 67' lang='lat' dir='ltr'>medicamento,</span> <span class='ocrx_word' id='word_1_437' title='bbox 1232 2373 1295 2404; x_wconf 90' lang='lat' dir='ltr'>wie</span> <span class='ocrx_word' id='word_1_438' title='bbox 1310 2383 1345 2404; x_wconf 86' lang='lat' dir='ltr'>es</span> <span class='ocrx_word' id='word_1_439' title='bbox 1360 2374 1390 2404; x_wconf 86' lang='lat' dir='ltr'>in</span> <span class='ocrx_word' id='word_1_440' title='bbox 1407 2373 1490 2405; x_wconf 84' lang='lat' dir='ltr'>Ver·</span> 
     </span>
     <span class='ocr_line' id='line_1_69' title="bbox 826 2418 1489 2459; baseline 0 -10"><span class='ocrx_word' id='word_1_441' title='bbox 826 2419 941 2459; x_wconf 79' lang='lat' dir='ltr'>tr&#39;agen</span> <span class='ocrx_word' id='word_1_442' title='bbox 960 2419 1022 2449; x_wconf 89' lang='lat' dir='ltr'>und</span> <span class='ocrx_word' id='word_1_443' title='bbox 1039 2418 1261 2458; x_wconf 76' lang='lat' dir='ltr'>gesetzlichen</span> <span class='ocrx_word' id='word_1_444' title='bbox 1276 2419 1489 2450; x_wconf 81' lang='lat' dir='ltr'>Bestimmun-</span> 
     </span>
     <span class='ocr_line' id='line_1_70' title="bbox 825 2463 1487 2504; baseline 0 -10"><span class='ocrx_word' id='word_1_445' title='bbox 825 2474 885 2504; x_wconf 78' lang='lat' dir='ltr'>gen</span> <span class='ocrx_word' id='word_1_446' title='bbox 920 2464 980 2495; x_wconf 75' lang='lat' dir='ltr'>dm·</span> <span class='ocrx_word' id='word_1_447' title='bbox 1007 2463 1202 2503; x_wconf 82' lang='lat' dir='ltr'>juristische</span> <span class='ocrx_word' id='word_1_448' title='bbox 1235 2463 1297 2494; x_wconf 86' lang='lat' dir='ltr'>Stil</span> <span class='ocrx_word' id='word_1_449' title='bbox 1331 2464 1387 2494; x_wconf 83' lang='lat' dir='ltr'>init</span> <span class='ocrx_word' id='word_1_450' title='bbox 1421 2464 1487 2494; x_wconf 84' lang='lat' dir='ltr'>sich</span> 
     </span>
     <span class='ocr_line' id='line_1_71' title="bbox 826 2507 1488 2549; baseline 0 -10"><span class='ocrx_word' id='word_1_451' title='bbox 826 2509 952 2549; x_wconf 85' lang='lat' dir='ltr'>bringt,</span> <span class='ocrx_word' id='word_1_452' title='bbox 987 2509 1068 2539; x_wconf 80' lang='lat' dir='ltr'>wird</span> <span class='ocrx_word' id='word_1_453' title='bbox 1100 2509 1156 2539; x_wconf 83' lang='lat' dir='ltr'>das</span> <span class='ocrx_word' id='word_1_454' title='bbox 1187 2507 1288 2539; x_wconf 77' lang='lat' dir='ltr'>Wort</span> <span class='ocrx_word' id='word_1_455' title='bbox 1314 2509 1488 2540; x_wconf 85' lang='lat' dir='ltr'>mehrmals</span> 
     </span>
     <span class='ocr_line' id='line_1_72' title="bbox 826 2552 1489 2593; baseline -0.002 -9"><span class='ocrx_word' id='word_1_456' title='bbox 826 2553 1032 2590; x_wconf 75' lang='lat' dir='ltr'>wiederholt‚</span> <span class='ocrx_word' id='word_1_457' title='bbox 1051 2563 1102 2583; x_wconf 89' lang='lat' dir='ltr'>um</span> <span class='ocrx_word' id='word_1_458' title='bbox 1117 2553 1194 2593; x_wconf 84' lang='lat' dir='ltr'>jede</span> <span class='ocrx_word' id='word_1_459' title='bbox 1212 2552 1489 2593; x_wconf 79' lang='lat' dir='ltr'>Zweideutigkeit</span> 
     </span>
     <span class='ocr_line' id='line_1_73' title="bbox 827 2598 1087 2630; baseline 0 -1"><span class='ocrx_word' id='word_1_460' title='bbox 827 2609 866 2629; x_wconf 90' lang='lat' dir='ltr'>zu</span> <span class='ocrx_word' id='word_1_461' title='bbox 888 2598 1087 2630; x_wconf 85' lang='lat' dir='ltr'>vermeiden.</span> 
     </span>
    </p>
   </div>
   <div class='ocr_carea' id='block_1_11' title="bbox 1516 1358 1557 1390">
    <p class='ocr_par' dir='ltr' id='par_1_19' title="bbox 1516 1358 1557 1390">
     <span class='ocr_line' id='line_1_74' title="bbox 1516 1358 1557 1390; baseline 0.024 -1"><span class='ocrx_word' id='word_1_462' title='bbox 1516 1358 1557 1390; x_wconf 81' lang='lat'>93</span> 
     </span>
    </p>
   </div>
  </div>
 </body>
</html>
