1684 2819
601 176 861 218 L1sslzai.8,

886 177 1014 210 15.16.
1467 178 1516 217 13

221 291 286 332 M.
312 291 459 344 Ecquid
483 304 578 345 ergo
601 291 804 345 intelligis,
830 299 1014 345 quantum
1040 291 1128 332 mali
1151 291 1197 332 de
1220 291 1390 331 humana
1422 305 1514 331 con·
1535 291 1564 336 S

93 347 252 387 uitione
275 347 496 388 deieceris?
530 348 590 389 A.
617 347 793 398 Quonam
817 349 962 388 modo?
993 347 1057 389 M.
1084 347 1196 399 Quia,
1222 348 1255 387 si
1277 347 1377 387 mori
1401 348 1516 388 etiam
1538 356 1577 388 15

106 403 273 444 mortuis
315 404 503 444 miserum
536 411 667 454 esset,
706 405 897 445 infinitum
940 405 1132 458 quoddam
1165 411 1203 445 et
1232 404 1514 458 sempiternum

106 459 250 500 malum
274 460 507 501 haberemus
531 461 586 513 [in
602 461 725 513 vita];
750 476 853 502 nunc
869 462 986 502 video
1009 462 1168 510 calcem,
1193 461 1240 501 ad
1262 475 1376 514 quam
1399 475 1515 514 quum

105 517 156 556 sit
177 517 400 567 decursum,
426 517 524 557 nihil
555 518 606 559 sit
627 526 834 572 praeterea
864 518 1215 558 extimescendum.
1261 517 1337 557 Sed
1359 524 1401 557 tu
1422 517 1516 558 mihi

104 573 252 613 videris
282 573 523 627 Epicharmi,
557 575 659 615 acuti
691 589 762 615 nec
790 574 932 614 insulsi
963 574 1149 623 hominis,
1182 581 1224 614 ut
1254 573 1391 624 Siculi,
1425 588 1514 614 sen—

105 629 265 669 tentiam
289 631 414 683 sequi.

460 631 519 672 A.
547 631 698 682 Quam?
729 645 808 670 non
840 630 941 670 enim
963 630 1073 670 novi.

1118 629 1183 670 JW.
1208 631 1360 681 Dicam,
1385 631 1417 671 si
1447 645 1515 684 po-

104 693 207 736 tero,
232 686 395 736 Latine,
429 687 506 726 scis
539 688 657 737 enim,
691 699 753 725 me
777 686 927 726 Graece
958 686 1063 739 loqui
1093 687 1133 726 in
1156 687 1298 726 Latino
1329 700 1514 727 sermone

106 756 184 782 non
206 744 291 796 plus
314 743 460 791 solere,
486 756 600 795 quam
622 744 662 783 in
686 743 837 783 Graeco
859 743 1015 782 Latine.
1056 743 1113 782 A.
1139 743 1189 782 Et
1209 750 1317 783 recte
1341 743 1510 796 quidem.

105 798 180 838 Sed
208 812 307 851 quae
329 799 485 839 tandem
509 806 568 839 est
588 799 814 852 Epicharmi
844 800 918 839 ista
940 798 1165 840 sententia?
1195 800 1260 839 M.

222 855 371 895 Emori
387 854 508 903 ποῖός
540 856 615 895 scd
634 871 695 896 mc
715 870 804 896 csse
825 854 1027 895 mertuum
1058 855 1166 896 m'lzz‘l
1185 855 1384 895 aes-cumo.

103 913 162 952 A.
198 911 276 950 Iam
310 924 485 964 agnosco
509 912 715 953 Graecum.
751 912 826 952 Sed
849 912 1033 965 quoniam
1056 911 1238 965 coegisti,
1263 918 1305 951 ut
1326 911 1513 951 concede-

102 981 201 1017 rem,
223 967 287 1020 qui
310 969 455 1008 mortui
478 976 627 1019 essent,
647 982 715 1010 eos
733 969 901 1009 miseros
920 982 997 1008 non
1016 982 1126 1009 esse:
1151 969 1308 1022 perfice,
1334 968 1367 1008 si
1388 975 1514 1021 potes,

102 1031 215 1064 utne
237 1024 481 1065 moriendum
513 1026 667 1078 quidem
700 1039 787 1066 esse
816 1025 1002 1066 miserum
1033 1032 1179 1079 putem.

1224 1025 1289 1066 M.
1317 1024 1394 1064 lam
1416 1024 1517 1064 istuc
1536 1032 1575 1064 16

102 1081 257 1134 quidem
288 1081 385 1121 nihil
416 1083 563 1136 negotii
594 1089 668 1133 est,
703 1082 770 1123 sed
803 1082 919 1122 etiam
951 1082 1100 1122 maiora
1129 1082 1286 1121 molior.
1330 1080 1392 1122 A.
1428 1080 1513 1131 Quo

102 1137 314 1179 inodohoc
335 1137 431 1178 nihil
452 1139 601 1192 negotii
623 1145 696 1189 est,
723 1147 790 1179 aut
813 1152 912 1192 quae
934 1146 1025 1179 sunt
1047 1139 1201 1178 tandem
1232 1138 1308 1178 ista
1337 1137 1514 1178 maiora?

101 1194 172 1250 M„
193 1193 306 1244 Quia,
329 1195 510 1247 quoniam
533 1203 620 1250 post
640 1203 806 1236 mortem
830 1195 926 1236 nihil
949 1202 1009 1235 est
1031 1195 1135 1244 mali,
1158 1209 1207 1235 ne
1229 1208 1335 1235 mors
1358 1195 1511 1248 quidem

147 1343 187 1382 8.
212 1346 265 1378 15.
287 1347 427 1388 Ecquid
446 1348 616 1388 „wohlv‘
646 1348 709 1380 wie
729 1347 771 1380 Il.

104 1391 164 1431 14,
193 1391 235 1423 32
265 1392 331 1423 und
352 1395 454 1424 'sonst
483 1393 605 1434 hiiufig.
644 1394 771 1436 Ecqui,

101 1437 246 1469 welches
276 1438 328 1469 die
355 1439 497 1470 mcisten
516 1438 619 1470 Mscr.
649 1440 771 1480 haben,

101 1482 226 1514 kommt
252 1488 346 1515 sonst
373 1494 435 1515 nur
456 1484 488 1515 in
507 1484 604 1516 einer
623 1485 774 1517 zweifel—

102 1527 219 1559 haften
238 1526 342 1560 Stelle
370 1529 428 1561 des
453 1529 593 1561 Plautus
620 1541 701 1568 vor,
731 1530 774 1562 ist

102 1573 176 1604 hier
200 1574 349 1614 weuiger
375 1575 518 1616 passend
550 1576 617 1606 und
651 1576 774 1607 konnte

102 1618 206 1650 leicht
231 1628 291 1650 aus
316 1619 443 1660 ecquid
468 1620 668 1651 entstanden
687 1620 772 1652 sein.

103 1662 330 1704 (Wesenberg
348 1663 486 1696 Einend.
499 1664 657 1696 Ciceron.
670 1664 770 1697 Tusc.

105 1709 191 1751 disp.
213 1708 256 1740 ll.
276 1720 308 1751 p.
330 1709 380 1749 3.)

148 1755 325 1786 deieceris.
377 1753 539 1786 Aehnlich
574 1754 616 1785 II.
652 1755 694 1792 5,
734 1755 773 1785 14

102 1803 276 1840 quantum
305 1800 345 1831 (le
371 1799 505 1831 doloris
528 1803 667 1831 terrore
685 1800 774 1831 deie-

102 1847 205 1876 cere‘S.
248 1843 324 1884 vgl.
356 1844 416 1876 das
451 1845 611 1877 deutsche
646 1846 773 1886 „einen

102 1889 195 1922 Stein
216 1900 291 1921 vom
310 1889 440 1922 Herzen
461 1889 631 1922 w'alzen“.

147 1937 255 1967 etiam
280 1938 433 1967 mortm's
461 1936 573 1976 „auch
601 1936 633 1966 in
661 1936 774 1978 Bezug

102 1980 162 2012 auf
204 1991 336 2012 unsern'
371 1980 521 2012 Zustand
571 1982 654 2012 uach
699 1983 770 2014 dem

102 2025 239 2058 Tode“.

144 2074 182 2102 in
200 2074 273 2103 vita
291 2071 379 2103 steht
396 2081 488 2102 zwar
506 2071 538 2102 in
558 2072 646 2102 allen
662 2071 773 2103 Hand-

101 2115 283 2158 schriften,
323 2117 367 2148 ist
392 2116 474 2148 aber
500 2117 573 2148 hier
599 2127 682 2157 ganz
711 2129 773 2148 un—

99 2162 262 2204 passend,
290 2162 570 2194 wahrseheinlich
590 2163 773 2205 urspriing-

101 2207 167 2239 lich
186 2207 260 2239 eine
280 2206 399 2239 Glosse
419 2219 461 2239 zu
481 2208 622 2239 calcem.

146 2253 290 2285 calcem.
318 2253 363 2285 lm
392 2252 510 2285 Circus
537 2264 577 2284 zu
596 2252 677 2284 Rom
702 2263 773 2284 war

101 2298 159 2330 das
185 2297 329 2330 Endziel
358 2299 417 2330 der
444 2297 628 2330 Rennbahn
658 2298 773 2330 sriiher

101 2343 204 2375 durch
219 2342 306 2375 Ralk
325 2343 453 2384 (calx),
466 2343 529 2375 wie
544 2344 657 2385 sp'ater
669 2344 771 2375 durch

100 2386 223 2421 Hreide
243 2390 385 2431 (creta),
411 2389 620 2421 bezeichnet.
658 2388 774 2421 Daher

102 2433 154 2464 die
173 2433 322 2466 Phrasen
338 2446 345 2465 :
375 2434 424 2466 acl
442 2435 572 2466 calcem
587 2437 774 2476 pervenire

102 2478 214 2519 (Lael.
229 2480 285 2518 27,
303 2480 395 2520 101),
414 2480 664 2512 adearceresa
679 2481 773 2512 calce

103 2528 263 2557 revocari
285 2525 377 2566 (Cat.
398 2524 443 2556 M.
461 2526 517 2565 23,
534 2525 591 2567 83)
610 2536 643 2556 u.
665 2526 770 2566 dergl.

147 2570 369 2611 Epicharmi.
391 2570 438 2602 Er
450 2581 520 2602 war
534 2581 626 2602 zwar
640 2571 772 2603 aquos

104 2613 262 2655 geboren,
282 2617 362 2648 doch
384 2617 485 2648 sehon
505 2616 553 2648 als
572 2615 658 2647 Rind
688 2617 770 2648 nach

844 1347 981 1378 Sicilien
1001 1346 1216 1388 gekommen,
1237 1346 1304 1377 und
1332 1345 1446 1377 bliihte
1465 1355 1516 1377 um

842 1392 909 1424 480
929 1393 980 1423 als
997 1393 1134 1435 pythag.
1153 1391 1329 1434 Philosoph
1350 1392 1416 1422 und
1435 1391 1518 1423 {ilte-

844 1443 914 1470 ster
931 1438 1070 1469 Dichter
1088 1438 1148 1469 der
1167 1437 1297 1478 griech.
1318 1435 1492 1468 Homijdie.

890 1487 933 1515 m?
949 1483 1066 1515 Siculi
1092 1483 1202 1524 „dem
1227 1482 1316 1514 sicil.
1334 1481 1519 1513 Volkscha-

844 1527 1347 1570 rakte1²entsp1'echend“.Vgl.
1360 1527 1516 1567 43‚104:

846 1574 1071 1615 (Dzbgencs)
1090 1577 1131 1605 ut
1144 1574 1315 1615 Cynicus,
1333 1574 1469 1613 proisel
1483 1583 1519 1603 se

846 1621 954 1650 lussit
984 1620 1224 1650 inhumatum.
1255 1635 1295 1641 —
1330 1618 1398 1649 Der
1423 1616 1516 1649 Witz

845 1664 905 1696 der
922 1663 1060 1695 Sicilier
1076 1664 1159 1695 wird
1179 1663 1267 1695 lister
1284 1674 1347 1694 von
1367 1662 1440 1694 Cic.
1464 1673 1517 1693 er-

844 1710 970 1749 w‘zihnt,
989 1720 1021 1741 z.
1041 1709 1078 1740 B.
1099 1709 1132 1740 in
1152 1707 1248 1740 Verr.
1270 1708 1312 1740 Il.
1333 1709 1366 1749 4,
1386 1708 1514 1748 43,95:

842 1754 1050 1795 Numquam
1078 1757 1148 1785 tam
1178 1754 1270 1785 male
1296 1757 1349 1785 est
1367 1753 1515 1792 Sz'culis,

843 1802 929 1841 quin
957 1799 1102 1840 aliquid
1123 1800 1253 1841 facete
1279 1802 1314 1830 et
1339 1798 1517 1830 commode

844 1845 976 1876 (licant.

889 1891 1092 1922 Emoeretc
1106 1888 1197 1920 Sext.
1203 1888 1327 1931 Empir.
1333 1889 1408 1921 adv.
1415 1889 1516 1920 math.

845 1935 871 1967 Ι.
901 1934 918 1977 ξ
947 1935 1010 1966 >73
1038 1935 1128 1976 giebt
1153 1934 1215 1965 den
1244 1934 1329 1966 Vels
1356 1935 1413 1966 des
1440 1933 1515 1986 Epi-

843 1982 999 2013 charmus
1026 1991 1085 2012 so:
1117 1976 1322 2012 ἅποθαιεῖν
1344 1974 1363 2020 ἢ
1383 1976 1517 2012 ‘rema'-

841 2036 904 2058 παι
938 2037 978 2057 ου
1004 2037 1069 2069 μοι
1109 2024 1298 2069 διαᾳεοει,
1330 2024 1517 2066 jedensalls

840 2071 1087 2103 verstiimmelt.
1122 2070 1168 2102 Es
1194 2080 1266 2101 war
1293 2071 1414 2110 gewiss
1433 2071 1515 2102 auch

843 2117 894 2149 ein
930 2115 1165 2156 Tetrameter,
1198 2116 1260 2147 den
1295 2126 1392 2156 man,
1430 2116 1514 2147 nach

841 2172 983 2194 unserer
1015 2162 1140 2200 Stelle,
1183 2161 1245 2192 auf
1274 2161 1517 2192 verschiedene

841 2207 888 2240 W
890 2207 959 2238 eise
973 2186 1194 2247 erg‘anztliat.
1209 2206 1249 2238 H.
1263 2206 1408 2248 Sauppe:
1421 2202 1516 2237 (ἔπο-

841 2254 972 2285 θαιεῖν
990 2249 1113 2294 οἰχὰι
1106 2249 1220 2283 d‘a'w
1232 2262 1317 2295 μοι·
1339 2248 1476 2284 τεθιάπ
1480 2263 1513 2282 αι

842 2295 872 2329 ὃ
894 2294 935 2330 οὐ
959 2296 1139 2340 διαφέρει.
1169 2296 1247 2337 Vgl.
1276 2296 1388 2329 Plaut.
1417 2296 1512 2339 Capt

842 2343 898 2375 IV.
921 2344 952 2383 5,
974 2343 1039 2374 83:
1066 2344 1155 2375 Post
1174 2347 1327 2375 mortem
1346 2353 1382 2374 ιη
1400 2346 1516 2374 morte

842 2389 937 2421 ni'lzzl
954 2393 1018 2428 est,
1040 2388 1137 2430 quod
1153 2392 1325 2429 metuam,
1344 2388 1447 2419 mali.

887 2437 957 2466 iam
977 2444 1131 2475 agnosco
1147 2433 1319 2466 Graecum
1334 2434 1370 2474 ,.j
1379 2437 1447 2464 etzt
1464 2442 1516 2463 cr-

841 2480 950 2511 kenne
978 2480 1029 2511 ich
1060 2480 1118 2511 das
1138 2478 1356 2511 Griechische
1376 2478 1513 2517 wieder,

842 2526 995 2557 entsinne
1024 2525 1075 2556 ich
1096 2525 1181 2556 mich
1198 2525 1257 2556 der
1274 2524 1401 2565 griech.
1416 2522 1515 2554 W'or-

841 2572 917 2602 te“.
955 2569 997 2601 So
1018 2570 1059 2601 ll.
1084 2571 1135 2610 11,
1158 2570 1219 2601 26:
1251 2570 1340 2600 uncle
1359 2571 1424 2600 isti
1440 2578 1515 2599 vcr-

840 2619 927 2648 sus?
944 2626 1013 2647 ἠοη
1035 2618 1127 2647 enim
1147 2625 1315 2656 agnosco.
