1684 2819
182 163 260 203 194
640 163 696 195 DE
722 163 903 198 NATURA
929 164 1111 199 DEORUM

180 265 290 316 quire
308 265 414 304 doce.
438 266 505 304 Dic
520 265 652 315 igitur,
670 266 804 316 inquit,
815 266 904 317 quid
921 267 1105 317 requiras.
1127 265 1284 318 Egone?
1299 265 1586 318 primumillud‚

181 334 267 368 cur,
296 322 399 373 quod
428 322 466 359 in
496 321 565 359 ista
593 322 801 372 partitione
828 334 876 360 ne
903 335 1016 372 egere
1037 323 1192 373 quidem
1215 323 1389 362 oratione
1410 322 1584 370 dixisses,

179 379 283 429 quod
306 382 410 415 esset
429 377 677 428 perspicuum
701 384 737 417 et
758 378 858 416 inter
879 390 1018 416 omnes
1041 385 1246 426 constaret,
1268 380 1313 417 de
1333 392 1378 418 eo
1401 379 1487 430 ipso
1506 384 1582 417 tam

179 434 298 472 multa
323 433 478 472 dixeris.
517 434 612 480 Quia
635 440 670 473 te
692 447 856 485 quoque,
878 434 1012 486 inquit,
1033 435 1292 480 animadverti,
1314 436 1435 482 Cotta,
1460 447 1585 485 saepe,

179 501 297 540 quum
321 489 358 526 in
382 490 467 527 foro
491 490 648 537 diceres,
671 503 784 542 quam
808 491 984 542 plurimis
1006 503 1144 542 posses
1167 492 1401 541 argumentis
1424 504 1586 530 onerare

179 545 362 592 iudicem,
390 545 420 583 si
449 546 567 584 modo
596 559 678 585 eam
708 547 923 586 facultatem
955 547 1022 586 tihi
1050 547 1156 586 daret
1177 559 1322 585 caussa.
1364 547 1489 598 Atque
1510 548 1588 586 hoc-

178 601 281 639 idem
303 607 339 639 et
360 602 585 653 philosophi
608 603 750 641 faciunt
771 609 807 642 et
828 616 917 654 ego,
940 610 981 641 ut
1002 604 1130 655 potui,
1154 603 1236 641 seci.
1280 603 1339 642 Tu
1359 609 1499 649 autem,
1522 603 1586 654 qui

178 657 215 696 id
238 658 402 708 quaeris,
426 658 600 706 similiter
620 659 712 697 sacis
735 672 778 698 ae
801 660 831 698 si
855 673 916 698 ine
937 672 1061 711 roges,
1084 672 1151 698 cur
1174 665 1209 698 te
1231 659 1383 697 duobus
1405 664 1588 698 contuear

128 716 152 754 4
179 714 300 752 oculis
318 722 353 752 et
371 727 451 753 non
468 715 599 762 altero,
623 728 740 767 quum
760 715 858 754 idem
877 729 956 755 uno
974 716 1127 767 assequi
1145 715 1308 768 possim.
1347 716 1446 754 Tum
1466 714 1587 761 Cotta,

130 778 149 809 9

109 1396 122 1428 1
130 1396 147 1425 o

109 1871 145 1905 11

179 772 302 817 Quam
326 770 449 809 simile
471 771 569 810 istud
590 772 651 818 sit,
677 773 811 823 inquit,
834 779 873 811 tu
892 773 1042 811 videris.
1079 773 1173 811 Nam
1192 785 1261 823 ego
1279 784 1402 823 neque
1419 771 1456 809 in
1475 784 1587 810 caus-

181 827 246 872 sis,
270 827 300 865 si
324 828 412 878 quid
436 834 495 866 est
516 828 683 875 evidens,
705 829 751 867 de
774 842 850 880 quo
874 830 972 868 inter
994 842 1129 876 omnes
1148 829 1358 874 conveniat,
1380 840 1587 878 argumen-

179 883 250 921 tari
273 884 398 922 soleo:
422 885 676 935 perspicuitas
699 885 801 923 enim
825 886 1157 936 argumentatione
1179 887 1361 924 elevatur:
1384 897 1472 929 nec,
1496 884 1527 922 si
1550 884 1586 922 id

179 941 340 978 l'aeerem
371 940 408 978 in
439 941 588 979 caussis
617 942 857 988 forensibus,
894 943 991 980 idem
1023 944 1183 980 facerem
1215 942 1252 980 in
1281 943 1352 980 hac
1380 941 1587 979 subtilitate

180 997 387 1034 sermonis.
428 997 503 1035 Cur
524 1003 751 1035 eontuerere
773 1004 897 1036 autem
922 999 1040 1036 altero
1064 998 1190 1041 oculo,
1214 1010 1346 1036 caussa
1369 1008 1449 1035 non
1471 1004 1585 1042 esset,

178 1063 297 1102 quum
335 1053 435 1091 idem
473 1053 631 1091 ohtutus
668 1059 771 1092 esset
806 1054 1031 1099 amborum,
1069 1060 1104 1092 et
1133 1066 1252 1104 quum
1281 1066 1411 1092 rerum
1439 1058 1587 1098 natura,

178 1120 293 1158 quam
316 1113 356 1147 tu
380 1109 592 1159 sapientem
616 1122 702 1147 esse
719 1110 787 1157 vis,
811 1111 886 1149 duo
906 1110 1050 1149 lumina
1069 1110 1114 1148 ab
1132 1110 1260 1148 animo
1278 1110 1324 1148 ad
1343 1109 1477 1147 oculos
1496 1120 1586 1159 per-

177 1166 300 1203 l'orata
329 1177 401 1203 nos
430 1166 571 1204 habere
598 1167 794 1205 voluisset.
838 1168 910 1205 Sed
941 1168 1027 1218 quia
1057 1178 1134 1205 non
1158 1166 1380 1205 confidebas
1402 1171 1478 1203 tam
1502 1177 1587 1203 esse

178 1220 215 1258 id
236 1221 485 1272 perspieuum
509 1236 622 1273 quam
647 1228 686 1261 tu
710 1223 832 1269 velles,
854 1230 1057 1274 propterea
1082 1223 1210 1261 multis
1232 1222 1468 1271 argumentis
1492 1221 1585 1260 deos

177 1290 264 1315 esse
285 1278 422 1316 docere
443 1279 608 1317 voluisti.
649 1279 740 1318 Mihi
762 1279 863 1318 enim
885 1291 1006 1318 unum
1031 1279 1122 1318 satis
1145 1285 1235 1325 erat,
1257 1279 1303 1317 ita
1326 1278 1440 1316 nobis
1463 1277 1586 1315 maio·-

178 1345 239 1371 res
267 1340 428 1372 nostros
458 1335 672 1373 tradidisse.
722 1337 795 1375 Sed
825 1343 864 1374 tu
895 1336 1142 1375 auctoritates
1171 1335 1408 1379 contemnis,
1436 1334 1585 1372 ratione

178 1402 340 1440 pugnas,
382 1391 518 1429 Patere
547 1391 660 1442 igitur
685 1392 873 1431 rationem
901 1405 1026 1431 meam
1055 1405 1141 1430 cum
1172 1398 1234 1430 tua
1256 1391 1402 1430 ratione
1423 1395 1585 1429 conten-

178 1446 278 1484 dere.
316 1447 440 1485 Affers
470 1448 563 1485 haec
591 1449 719 1487 omnia
748 1454 990 1499 argumenta,
1022 1461 1090 1487 cur
1118 1448 1167 1486 dii
1196 1449 1291 1489 sint.
1321 1459 1479 1497 remque
1502 1458 1585 1484 mea

179 1503 368 1541 sententia
397 1503 556 1542 minime
579 1504 733 1543 dubiam
757 1505 1063 1556 argumentando
1088 1504 1241 1543 dubiam
1266 1504 1368 1542 facis.
1412 1502 1587 1541 Mandavi

177 1558 279 1596 enim
307 1560 518 1598 memoriae
540 1572 620 1598 non
642 1573 847 1600 numerum
871 1563 1017 1607 solum,
1048 1561 1114 1600 sed
1136 1561 1249 1599 etiam
1273 1560 1449 1598 ordinem
1472 1571 1585 1609 argu-

177 1621 399 1654 mentorum
426 1623 595 1656 tuorum.
638 1618 810 1656 Primum
835 1619 922 1664 suit,
946 1631 1066 1669 quum
1089 1618 1233 1656 caelum
1258 1616 1586 1668 suspexissemus,

178 1672 306 1709 statim
334 1684 407 1711 nos
437 1673 667 1723 intelligere,
696 1687 781 1713 esse
810 1675 962 1726 aliquod
986 1686 1148 1720 numen,
1178 1687 1253 1725 quo
1278 1674 1372 1711 haee
1392 1677 1585 1723 regantur.

177 1728 232 1765 Ex
255 1728 330 1767 hoc
351 1728 441 1767 illud
465 1730 591 1775 etiam,

232 1791 400 1847 'Adspice
421 1797 489 1835 hoc
510 1798 698 1837 sublimen
721 1800 898 1844 candens,
922 1811 1032 1849 quem
1054 1803 1235 1837 invocant
1256 1798 1385 1836 omnes
1406 1795 1548 1834 Iovem..

179 1863 295 1909 Quasi
325 1877 414 1901 vero
443 1866 645 1915 quisquam
674 1868 855 1904 nostrum
884 1867 1000 1904 istum
1030 1866 1160 1917 potius
1191 1878 1303 1916 quam
1329 1864 1584 1915 Capitolinum

224 1952 254 1984 S.
281 1953 419 1994 Egone?
452 1955 485 1986 S.
506 1966 545 1986 zu
567 1955 587 1992 l,
609 1956 637 1989 7.
660 1956 709 1987 lo.

223 1993 263 2029 4.
289 2000 319 2029 9.
356 2000 460 2038 (laam
485 2001 594 2032 st'mz'le
614 2001 698 2032 illud
718 2004 778 2039 sit,
810 2004 846 2033 tu

177 2043 311 2074 videt-is.
346 2044 424 2075 Eine
441 2044 627 2087 wendung,
646 2047 697 2077 die
712 2057 751 2077 zu
766 2057 844 2077 ver-

178 2089 273 2119 stehn
292 2089 394 2128 gieht,
413 2090 489 2120 dass
504 2091 564 2121 der
578 2090 711 2131 Gegner
726 2092 775 2122 hei
788 2102 844 2131 ge-

180 2143 322 2164 nauerer
340 2134 530 2175 Erwiigung
547 2136 613 2166 sieh
632 2136 717 2166 wohl
741 2137 844 2167 solbs-t

178 2188 240 2208 von
266 2179 336 2209 dem
357 2178 588 2221 Unpassenden
614 2181 671 2211 (les
690 2181 844 2221 Yevgtei-

179 2224 256 2253 ches
286 2224 493 2263 iiherzeugen
520 2226 642 2256 werde.
686 2227 844 2257 Aehnlieh

179 2268 280 2298 Aead.
302 2268 340 2302 ll.
364 2270 392 2305 Τ,
416 2270 470 2299 19:
496 2269 663 2313 lz'pe'earns
680 2272 740 2303 lme
759 2271 846 2303 ride-

178 2315 223 2344 ric
246 2315 278 2343 et
300 2313 408 2344 mulla
431 2315 506 2345 alia.
544 2316 582 2346 de
603 2315 707 2346 Divin.
727 2316 768 2358 ll,
793 2317 844 2348 53.

183 2358 261 2388 los:
288 2358 374 2399 (γ’ἄν,
400 2370 540 2400 quaese,
565 2371 663 2401 qnam
688 2363 756 2392 sin!
779 2364 846 2392 isla

179 2403 322 2438 .w‘1111'!t'(1;
338 2415 415 2435 uam
435 2405 518 2435 mihi
534 2416 598 2435 mm
618 2405 784 2437 videntur.

225 2448 291 2479 (luo
308 2449 450 2480 lumina:
471 2450 553 2479 zwei
574 2450 843 2489 Liehtiill'ntnigen

180 2493 260 2523 oder
285 2494 504 2533 Seheliieher3
535 2495 598 2525 uie
628 2496 713 2526 nieht
739 2496 844 2526 seiten

178 2537 304 2569 Iumina
331 2540 409 2569 auch
446 2539 498 2570 l'iir
518 2541 702 2581 fenestrae
730 2546 844 2581 gemuit

179 2583 272 2614 xxird.

964 1958 1005 1987 ab
1023 1958 1137 1987 (mimo
1155 1956 1201 1987 (ιᾶ
1217 1956 1339 1987 oeulos.
1376 1954 1475 1986 Tusc.
1494 1953 1515 1988 l.
1534 1954 1586 1988 20,

919 2001 979 2031 415:
1016 2004 1084 2032 riae
1113 2003 1213 2043 quasi
1243 2000 1404 2043 tlataedam
1436 2002 1514 2031 sun!
1543 1999 1588 2030 ad

919 2046 1047 2080 oeulos,
1072 2046 1116 2077 ad
1137 2057 1257 2085 aures,
1281 2046 1326 2077 ad
1347 2056 1448 2076 nares
1471 2056 1491 2076 α
1508 2044 1587 2075 sede

917 2093 1024 2122 (Illslm'
1036 2093 1247 2135 perforatae.

968 2137 1016 2167 ll.
1044 2138 1149 2168 istum
1173 2138 1286 2179 polius
1312 2146 1409 2177 quam
1431 2133 1587 2178 sape'loli-

918 2192 998 2212 uum
1057 2182 1248 2221 Allerdings
1282 2182 1337 2212 hat
1365 2180 1461 2211 Cotta
1495 2179 1585 2210 darin

919 2226 1038 2257 hecht:
1070 2227 1122 2257 (lie
1147 2226 1395 2265 gedankenlose
1420 2223 1584 2256 Mehrzahl

920 2272 1033 2303 stelit<-
1059 2272 1126 2302 sieh
1147 2273 1197 2302 (lie
1217 2271 1337 2302 (liitter
1360 2270 1448 2300 nicht
1464 2268 1584 2299 anders

918 2317 968 2347 als
987 2317 1078 2347 ihren
1099 2317 1170 2347 hier
1186 2316 1248 2347 und
1264 2316 1338 2346 (lort
1351 2312 1583 2352 aurgestetlten

922 2362 1049 2392 Rildern
1069 2362 1217 2401 gemiiss,
1240 2360 1275 2401 ja
1294 2360 1351 2390 mit
1370 2359 1481 2390 diesen
1501 2356 1584 2388 aufs

921 2406 1044 2445 Engsn·
1077 2406 1265 2437 verbunden
1301 2414 1378 2435 vor:
1418 2403 1480 2433 und
1513 2403 1583 2432 dies

919 2452 995 2490 ging-
1014 2462 1048 2481 so
1069 2462 1091 2480 xx
1103 2452 1164 2483 eit.
1190 2451 1265 2481 dass
1289 2459 1359 2480 man
1380 2448 1483 2478 selhst
1503 2447 1584 2478 Eine

920 2496 1067 2527 Gottheit
1099 2496 1176 2526 naeh
1208 2496 1299 2525 ihren
1324 2493 1582 2525 versel1i‹·‹l‹·nen

919 2541 1074 2582 'l'einpeln
1100 2541 1161 2571 und
1183 2540 1312 2570 ssildern
1334 2539 1583 2579 gewis-sermas-

921 2597 976 2617 sen
1003 2587 1031 2616 in
1051 2585 1285 2616 verschiedfflw
1305 2584 1472 2615 Personen
1497 2582 1585 2624 spal-
