1684 2819
642 159 720 191 LIB.
738 158 761 191 1.
800 159 892 191 CAP.
912 159 941 191 6.
963 160 993 191 τ.
1475 160 1528 199 39

124 270 180 303 tas
208 263 410 302 hominum
442 263 541 300 inter
570 262 677 313 ipsos
706 267 742 300 et
767 262 863 300 vitae
886 261 993 313 quasi
1015 261 1271 300 communitas
1295 261 1526 300 continetur.

125 320 238 359 Cuius
261 325 389 370 partes
413 319 526 357 duae:
549 318 705 362 iustitia,
729 318 769 356 in
790 331 864 368 qua
880 318 1031 356 virtutis
1050 323 1108 356 est
1125 317 1309 368 splendor
1324 317 1527 364 maximus,

124 389 169 415 ex
186 386 259 426 qua
276 374 347 413 viri
362 375 455 413 boni
471 374 733 421 nominantur,
756 379 792 412 et
809 374 896 413 huie
913 374 1116 412 coniuncta
1134 373 1394 421 beneficentia,
1411 386 1528 424 quam

121 431 295 470 eamdem
330 431 385 469 vel
419 430 694 481 benignitatem
727 431 782 469 vel
803 430 1064 469 liberalitatem
1093 430 1282 480 appellare
1308 429 1404 468 licet.
1453 429 1528 468 Sed

122 487 288 526 iustitiae
309 487 480 538 primum
501 499 645 526 munus
667 493 737 533 est,
759 492 801 525 ut
820 499 869 525 ne
891 486 951 525 eui
972 486 1055 536 quis
1077 491 1212 525 noceat
1231 486 1307 524 nisi
1327 485 1527 524 lacessitus

121 543 278 589 iniuria,
301 543 437 581 deinde
458 548 500 581 ut
522 543 793 582 communibus
815 555 886 593 pro
910 542 1184 581 communibus
1206 547 1347 589 utatur,
1368 541 1526 593 privatis

120 605 162 638 ut
189 599 282 638 suis.
327 600 426 638 Sunt
453 604 581 638 autem
608 599 755 650 privata
783 599 885 637 nulla
912 605 1063 645 natura,
1091 599 1159 636 sed
1180 604 1244 637 aut
1264 603 1389 637 vetere
1409 610 1527 637 occu-

121 656 296 707 patione,
324 661 365 695 ut
386 655 449 707 qni
471 656 668 706 quondam
688 655 728 693 in
748 667 867 693 vacua
887 660 1092 701 venerunt,
1116 660 1180 694 aut
1200 654 1379 701 victoria,
1400 659 1442 693 ut
1464 654 1529 705 qui

121 712 221 750 bello
243 711 355 762 potiti
376 717 477 757 sunt,
500 716 564 750 aut
584 711 677 761 lege,
699 711 888 761 pactione,
911 711 1152 757 condicione,
1176 716 1298 749 sorte:
1322 723 1367 749 ex
1389 723 1465 761 quo
1488 711 1530 748 fit

121 774 162 807 ut
189 780 278 817 ager
298 768 464 818 Arpinas
488 767 728 818 Arpinatium
751 766 918 812 dicatur,
943 767 1183 805 Tusculanus
1204 767 1529 813 Tusculanorum,

120 824 331 874 similisque
349 828 408 862 est
425 824 659 873 privatarum
678 823 981 874 possessionum
999 822 1220 872 descriptio.
1256 823 1311 860 Ex
1330 835 1418 872 quo,
1442 822 1529 874 quia

121 892 236 919 suum
259 880 444 930 cuiusque
465 880 526 926 fit,
550 891 699 926 eorum,
722 891 819 930 quae
839 884 975 917 natura
996 880 1145 917 fuerant
1166 878 1402 925 communia,
1424 877 1530 929 quod

121 935 258 987 cuique
280 936 427 986 obtigit,
450 936 488 974 id
510 936 672 986 quisque
695 941 832 981 teneat,
859 937 896 985 [e
920 937 1015 986 quo]
1043 935 1074 973 si
1097 934 1182 985 quis
1207 934 1279 973 sibi
1300 934 1385 985 plus
1408 947 1528 985 appe-

119 997 189 1039 tet,
215 991 369 1030 violabit
395 993 454 1030 ius
483 993 673 1030 humanae
696 992 901 1030 societatis.
945 991 1022 1030 Sed
1044 991 1244 1042 quoniam,
1272 995 1314 1029 ut
1334 990 1529 1041 praeclare

121 1049 311 1100 scriptum
342 1054 399 1087 est
426 1061 446 1087 a
468 1049 647 1093 Platone,
675 1060 754 1087 non
782 1048 895 1087 nobis
925 1048 1053 1086 solum
1081 1047 1159 1086 nati
1183 1059 1319 1085 sumus
1343 1052 1528 1098 ortusque

166 1185 215 1215 vir
239 1185 343 1215 bonus
373 1183 416 1213 ist
440 1183 593 1223 politisch
618 1183 789 1213 entweder

121 1229 181 1269 der
198 1228 326 1260 Pati-iot
343 1228 423 1258 oder
440 1228 500 1258 der
516 1227 710 1258 Aristokrat
736 1227 787 1265 (de

122 1273 185 1313 leg.
202 1272 254 1311 111,
274 1273 304 1312 9,
324 1272 365 1303 20
384 1272 463 1313 quid
478 1273 564 1304 iuris
586 1273 681 1303 bonis
706 1274 786 1303 vires

860 1183 949 1213 nicht
961 1186 1114 1213 antreten
1129 1181 1233 1221 darf).
1249 1183 1413 1225 pactione,
1427 1180 1529 1212 durch

861 1227 1056 1266 einseitigen
1075 1226 1230 1266 Vertrag,
1249 1226 1312 1257 wie
1331 1225 1530 1265 Schenkung

859 1283 891 1303 u.
910 1272 1014 1311 dei-gl.
1039 1271 1230 1303 conditione
1259 1271 1361 1302 durch
1383 1270 1531 1309 Vertrag

121 1317 155 1349 C.
172 1316 316 1350 Gracchi
330 1318 524 1349 tribunatus
538 1317 672 1359 reliquit
680 1318 717 1356 Ρ),
732 1316 787 1357 ju-

121 1363 256 1394 ristisch
274 1363 333 1393 der
349 1362 569 1402 Ehrenmann,
589 1372 694 1402 gegen
713 1362 789 1393 des-

122 1418 180 1439 sen
206 1407 448 1439 Rechtliehkeit
477 1407 553 1438 kein
586 1406 700 1438 Grund
730 1407 787 1438 (les

122 1452 342 1484 Misstrauens
360 1452 515 1492 vorliegt,
533 1451 570 1491 ΙΙ,
594 1451 644 1489 11,
664 1451 717 1483 33.
736 1450 788 1489 ΙΙΙ,

125 1497 176 1537 19,
196 1497 255 1535 773
276 1497 518 1538 philosophisch
537 1497 595 1527 der
613 1496 788 1536 Gcrechte,

123 1541 260 1579 XVeise,
290 1540 388 1573 Tuse.
414 1541 454 1578 V,
482 1541 535 1581 10,
562 1540 603 1572 28
638 1543 790 1573 omnibus

122 1589 209 1618 enim
225 1588 407 1618 virtutibus
431 1588 616 1617 instructos
639 1589 711 1617 tum
733 1596 788 1616 Stl-

121 1634 249 1675 pz'cntes
273 1634 345 1662 tum
375 1632 468 1662 vit-os
499 1633 602 1663 bonos
635 1631 788 1662 dicsmas.

122 1677 221 1709 Nicht
251 1676 358 1707 selten
392 1676 473 1707 aber
504 1676 564 1707 mit
588 1675 696 1707 Ironie
730 1677 790 1707 der

124 1722 225 1753 brave
240 1721 321 1752 aber
337 1721 548 1761 ungebildete
566 1720 674 1761 Manu,
694 1720 736 1760 ΙΙ,
760 1720 787 1760 1,

124 1766 142 1797 2
176 1778 217 1797 ne
241 1766 441 1808 qmbusdam
466 1767 559 1797 bonis
583 1767 667 1798 zir'zs
681 1765 790 1809 philo-

124 1812 262 1855 sophiae
278 1822 399 1843 nomen
416 1812 561 1842 z‘ffmtsmn
578 1812 633 1842 set.
668 1811 707 1841 de
726 1811 789 1850 leg.

122 1855 146 1895 Ι,
167 1857 196 1896 7,
215 1856 254 1887 21
288 1858 320 1887 te
343 1858 445 1899 caput
459 1857 526 1887 ῑίνί
541 1857 660 1898 optimi
673 1855 789 1899 prode?-

124 1901 222 1933 disse.

168 1947 236 1978 msz‘
273 1945 451 1977 lacessitus
489 1945 634 1976 mimia:
675 1955 701 1976 s.
736 1943 789 1984 ΙΙΙ,

126 1990 176 2031 19,
197 1990 248 2022 76.

168 2039 209 2067 ut
231 2037 314 2067 suis.
346 2046 447 2068 suzim
475 2036 557 2066 ohne
583 2034 790 2066 Riickbezie-

126 2082 213 2121 hung
236 2081 295 2112 auf
315 2081 372 2112 das
399 2080 535 2121 Subject
563 2080 620 2111 das
645 2080 791 2111 Sonder-

125 2126 313 2166 eigeuthum
339 2140 385 2151 =
404 2127 579 2168 privatum
601 2124 645 2165 ΙΙ,
670 2124 729 2164 21,
750 2124 790 2155 73

126 2173 164 2201 ut
179 2180 243 2202 sua
262 2173 466 2201 tenerentur.

171 2214 224 2246 21.
241 2218 281 2246 ut
297 2216 361 2256 qui,
380 2215 440 2246 d.i.
459 2217 498 2246 ut
516 2216 729 2257 occupatione
746 2217 792 2245 te-

124 2262 215 2299 nent,
234 2262 299 2302 qui.

171 2305 261 2346 lege:
289 2315 386 2336 wenn
414 2304 446 2335 in
474 2304 578 2344 Folge
610 2304 702 2335 einer
735 2304 791 2335 lea:

125 2350 176 2381 die
192 2349 510 2391 Magistratsperson
524 2348 721 2389 Eigenthum
736 2359 793 2380 zu-

128 2395 263 2437 spricht.
297 2394 425 2436 Ulpian.
450 2393 545 2433 XIX,
574 2393 611 2424 17
637 2393 710 2435 lege
733 2405 792 2425 720-

130 2441 178 2471 bis
201 2441 388 2482 acqum'tm·
409 2438 498 2471 velut
520 2439 682 2470 caducum
706 2439 792 2479 (eine

130 2485 323 2515 herrenlose
352 2484 470 2525 Sache)
506 2483 555 2514 vel
586 2486 793 2527 emptorium

131 2539 176 2560 οτι·
197 2529 270 2571 leg-e
293 2529 401 2572 Papia
419 2529 576 2572 Poppaea
602 2529 687 2568 (eine
706 2529 791 2560 Erb-

128 2573 251 2615 sebast,
268 2574 396 2605 welche
413 2574 473 2605 der
489 2574 686 2614 cigentliche
705 2573 792 2605 Erbe

860 1317 918 1348 mit
945 1317 1153 1347 bestimmten
1178 1316 1426 1356 Bedingungen‚
1461 1315 1528 1355 vgl.

862 1361 1219 1393 I)0nat.z.Ter.And1·.
1239 1360 1261 1401 Ι,
1280 1361 1306 1401 1,
1324 1360 1364 1391 52
1383 1360 1530 1391 condicio

863 1409 914 1438 est
932 1408 1045 1450 pactio
1069 1409 1195 1438 ceriam
1216 1405 1325 1448 leg-cm
1348 1406 1383 1437 z‘n
1400 1416 1436 1437 se
1453 1415 1530 1436 con-

865 1454 984 1483 tineus.

1552 603 1594 636 21

1554 994 1595 1026 22

909 1508 953 1528 ea·
975 1507 1038 1538 quo
1067 1496 1200 1527 bezieht
1225 1496 1293 1527 sich
1323 1495 1418 1527 beide
1444 1494 1530 1526 Male
1584 1505 1587 1506 ⁷

862 1540 922 1572 auf
935 1542 996 1572 den
1016 1541 1111 1572 Satz:
1145 1543 1227 1572 S‘ll'nt
1246 1542 1381 1584 privata
1398 1542 1460 1572 aut
1477 1550 1529 1571 re-

865 1589 936 1617 tere
953 1588 1169 1628 occupatione
1186 1588 1245 1617 cet.

906 1630 1098 1674 descriptio,
1115 1631 1186 1661 hier
1198 1630 1435 1671 Vei-theilung3
1455 1640 1481 1661 s.
1497 1629 1529 1671 ξ.

863 1676 916 1707 51.
957 1676 1168 1716 Eintheilung
1203 1676 1232 1716 ξ.
1257 1675 1311 1707 96.
1351 1675 1530 1707 Definition

863 1722 882 1762 ᾗ
910 1765 1061 1809 ssz'plns
1075 1768 1219 1809 appetet.
1239 1765 1299 1797 Die
1315 1765 1412 1796 Hdss.
1426 1765 1531 1796 haben

863 1822 892 1842 z.
904 1810 964 1842 Th.
979 1822 996 1841 e
1009 1821 1072 1852 qao
1090 1812 1122 1841 .ςί
1136 1812 1209 1852 quis
1225 1813 1291 1842 sibi
1304 1813 1455 1853 appetet:
1473 1810 1531 1841 das

864 1856 962 1886 sollte
987 1856 1137 1886 heissen:
1163 1856 1267 1887 ‘wenn
1290 1865 1353 1886 von
1372 1856 1444 1886 dem
1461 1864 1530 1886 was

864 1900 1087 1932 I'rivatbesitz
1105 1901 1283 1940 geworden
1309 1900 1354 1932 ist
1379 1901 1453 1942 (quo
1472 1899 1530 1930 be-

865 1945 952 1976 zieht
975 1946 1042 1976 sich
1067 1945 1126 1977 auf
1146 1945 1236 1987 qnod
1258 1947 1375 1987 cuique
1398 1945 1530 1986 obtigit)

864 1991 933 2021 sich
943 1990 994 2021 ein
1003 1990 1156 2021 Anderer
1166 1995 1270 2022 etwas
1278 1989 1454 2030 aneignet'.
1466 1990 1533 2021 Der

864 2035 1039 2066 Ausdruck
1062 2036 1153 2066 w‘are
1178 2036 1258 2067 aber
1276 2045 1312 2066 so
1331 2035 1531 2074 undeutlich,

863 2081 928 2111 und
942 2081 1000 2111 das
1014 2080 1207 2120 ‹lreimalige
1225 2092 1242 2111 e
1255 2090 1318 2122 quo
1337 2090 1372 2110 so
1388 2080 1533 2110 schwer-

863 2125 975 2165 faillig,
1000 2126 1076 2155 dass
1101 2135 1173 2155 man
1197 2125 1314 2155 besser
1340 2125 1411 2155 thut
1434 2135 1451 2155 e
1468 2134 1531 2165 quo

866 2180 906 2200 zu
931 2170 1094 2201 stroichen
1118 2169 1183 2200 und
1205 2179 1264 2200 aus
1286 2169 1412 2200 anderu
1434 2168 1531 2200 Hdss.

864 2214 940 2257 plus
972 2213 1227 2253 hinzuzuffigen.
1263 2226 1280 2245 e
1308 2224 1370 2255 quo
1404 2213 1532 2244 scheint

866 2270 929 2290 von
948 2259 1084 2290 Jemand
1107 2258 1366 2298 eingeschoben,
1391 2259 1451 2289 der
1474 2259 1532 2289 das

867 2304 951 2370 Asg'.)
941 2304 1060 2335 ndelon
1078 2304 1248 2344 αηεῖὸεείς
1265 2303 1351 2334 fand.

912 2348 965 2379 22.
989 2359 1009 2379 a
1026 2348 1184 2380 Platone:
1202 2359 1251 2400 ep
1268 2348 1287 2379 9
1301 2349 1342 2379 ad
1354 2348 1493 2399 ffrchyt.
1502 2358 1533 2389 p.

867 2393 931 2425 358
950 2394 978 2425 A
1016 2392 1169 2429 ἕκαστος
1190 2390 1302 2444 ἡιιιῦν
1333 2389 1402 2436 οὐχ
1436 2389 1533 2434 αὑτῶ

864 2435 986 2490 μόνον
998 2450 1021 2481 7
1021 2448 1065 2490 ε)
1068 2448 1159 2477 ονεν
1178 2423 1268 2470 αλλὰ
1283 2438 1346 2479 τῆς
1357 2449 1381 2481 γ
1384 2448 1421 2470 εν
1423 2438 1532 2473 ἐσεως

866 2484 984 2535 ημῶν
995 2481 1035 2515 τὸ
1058 2493 1129 2527 μεν
1145 2495 1177 2515 τι
1202 2496 1221 2524 η
1242 2483 1395 2535 πατρὶς
1393 2483 1534 2535 μερίζε-

865 2540 936 2569 ται,
951 2525 990 2560 τὸ
1007 2526 1052 2560 δε
1066 2539 1096 2559 τι
1117 2528 1155 2559 οἴ
1169 2525 1417 2571 γενήἩισαντες
1435 2525 1475 2560 τὸ
1493 2525 1533 2560 δὲ

868 2573 906 2605 οἱ
924 2574 1046 2605 λοιποὶ
1068 2573 1184 2616 φίλοι.
