1684 2819
570 149 787 182 6111116117.
811 150 863 188 10,
885 151 1051 183 29—31.
1438 153 1519 193 225

118 263 384 316 suscepimus,
418 275 553 302 omnes
584 263 708 302 bonos
731 277 885 317 semper
904 264 1042 304 beatos
1063 265 1244 305 volumus
1274 278 1376 306 esse.
1423 266 1521 317 Quid

118 321 243 360 dicam
263 318 402 368 bonos,
429 318 674 372 perspicuum
697 327 779 369 est,
811 320 989 360 omnibus
1012 321 1114 360 enim
1137 321 1347 362 virtutibus
1368 322 1518 363 instru-

116 383 200 416 ctos
223 381 262 414 et
283 381 443 414 ornatos
464 382 545 414 tum
567 375 780 427 sapientes,
807 383 887 428 tum
910 377 1017 417 viros
1033 377 1156 418 bonos
1175 377 1352 419 dicimus.
1378 379 1519 419 Videa-

117 446 218 480 mus,
243 430 306 483 qui
330 430 482 470 dicendi
505 431 585 470 sint
606 432 723 471 beati.
758 433 945 485 Equidem
970 447 1037 473 eos
1061 434 1262 483 existimo,
1292 434 1357 487 qui
1379 438 1457 475 sint
1478 436 1516 475 in

115 488 241 535 honis,
268 487 373 526 nullo
397 487 580 528 adiuncto
603 488 721 527 malo.
754 488 889 541 Neque
912 489 988 528 ulla
1011 489 1088 529 alia
1112 490 1201 530 huic
1222 491 1368 540 verbo,
1402 506 1517 544 quum
1540 503 1548 512 ⁴

113 544 266 584 beatum
292 544 469 592 dicimus,
496 544 670 593 subiecta
692 545 798 584 notio
822 553 897 592 est,
933 545 1032 593 nisi,
1070 547 1235 587 secretis
1258 548 1369 588 malis
1393 548 1517 588 omni-

113 601 209 650 bus,
245 601 437 640 cumulata
466 601 657 640 bonorum
691 601 929 653 complexio.
966 601 1075 641 Hanc
1106 603 1262 655 assequi
1294 604 1447 653 virtus,
1482 604 1515 644 si

113 656 318 709 quicquam
343 664 497 710 praeter
518 658 640 710 ipsam
662 657 754 696 boni
778 664 851 705 est,
878 671 954 696 non
979 664 1119 709 potest.
1152 658 1291 699 Aderit
1311 660 1413 699 enim
1437 674 1518 700 ma-

115 713 256 761 lorum,
283 713 315 752 si
336 714 436 752 mala
458 713 523 753 illa
546 713 737 762 ducimus,
762 713 877 752 turba
900 713 1111 765 quaedam,
1146 723 1379 768 paupertas,
1404 717 1516 769 igno-

113 769 244 810 bilitas
262 800 272 817 ,
308 769 502 809 humilitas
519 799 528 817 ,
563 769 731 809 solitudo
747 800 756 817 ,
792 769 951 809 amissio
975 784 1134 809 suorum
1150 801 1159 818 ,
1195 785 1336 823 graves
1359 773 1515 812 dolores

112 825 304 879 corporis,
332 825 482 878 perdita
503 825 703 874 valetudo,
729 825 924 875 debilitas,
946 826 1129 875 caecitas,
1148 826 1331 867 interitus
1348 828 1513 880 patriae,

112 881 323 930 exsilium,
359 881 529 921 servitus
563 881 744 935 denique.
782 881 824 921 ln
856 881 915 922 his
945 889 1001 922 tot
1032 889 1071 921 et
1101 884 1219 922 tantis
1243 888 1376 936 (atque
1399 885 1515 923 etiam

112 938 223 991 plura
245 945 410 990 possunt
432 937 631 991 accidere)
661 945 791 991 potest
821 951 907 979 esse
938 939 1118 992 sapiens3
1155 954 1242 979 113111
1274 941 1369 979 haec
1399 955 1513 980 casus

110 995 316 1048 importat,
352 994 415 1046 qui
445 994 483 1033 in
517 995 732 1047 sapientem
762 1002 892 1049 potest
920 995 1139 1035 incurrere.
1195 996 1245 1035 At
1274 996 1307 1036 si
1338 1010 1383 1036 ea
1413 997 1515 1036 mala

110 1057 227 1097 sunt,
261 1051 346 1103 quis
376 1058 503 1103 potest
532 1059 759 1104 praestare,
794 1065 949 1105 semper
977 1051 1192 1105 sapientem
1222 1053 1377 1092 beatum
1412 1054 1511 1101 fore,

111 1122 227 1160 quum
250 1107 315 1146 vel
336 1106 375 1146 in
400 1108 577 1148 omnibus
600 1108 661 1147 his
685 1122 760 1147 uno
786 1115 958 1161 tempore
982 1121 1069 1148 esse
1093 1109 1243 1161 possit?

222 1163 310 1203 Non
333 1163 455 1217 igitur
477 1164 590 1203 facile
614 1165 785 1204 concedo
808 1178 932 1217 neque
952 1165 1072 1204 B1uto
1095 1179 1182 1204 meo
1201 1179 1325 1217 neque
1341 1179 1514 1204 commu-

109 1220 220 1259 nibus
244 1219 442 1272 magistiis
467 1234 538 1260 nec
555 1220 754 1261 veteribus
772 1221 864 1268 illis,
885 1221 1105 1269 Alistoteli,
1128 1221 1358 1275 Speusippo,
1379 1222 1514 1260 Xeno-

109 1277 221 1326 crati,
247 1276 462 1323 Polemoni,
491 1284 552 1325 ut,
584 1292 699 1330 quum
722 1292 782 1327 ea,
808 1291 905 1330 quae
928 1291 1031 1330 supi
1025 1291 1045 1316 a
1069 1291 1242 1317 6111111161
1234 1278 1312 1326 ivi,
1337 1278 1377 1317 in
1399 1278 1514 1317 malis

109 1307 471 1382 1111111666111,11(16111
495 1333 638 1382 dicant,
664 1347 819 1388 semper
840 1334 995 1373 beatum
1020 1347 1105 1373 6556
1128 1335 1356 1386 sapientem.
1407 1333 1513 1383 Quos

109 1389 143 1428 si
165 1389 300 1429 titulus
323 1364 385 1428 1116
409 1389 576 1429 delectat
595 1390 762 1442 insignis
785 1397 824 1429 et
845 1391 1019 1443 pulcher,
1048 1390 1295 1443 Pythagora,
1333 1389 1509 1438 Socrate,

108 1446 269 1485 Platone
294 1445 561 1498 dignissimus,
596 1446 780 1487 inducant
802 1447 989 1494 animum,
1015 1446 1094 1494 illa,
1121 1460 1283 1498 quorum
1307 1446 1513 1498 splendore

108 1503 328 1555 capiuntur,
354 1502 476 1551 vires,
501 1502 781 1551 valetudinem,
808 1502 1158 1555 pulchritudinem,
1192 1502 1363 1550 divitias,
1390 1502 1513 1541 hono-

108 1571 197 1607 res,
233 1572 326 1610 opes
348 1565 599 1597 contemnere
623 1571 746 1610 eaque
761 1588 770 1606 ,
807 1571 905 1610 quae
928 1557 986 1596 his
1009 1559 1207 1597 contraria
1229 1559 1329 1607 sint,
1362 1571 1432 1611 pro
1455 1558 1513 1596 ni-

109 1614 188 1654 hilo
212 1614 374 1653 ducere:
411 1621 490 1653 tum
514 1621 697 1666 poterunt
720 1613 936 1653 clarissima
960 1627 1055 1652 voce
1089 1614 1286 1667 profiteri,
1319 1627 1361 1653 se
1384 1627 1511 1666 neque

109 1672 292 1710 fortunae
314 1670 460 1723 impetu
481 1683 554 1709 1166
576 1669 836 1710 multitudinis
859 1669 1042 1723 opinione
1070 1683 1142 1709 nec
1165 1670 1302 1709 dolore
1325 1683 1396 1709 nec
1419 1684 1512 1723 pau-

110 1734 259 1780 pertate
282 1726 422 1766 terreri
446 1726 653 1779 omniaque
676 1726 748 1766 sibi
770 1726 811 1766 in
834 1739 922 1767 sese
945 1739 1033 1765 esse
1056 1726 1181 1778 posita
1205 1740 1275 1766 ncc
1299 1739 1385 1767 esse
1408 1727 1513 1778 quic-

110 1797 223 1836 quam
246 1790 363 1823 extra
385 1796 494 1822 suam
518 1788 767 1835 potestatem,
804 1783 905 1835 quod
929 1783 1070 1822 ducant
1092 1782 1133 1821 in
1164 1781 1290 1822 bonis.
1333 1782 1509 1834 Namque

110 1847 145 1879 et
170 1840 265 1879 haec
288 1838 410 1891 loqui,
435 1852 533 1891 quae
556 1846 646 1879 sunt
667 1838 797 1892 magni
820 1839 1019 1879 cuiusdam
1040 1846 1077 1877 61
1099 1838 1167 1877 3111
1190 1839 1280 1887 viri,
1303 1845 1342 1877 et
1360 1839 1510 1887 eadem,

153 1953 240 1994 quid
265 1953 379 1984 dl'cam
409 1953 514 1983 bonos
542 1968 586 1977 Ξ
611 1953 698 1994 quid
725 1955 777 1983 in-
846 1952 905 1983 des
940 1951 1055 1988 Plato,
1094 1962 1164 1983 war
1196 1952 1273 1983 acht
1304 1951 1406 1982 ι131166
1440 1952 1518 1991 lang

109 1998 294 2040 tellz'gam,
324 2008 430 2040 qnam
459 1998 564 2029 honos
591 1997 681 2029 dico.

154 2044 208 2075 29.
230 2045 264 2074 ἰη
282 2046 335 2074 ftis
351 2046 406 2074 tob
419 2047 455 2074 et:
474 2046 597 2074 tantis.
620 2043 777 2075 Absicht-

110 2089 172 2124 11611
203 2089 285 2120 111551
314 2088 431 2119 Cicero
459 2089 531 2119 hier
557 2089 662 2119 malis
687 2099 773 2129 weg,

108 2135 150 2166 da
169 2145 206 2166 er
222 2135 283 2165 mit
302 2134 363 2165 den
384 2133 538 2165 Stoikern
562 2134 650 2165 diese
672 2134 775 2175 Dinge

108 2180 190 2212 eben
216 2179 306 2211 nicht
323 2179 372 2210 als
390 2179 487 2210 mala
507 2179 705 2211 anerkeunt.

151 2229 342 2268 praestare
377 2249 400 2263 „
416 2224 514 2255 dafiir
548 2225 723 2256 einsteheu
737 2226 774 2265 ⁵⁴,

108 2272 169 2302 mit
194 2271 298 2301 einem
326 2269 604 2311 objectssatze
631 2271 713 2301 auch
744 2281 774 2312 p.

110 2315 229 2347 Flacco
250 2316 303 2355 12,
323 2315 387 2347 28:
407 2315 638 2356 (Praedones)
660 2315 777 2347 nullos

101 2361 201 2401 sore,
216 2363 294 2402 quis
309 2365 497 2402 praestare
513 2364 686 2401 poterat?
699 2360 776 2401 Vgt.

112 2405 164 2437 111.
189 2407 242 2445 16,
262 2406 316 2437 34.

158 2451 212 2482 30.
228 2451 473 2483 communibus
489 2454 685 2493 tizagz'stm's,
702 2451 773 2483 z.ss.

115 2495 176 2526 den
208 2496 239 2533 8,
260 2496 299 2526 21
336 2501 522 2536 genannten
551 2496 684 2528 Aristus
713 2497 777 2528 und

112 2540 309 2573 Antiochus.

158 2585 383 2628 Speusippus,
418 2587 476 2618 der
501 2587 776 2619 Schwestersohn

203 2644 389 2674 Cic-Tuscul.
411 2684 415 2685 ⁷

847 1998 932 2036 (347
952 2015 995 2019 —
1015 1998 1102 2037 339)
1134 1998 1206 2029 sein
1233 1996 1440 2037 Nachfolger
1474 1997 1516 2027 im

846 2043 1006 2074 Lehralnt
1024 2043 1287 2074 derAcademie.
1315 2041 1423 2074 Ueber
1439 2041 1471 2073 X
1484 2052 1518 2073 e-

846 2093 1060 2119 noct-ates
1093 2098 1120 2119 5.
1151 2099 1192 2118 zu
1222 2087 1245 2119 l.
1280 2088 1333 2127 10,
1354 2089 1416 2127 203
1445 2087 1516 2118 sein

847 2132 1054 2173 Nacht'otgev
1071 2133 1197 2164 wieder
1214 2134 1260 2173 (v.
1282 2133 1345 2163 315
1366 2133 1422 2173 311)
1447 2142 1518 2163 war

847 2178 900 2210 Po
917 2179 996 2210 lem
1009 2190 1026 2209 ο
1040 2204 1048 2215 ,
1077 2179 1129 2209 ein
1156 2178 1320 2218 geberner
1338 2178 1498 2209 Athener.

896 2224 1024 2255 titulus
1043 2226 1112 2263 lile,
1142 2234 1189 2254 sc.
1210 2226 1395 2265 sapz'enle's.

894 2270 1066 2300 indm-ant
1098 2271 1254 2300 animum
1292 2279 1364 2309 „so
1400 2270 1516 2310 mogen

849 2315 897 2346 sie
925 2315 994 2346 sich
1022 2314 1265 2346 entschliessen
1284 2316 1378 2345 —“.

894 2362 1097 2401 omniaque,
1125 2370 1151 2391 s.
1184 2359 1209 2391 l.
1237 2359 1292 2397 29,
1324 2360 1360 2390 71
1390 2370 1428 2390 zu
1455 2359 1515 2390 asl-

849 2406 1045 2446 lze'buz'tque.

895 2451 948 2481 31.
975 2450 1138 2492 Namque
1165 2455 1201 2481 et
1225 2451 1319 2481 haee.
1357 2448 1406 2479 Da
1425 2448 1515 2478 diese

848 2495 970 2527 Lcsart
987 2496 1129 2536 einiger.
1148 2506 1242 2526 wenn
1262 2495 1342 2525 auch
1363 2493 1516 2533 geringe-

848 2552 906 2572 ren
927 2541 1067 2572 Hdschr.
1091 2542 1190 2581 (statt
1208 2540 1265 2571 des
1284 2539 1356 2571 Neo
1373 2541 1463 2569 Immo
1482 2541 1517 2568 et

848 2587 908 2618 der
917 2587 1088 2627 besseren)
1101 2587 1196 2617 einen
1209 2591 1307 2626 guten
1319 2584 1398 2615 Sinn
1411 2583 1513 2623 giebt,

1272 2645 1317 2678 15

1537 1172 1578 1204 311

1533 1789 1569 1820 31
