<?xml version="1.0" encoding="UTF-8"?>
<!DOCTYPE html PUBLIC "-//W3C//DTD XHTML 1.0 Transitional//EN"
    "http://www.w3.org/TR/xhtml1/DTD/xhtml1-transitional.dtd">
<html xmlns="http://www.w3.org/1999/xhtml" xml:lang="en" lang="en">
 <head>
  <title>
</title>
<meta http-equiv="Content-Type" content="text/html;charset=utf-8" />
  <meta name='ocr-system' content='tesseract 3.04.00' />
  <meta name='ocr-capabilities' content='ocr_page ocr_carea ocr_par ocr_line ocrx_word'/>
</head>
<body>
  <div class='ocr_page' id='page_1' title='image "./tusculanarumdisp00ciceuoft_0766.png"; bbox 0 0 1684 2819; ppageno 0'>
   <div class='ocr_carea' id='block_1_1' title="bbox 99 397 160 430">
    <p class='ocr_par' dir='ltr' id='par_1_1' title="bbox 99 397 160 430">
     <span class='ocr_line' id='line_1_1' title="bbox 99 397 160 430; baseline -0.033 0"><span class='ocrx_word' id='word_1_1' title='bbox 99 397 160 430; x_wconf 84' lang='lat'>105</span> 
     </span>
    </p>
   </div>
   <div class='ocr_carea' id='block_1_2' title="bbox 99 1076 161 1108">
    <p class='ocr_par' dir='ltr' id='par_1_2' title="bbox 99 1076 161 1108">
     <span class='ocr_line' id='line_1_2' title="bbox 99 1076 161 1108; baseline 0 0"><span class='ocrx_word' id='word_1_2' title='bbox 99 1076 161 1108; x_wconf 83' lang='lat'>106</span> 
     </span>
    </p>
   </div>
   <div class='ocr_carea' id='block_1_3' title="bbox 102 1491 161 1523">
    <p class='ocr_par' dir='ltr' id='par_1_3' title="bbox 102 1491 161 1523">
     <span class='ocr_line' id='line_1_3' title="bbox 102 1491 161 1523; baseline -0.017 0"><span class='ocrx_word' id='word_1_3' title='bbox 102 1491 161 1523; x_wconf 85' lang='lat'>107</span> 
     </span>
    </p>
   </div>
   <div class='ocr_carea' id='block_1_4' title="bbox 189 170 1024 216">
    <p class='ocr_par' dir='ltr' id='par_1_4' title="bbox 189 170 1024 216">
     <span class='ocr_line' id='line_1_4' title="bbox 189 170 1024 216; baseline 0 -12"><span class='ocrx_word' id='word_1_4' title='bbox 189 176 270 216; x_wconf 82' lang='lat'>210</span> <span class='ocrx_word' id='word_1_5' title='bbox 760 172 816 204; x_wconf 89' lang='lat' dir='ltr'>DE</span> <span class='ocrx_word' id='word_1_6' title='bbox 843 170 1024 204; x_wconf 84' lang='lat' dir='ltr'><strong>OFFICHS</strong></span> 
     </span>
    </p>
   </div>
   <div class='ocr_carea' id='block_1_5' title="bbox 188 272 1603 1284">
    <p class='ocr_par' dir='ltr' id='par_1_5' title="bbox 188 272 1603 1284">
     <span class='ocr_line' id='line_1_5' title="bbox 190 272 1596 326; baseline 0 -11"><span class='ocrx_word' id='word_1_7' title='bbox 190 277 265 325; x_wconf 88' lang='lat' dir='ltr'>Qui</span> <span class='ocrx_word' id='word_1_8' title='bbox 286 275 346 315; x_wconf 93' lang='lat' dir='ltr'>ius</span> <span class='ocrx_word' id='word_1_9' title='bbox 367 274 483 326; x_wconf 85' lang='lat' dir='ltr'>igitur</span> <span class='ocrx_word' id='word_1_10' title='bbox 503 273 709 313; x_wconf 82' lang='lat' dir='ltr'>iurandum</span> <span class='ocrx_word' id='word_1_11' title='bbox 730 273 862 320; x_wconf 79' lang='lat' dir='ltr'>violat,</span> <span class='ocrx_word' id='word_1_12' title='bbox 889 273 921 312; x_wconf 88' lang='lat' dir='ltr'>is</span> <span class='ocrx_word' id='word_1_13' title='bbox 943 272 1084 312; x_wconf 77' lang='lat' dir='ltr'>sidem</span> <span class='ocrx_word' id='word_1_14' title='bbox 1106 273 1237 321; x_wconf 82' lang='lat' dir='ltr'>violat,</span> <span class='ocrx_word' id='word_1_15' title='bbox 1269 278 1422 326; x_wconf 85' lang='lat' dir='ltr'>‘quam</span> <span class='ocrx_word' id='word_1_16' title='bbox 1443 275 1489 315; x_wconf 92' lang='lat' dir='ltr'>in</span> <span class='ocrx_word' id='word_1_17' title='bbox 1510 275 1596 315; x_wconf 84' lang='lat' dir='ltr'>Ca—</span> 
     </span>
     <span class='ocr_line' id='line_1_6' title="bbox 188 330 1596 385; baseline 0 -13"><span class='ocrx_word' id='word_1_18' title='bbox 188 332 357 385; x_wconf 88' lang='lat' dir='ltr'>pitolio</span> <span class='ocrx_word' id='word_1_19' title='bbox 386 331 586 370; x_wconf 86' lang='lat' dir='ltr'>vicinam</span> <span class='ocrx_word' id='word_1_20' title='bbox 608 330 734 369; x_wconf 90' lang='lat' dir='ltr'>Iovis</span> <span class='ocrx_word' id='word_1_21' title='bbox 764 330 933 381; x_wconf 89' lang='lat' dir='ltr'>optimi</span> <span class='ocrx_word' id='word_1_22' title='bbox 963 330 1177 377; x_wconf 84' lang='lat' dir='ltr'>maximi&#39;,</span> <span class='ocrx_word' id='word_1_23' title='bbox 1206 337 1246 370; x_wconf 90' lang='lat' dir='ltr'>ut</span> <span class='ocrx_word' id='word_1_24' title='bbox 1267 331 1306 370; x_wconf 91' lang='lat' dir='ltr'>in</span> <span class='ocrx_word' id='word_1_25' title='bbox 1326 331 1483 372; x_wconf 85' lang='lat' dir='ltr'>Catonis</span> <span class='ocrx_word' id='word_1_26' title='bbox 1507 345 1596 372; x_wconf 85' lang='lat' dir='ltr'>ora-</span> 
     </span>
     <span class='ocr_line' id='line_1_7' title="bbox 189 387 1597 434; baseline -0.001 -5"><span class='ocrx_word' id='word_1_27' title='bbox 189 389 295 428; x_wconf 85' lang='lat' dir='ltr'>tione</span> <span class='ocrx_word' id='word_1_28' title='bbox 315 393 386 434; x_wconf 85' lang='lat' dir='ltr'>est,</span> <span class='ocrx_word' id='word_1_29' title='bbox 410 387 592 426; x_wconf 77' lang='lat' dir='ltr'>‘maiores</span> <span class='ocrx_word' id='word_1_30' title='bbox 614 388 737 426; x_wconf 78' lang='lat' dir='ltr'>nostri</span> <span class='ocrx_word' id='word_1_31' title='bbox 758 399 844 426; x_wconf 88' lang='lat' dir='ltr'>esse</span> <span class='ocrx_word' id='word_1_32' title='bbox 865 387 1093 426; x_wconf 82' lang='lat' dir='ltr'>volue1·unt.&#39;</span> <span class='ocrx_word' id='word_1_33' title='bbox 1114 409 1168 415; x_wconf 91' lang='lat'>—-</span> <span class='ocrx_word' id='word_1_34' title='bbox 1190 387 1259 426; x_wconf 85' lang='lat' dir='ltr'>‘At</span> <span class='ocrx_word' id='word_1_35' title='bbox 1282 387 1384 426; x_wconf 86' lang='lat' dir='ltr'>enim</span> <span class='ocrx_word' id='word_1_36' title='bbox 1405 400 1454 427; x_wconf 85' lang='lat' dir='ltr'>ne</span> <span class='ocrx_word' id='word_1_37' title='bbox 1477 389 1597 428; x_wconf 80' lang='lat' dir='ltr'>iratus</span> 
     </span>
     <span class='ocr_line' id='line_1_8' title="bbox 190 443 1599 498; baseline 0 -14"><span class='ocrx_word' id='word_1_38' title='bbox 190 445 343 498; x_wconf 88' lang='lat' dir='ltr'>quidem</span> <span class='ocrx_word' id='word_1_39' title='bbox 371 444 543 495; x_wconf 87' lang='lat' dir='ltr'>Iuppiter</span> <span class='ocrx_word' id='word_1_40' title='bbox 578 444 663 495; x_wconf 86' lang='lat' dir='ltr'>plus</span> <span class='ocrx_word' id='word_1_41' title='bbox 692 444 838 495; x_wconf 81' lang='lat' dir='ltr'>Regulo</span> <span class='ocrx_word' id='word_1_42' title='bbox 875 443 1074 482; x_wconf 77' lang='lat' dir='ltr'>nocuisset</span> <span class='ocrx_word' id='word_1_43' title='bbox 1110 456 1225 494; x_wconf 86' lang='lat' dir='ltr'>quam</span> <span class='ocrx_word' id='word_1_44' title='bbox 1254 444 1326 483; x_wconf 88' lang='lat' dir='ltr'>sibi</span> <span class='ocrx_word' id='word_1_45' title='bbox 1355 445 1486 484; x_wconf 83' lang='lat' dir='ltr'>nocuit</span> <span class='ocrx_word' id='word_1_46' title='bbox 1516 445 1599 496; x_wconf 83' lang='lat' dir='ltr'>ipse</span> 
     </span>
     <span class='ocr_line' id='line_1_9' title="bbox 188 500 1600 553; baseline -0.001 -11"><span class='ocrx_word' id='word_1_47' title='bbox 188 501 382 553; x_wconf 82' lang='lat' dir='ltr'>Regulus.⁷</span> <span class='ocrx_word' id='word_1_48' title='bbox 424 502 545 547; x_wconf 78' lang='lat' dir='ltr'>Certe,</span> <span class='ocrx_word' id='word_1_49' title='bbox 569 501 601 539; x_wconf 86' lang='lat' dir='ltr'>si</span> <span class='ocrx_word' id='word_1_50' title='bbox 623 500 717 539; x_wconf 85' lang='lat' dir='ltr'>nihil</span> <span class='ocrx_word' id='word_1_51' title='bbox 739 501 880 539; x_wconf 90' lang='lat' dir='ltr'>malum</span> <span class='ocrx_word' id='word_1_52' title='bbox 904 505 1007 539; x_wconf 86' lang='lat' dir='ltr'>esset</span> <span class='ocrx_word' id='word_1_53' title='bbox 1029 500 1103 538; x_wconf 84' lang='lat' dir='ltr'>nisi</span> <span class='ocrx_word' id='word_1_54' title='bbox 1125 500 1265 539; x_wconf 87' lang='lat' dir='ltr'>dolere.</span> <span class='ocrx_word' id='word_1_55' title='bbox 1308 500 1347 539; x_wconf 88' lang='lat' dir='ltr'>Id</span> <span class='ocrx_word' id='word_1_56' title='bbox 1370 507 1497 539; x_wconf 87' lang='lat' dir='ltr'>autem</span> <span class='ocrx_word' id='word_1_57' title='bbox 1519 513 1600 540; x_wconf 91' lang='lat' dir='ltr'>non</span> 
     </span>
     <span class='ocr_line' id='line_1_10' title="bbox 189 557 1600 608; baseline -0.001 -10"><span class='ocrx_word' id='word_1_58' title='bbox 189 559 307 598; x_wconf 92' lang='lat' dir='ltr'>modo</span> <span class='ocrx_word' id='word_1_59' title='bbox 330 570 408 597; x_wconf 84' lang='lat' dir='ltr'>non</span> <span class='ocrx_word' id='word_1_60' title='bbox 433 570 630 596; x_wconf 84' lang='lat' dir='ltr'>summum</span> <span class='ocrx_word' id='word_1_61' title='bbox 653 557 812 603; x_wconf 83' lang='lat' dir='ltr'>malum,</span> <span class='ocrx_word' id='word_1_62' title='bbox 836 557 902 595; x_wconf 85' lang='lat' dir='ltr'>sed</span> <span class='ocrx_word' id='word_1_63' title='bbox 925 569 974 595; x_wconf 86' lang='lat' dir='ltr'>ne</span> <span class='ocrx_word' id='word_1_64' title='bbox 996 557 1140 596; x_wconf 90' lang='lat' dir='ltr'>malum</span> <span class='ocrx_word' id='word_1_65' title='bbox 1159 557 1313 608; x_wconf 82' lang='lat' dir='ltr'>quidem</span> <span class='ocrx_word' id='word_1_66' title='bbox 1331 570 1417 596; x_wconf 86' lang='lat' dir='ltr'>esse</span> <span class='ocrx_word' id='word_1_67' title='bbox 1434 557 1600 597; x_wconf 82' lang='lat' dir='ltr'>maxima</span> 
     </span>
     <span class='ocr_line' id='line_1_11' title="bbox 189 612 1600 665; baseline -0.001 -10"><span class='ocrx_word' id='word_1_68' title='bbox 189 615 415 655; x_wconf 86' lang='lat' dir='ltr'>auctoritate</span> <span class='ocrx_word' id='word_1_69' title='bbox 451 614 676 665; x_wconf 82' lang='lat' dir='ltr'>philosophi</span> <span class='ocrx_word' id='word_1_70' title='bbox 704 614 908 652; x_wconf 85' lang='lat' dir='ltr'>al&#39;lirmant.</span> <span class='ocrx_word' id='word_1_71' title='bbox 965 612 1139 660; x_wconf 84' lang='lat' dir='ltr'>Quorum</span> <span class='ocrx_word' id='word_1_72' title='bbox 1171 614 1324 664; x_wconf 82' lang='lat' dir='ltr'>quidem</span> <span class='ocrx_word' id='word_1_73' title='bbox 1354 619 1492 653; x_wconf 87' lang='lat' dir='ltr'>testem</span> <span class='ocrx_word' id='word_1_74' title='bbox 1519 626 1600 653; x_wconf 91' lang='lat' dir='ltr'>non</span> 
     </span>
     <span class='ocr_line' id='line_1_12' title="bbox 190 669 1598 721; baseline -0.001 -11"><span class='ocrx_word' id='word_1_75' title='bbox 190 671 443 717; x_wconf 72' lang='lat' dir='ltr'>mediocrem,</span> <span class='ocrx_word' id='word_1_76' title='bbox 486 670 551 708; x_wconf 85' lang='lat' dir='ltr'>sed</span> <span class='ocrx_word' id='word_1_77' title='bbox 595 670 696 708; x_wconf 88' lang='lat' dir='ltr'>haud</span> <span class='ocrx_word' id='word_1_78' title='bbox 733 669 814 709; x_wconf 89' lang='lat' dir='ltr'>scio</span> <span class='ocrx_word' id='word_1_79' title='bbox 852 683 899 708; x_wconf 87' lang='lat' dir='ltr'>an</span> <span class='ocrx_word' id='word_1_80' title='bbox 935 669 1204 720; x_wconf 78' lang='lat' dir='ltr'>gravissimum</span> <span class='ocrx_word' id='word_1_81' title='bbox 1242 670 1430 721; x_wconf 83' lang='lat' dir='ltr'>Regulum</span> <span class='ocrx_word' id='word_1_82' title='bbox 1468 671 1598 717; x_wconf 81' lang='lat' dir='ltr'>nolite,</span> 
     </span>
     <span class='ocr_line' id='line_1_13' title="bbox 190 726 1600 779; baseline -0.001 -12"><span class='ocrx_word' id='word_1_83' title='bbox 190 741 354 779; x_wconf 60' lang='lat' dir='ltr'>quaem,</span> <span class='ocrx_word' id='word_1_84' title='bbox 382 727 610 777; x_wconf 79' lang='lat' dir='ltr'>vituperare.</span> <span class='ocrx_word' id='word_1_85' title='bbox 658 727 780 774; x_wconf 81' lang='lat' dir='ltr'>Quem</span> <span class='ocrx_word' id='word_1_86' title='bbox 804 726 907 764; x_wconf 86' lang='lat' dir='ltr'>enim</span> <span class='ocrx_word' id='word_1_87' title='bbox 929 726 1218 777; x_wconf 70' lang='lat' dir='ltr'>locupletiorem</span> <span class='ocrx_word' id='word_1_88' title='bbox 1241 727 1462 778; x_wconf 77' lang='lat' dir='ltr'>quaerimus</span> <span class='ocrx_word' id='word_1_89' title='bbox 1485 739 1600 778; x_wconf 86' lang='lat' dir='ltr'>quam</span> 
     </span>
     <span class='ocr_line' id='line_1_14' title="bbox 189 783 1600 836; baseline -0.001 -13"><span class='ocrx_word' id='word_1_90' title='bbox 189 785 405 836; x_wconf 79' lang='lat' dir='ltr'>principem</span> <span class='ocrx_word' id='word_1_91' title='bbox 434 783 568 834; x_wconf 89' lang='lat' dir='ltr'>populi</span> <span class='ocrx_word' id='word_1_92' title='bbox 592 783 776 829; x_wconf 86' lang='lat' dir='ltr'>Romani,</span> <span class='ocrx_word' id='word_1_93' title='bbox 806 783 870 834; x_wconf 82' lang='lat' dir='ltr'>qui</span> <span class='ocrx_word' id='word_1_94' title='bbox 899 783 1087 821; x_wconf 89' lang='lat' dir='ltr'>retinendi</span> <span class='ocrx_word' id='word_1_95' title='bbox 1118 783 1232 822; x_wconf 80' lang='lat' dir='ltr'>oflicii</span> <span class='ocrx_word' id='word_1_96' title='bbox 1255 796 1369 822; x_wconf 79' lang='lat' dir='ltr'>causa</span> <span class='ocrx_word' id='word_1_97' title='bbox 1391 784 1600 822; x_wconf 88' lang='lat' dir='ltr'>cruciatum</span> 
     </span>
     <span class='ocr_line' id='line_1_15' title="bbox 190 837 1599 890; baseline -0.001 -10"><span class='ocrx_word' id='word_1_98' title='bbox 190 841 348 880; x_wconf 83' lang='lat' dir='ltr'>subierit</span> <span class='ocrx_word' id='word_1_99' title='bbox 377 837 668 879; x_wconf 67' lang='lat' dir='ltr'>voluntarium?</span> <span class='ocrx_word' id='word_1_100' title='bbox 710 839 806 878; x_wconf 90' lang='lat' dir='ltr'>Nam</span> <span class='ocrx_word' id='word_1_101' title='bbox 836 840 939 890; x_wconf 77' lang='lat' dir='ltr'>quod</span> <span class='ocrx_word' id='word_1_102' title='bbox 968 839 1090 885; x_wconf 83' lang='lat' dir='ltr'>aiunt,</span> <span class='ocrx_word' id='word_1_103' title='bbox 1121 839 1299 878; x_wconf 84' lang='lat' dir='ltr'>‘minima</span> <span class='ocrx_word' id='word_1_104' title='bbox 1327 840 1374 878; x_wconf 89' lang='lat' dir='ltr'>de</span> <span class='ocrx_word' id='word_1_105' title='bbox 1395 839 1534 885; x_wconf 86' lang='lat' dir='ltr'>malis’,</span> <span class='ocrx_word' id='word_1_106' title='bbox 1562 840 1599 878; x_wconf 88' lang='lat' dir='ltr'>id</span> 
     </span>
     <span class='ocr_line' id='line_1_16' title="bbox 190 895 1600 948; baseline -0.001 -12"><span class='ocrx_word' id='word_1_107' title='bbox 190 903 261 944; x_wconf 85' lang='lat' dir='ltr'>est,</span> <span class='ocrx_word' id='word_1_108' title='bbox 284 903 326 936; x_wconf 93' lang='lat' dir='ltr'>ut</span> <span class='ocrx_word' id='word_1_109' title='bbox 346 897 509 948; x_wconf 81' lang='lat' dir='ltr'>turpiter</span> <span class='ocrx_word' id='word_1_110' title='bbox 530 896 660 947; x_wconf 81' lang='lat' dir='ltr'>potius</span> <span class='ocrx_word' id='word_1_111' title='bbox 683 908 796 947; x_wconf 79' lang='lat' dir='ltr'>quam</span> <span class='ocrx_word' id='word_1_112' title='bbox 821 895 1060 934; x_wconf 78' lang='lat' dir='ltr'>calamitose:</span> <span class='ocrx_word' id='word_1_113' title='bbox 1081 908 1129 934; x_wconf 92' lang='lat' dir='ltr'>an</span> <span class='ocrx_word' id='word_1_114' title='bbox 1152 901 1211 934; x_wconf 85' lang='lat' dir='ltr'>est</span> <span class='ocrx_word' id='word_1_115' title='bbox 1232 896 1350 934; x_wconf 90' lang='lat' dir='ltr'>ullum</span> <span class='ocrx_word' id='word_1_116' title='bbox 1371 896 1495 935; x_wconf 86' lang='lat' dir='ltr'>maius</span> <span class='ocrx_word' id='word_1_117' title='bbox 1514 909 1600 935; x_wconf 87' lang='lat' dir='ltr'>ma—</span> 
     </span>
     <span class='ocr_line' id='line_1_17' title="bbox 190 951 1601 1004; baseline -0.001 -12"><span class='ocrx_word' id='word_1_118' title='bbox 190 954 271 992; x_wconf 91' lang='lat' dir='ltr'>lum</span> <span class='ocrx_word' id='word_1_119' title='bbox 299 951 570 1004; x_wconf 67' lang='lat' dir='ltr'>turpitudine?</span> <span class='ocrx_word' id='word_1_120' title='bbox 602 965 698 1003; x_wconf 85' lang='lat' dir='ltr'>quae.</span> <span class='ocrx_word' id='word_1_121' title='bbox 727 952 757 990; x_wconf 86' lang='lat' dir='ltr'>si</span> <span class='ocrx_word' id='word_1_122' title='bbox 787 953 824 990; x_wconf 87' lang='lat' dir='ltr'>iu</span> <span class='ocrx_word' id='word_1_123' title='bbox 854 952 1096 990; x_wconf 76' lang='lat' dir='ltr'>deformitate</span> <span class='ocrx_word' id='word_1_124' title='bbox 1125 952 1301 1002; x_wconf 77' lang='lat' dir='ltr'>eorporis</span> <span class='ocrx_word' id='word_1_125' title='bbox 1324 952 1439 991; x_wconf 81' lang='lat' dir='ltr'>hahet</span> <span class='ocrx_word' id='word_1_126' title='bbox 1459 952 1601 1003; x_wconf 88' lang='lat' dir='ltr'>aliquid</span> 
     </span>
     <span class='ocr_line' id='line_1_18' title="bbox 190 1007 1602 1060; baseline 0 -12"><span class='ocrx_word' id='word_1_127' title='bbox 190 1009 437 1055; x_wconf 71' lang='lat' dir='ltr'>offensionis,</span> <span class='ocrx_word' id='word_1_128' title='bbox 473 1013 613 1060; x_wconf 83' lang='lat' dir='ltr'>quanta</span> <span class='ocrx_word' id='word_1_129' title='bbox 650 1008 710 1048; x_wconf 91' lang='lat' dir='ltr'>illa</span> <span class='ocrx_word' id='word_1_130' title='bbox 747 1007 966 1059; x_wconf 83' lang='lat' dir='ltr'>depravatio</span> <span class='ocrx_word' id='word_1_131' title='bbox 999 1013 1034 1046; x_wconf 86' lang='lat' dir='ltr'>et</span> <span class='ocrx_word' id='word_1_132' title='bbox 1063 1008 1223 1047; x_wconf 83' lang='lat' dir='ltr'>foeditas</span> <span class='ocrx_word' id='word_1_133' title='bbox 1251 1008 1456 1059; x_wconf 80' lang='lat' dir='ltr'>turpificati</span> <span class='ocrx_word' id='word_1_134' title='bbox 1485 1008 1602 1048; x_wconf 88' lang='lat' dir='ltr'>animi</span> 
     </span>
     <span class='ocr_line' id='line_1_19' title="bbox 190 1064 1603 1116; baseline -0.001 -10"><span class='ocrx_word' id='word_1_135' title='bbox 190 1066 303 1106; x_wconf 83' lang='lat' dir='ltr'>debet</span> <span class='ocrx_word' id='word_1_136' title='bbox 324 1065 462 1104; x_wconf 82' lang='lat' dir='ltr'>videri!</span> <span class='ocrx_word' id='word_1_137' title='bbox 504 1065 636 1116; x_wconf 84' lang='lat' dir='ltr'>ltaque</span> <span class='ocrx_word' id='word_1_138' title='bbox 657 1065 861 1104; x_wconf 78' lang='lat' dir='ltr'>nervosius</span> <span class='ocrx_word' id='word_1_139' title='bbox 885 1064 948 1115; x_wconf 89' lang='lat' dir='ltr'>qui</span> <span class='ocrx_word' id='word_1_140' title='bbox 970 1064 1040 1103; x_wconf 87' lang='lat' dir='ltr'>ista</span> <span class='ocrx_word' id='word_1_141' title='bbox 1064 1065 1260 1104; x_wconf 87' lang='lat' dir='ltr'>disserunt</span> <span class='ocrx_word' id='word_1_142' title='bbox 1287 1065 1438 1103; x_wconf 84' lang='lat' dir='ltr'>solum</span> <span class='ocrx_word' id='word_1_143' title='bbox 1461 1065 1603 1104; x_wconf 85' lang='lat' dir='ltr'>audent</span> 
     </span>
     <span class='ocr_line' id='line_1_20' title="bbox 189 1121 1602 1173; baseline -0.001 -12"><span class='ocrx_word' id='word_1_144' title='bbox 189 1123 354 1161; x_wconf 88' lang='lat' dir='ltr'>malum</span> <span class='ocrx_word' id='word_1_145' title='bbox 385 1123 510 1161; x_wconf 85' lang='lat' dir='ltr'>dicere</span> <span class='ocrx_word' id='word_1_146' title='bbox 539 1121 599 1169; x_wconf 83' lang='lat' dir='ltr'>id,</span> <span class='ocrx_word' id='word_1_147' title='bbox 636 1121 754 1173; x_wconf 87' lang='lat' dir='ltr'>quod</span> <span class='ocrx_word' id='word_1_148' title='bbox 786 1127 921 1172; x_wconf 88' lang='lat' dir='ltr'>turpe</span> <span class='ocrx_word' id='word_1_149' title='bbox 951 1121 1029 1168; x_wconf 87' lang='lat' dir='ltr'>sit,</span> <span class='ocrx_word' id='word_1_150' title='bbox 1067 1121 1130 1173; x_wconf 81' lang='lat' dir='ltr'>qui</span> <span class='ocrx_word' id='word_1_151' title='bbox 1159 1128 1286 1161; x_wconf 90' lang='lat' dir='ltr'>autem</span> <span class='ocrx_word' id='word_1_152' title='bbox 1315 1121 1534 1168; x_wconf 83' lang='lat' dir='ltr'>remissius,</span> <span class='ocrx_word' id='word_1_153' title='bbox 1561 1121 1602 1160; x_wconf 90' lang='lat' dir='ltr'>hi</span> 
     </span>
     <span class='ocr_line' id='line_1_21' title="bbox 190 1177 1601 1230; baseline -0.001 -12"><span class='ocrx_word' id='word_1_154' title='bbox 190 1185 319 1218; x_wconf 90' lang='lat' dir='ltr'>tamen</span> <span class='ocrx_word' id='word_1_155' title='bbox 342 1191 422 1217; x_wconf 87' lang='lat' dir='ltr'>non</span> <span class='ocrx_word' id='word_1_156' title='bbox 447 1179 623 1218; x_wconf 83' lang='lat' dir='ltr'>dubitant</span> <span class='ocrx_word' id='word_1_157' title='bbox 644 1192 668 1215; x_wconf 67' lang='lat' dir='ltr'>s</span> <span class='ocrx_word' id='word_1_158' title='bbox 678 1191 701 1217; x_wconf 89' lang='lat' dir='ltr'>u</span> <span class='ocrx_word' id='word_1_159' title='bbox 715 1192 750 1217; x_wconf 92' lang='lat' dir='ltr'>m</span> <span class='ocrx_word' id='word_1_160' title='bbox 764 1191 879 1216; x_wconf 87' lang='lat' dir='ltr'>mum</span> <span class='ocrx_word' id='word_1_161' title='bbox 910 1177 1076 1217; x_wconf 89' lang='lat' dir='ltr'>malum</span> <span class='ocrx_word' id='word_1_162' title='bbox 1101 1178 1237 1217; x_wconf 74' lang='lat' dir='ltr'>dicere.</span> <span class='ocrx_word' id='word_1_163' title='bbox 1280 1178 1376 1217; x_wconf 86' lang='lat' dir='ltr'>Nam</span> <span class='ocrx_word' id='word_1_164' title='bbox 1399 1177 1490 1218; x_wconf 91' lang='lat' dir='ltr'>illud</span> <span class='ocrx_word' id='word_1_165' title='bbox 1514 1178 1601 1230; x_wconf 83' lang='lat' dir='ltr'>qui-</span> 
     </span>
     <span class='ocr_line' id='line_1_22' title="bbox 189 1236 296 1284; baseline 0 -9"><span class='ocrx_word' id='word_1_166' title='bbox 189 1236 296 1284; x_wconf 86' lang='lat' dir='ltr'>dem,</span> 
     </span>
    </p>
   </div>
   <div class='ocr_carea' id='block_1_6' title="bbox 326 1301 1150 1356">
    <p class='ocr_par' dir='ltr' id='par_1_6' title="bbox 326 1301 1150 1356">
     <span class='ocr_line' id='line_1_23' title="bbox 326 1301 1150 1356; baseline 0.006 -15"><span class='ocrx_word' id='word_1_167' title='bbox 326 1303 453 1355; x_wconf 66' lang='lat' dir='ltr'>Neque</span> <span class='ocrx_word' id='word_1_168' title='bbox 476 1305 561 1344; x_wconf 63' lang='lat' dir='ltr'>dede·</span> <span class='ocrx_word' id='word_1_169' title='bbox 580 1317 696 1356; x_wconf 75' lang='lat' dir='ltr'>neque</span> <span class='ocrx_word' id='word_1_170' title='bbox 718 1304 765 1343; x_wconf 74' lang='lat' dir='ltr'>(lo</span> <span class='ocrx_word' id='word_1_171' title='bbox 789 1301 935 1354; x_wconf 19' lang='lat' dir='ltr'>ivewsislelz&#39;</span> <span class='ocrx_word' id='word_1_172' title='bbox 955 1304 1150 1353; x_wconf 71' lang='lat' dir='ltr'>cuiqnam,</span> 
     </span>
    </p>
   </div>
   <div class='ocr_carea' id='block_1_7' title="bbox 191 1370 1603 1535">
    <p class='ocr_par' dir='ltr' id='par_1_7' title="bbox 191 1370 1603 1535">
     <span class='ocr_line' id='line_1_24' title="bbox 191 1370 1601 1424; baseline 0.001 -14"><span class='ocrx_word' id='word_1_173' title='bbox 191 1371 333 1411; x_wconf 84' lang='lat' dir='ltr'>idcirco</span> <span class='ocrx_word' id='word_1_174' title='bbox 362 1377 465 1411; x_wconf 82' lang='lat' dir='ltr'>reete</span> <span class='ocrx_word' id='word_1_175' title='bbox 492 1386 511 1410; x_wconf 91' lang='lat' dir='ltr'>a</span> <span class='ocrx_word' id='word_1_176' title='bbox 539 1377 671 1424; x_wconf 73' lang='lat' dir='ltr'>poeta7</span> <span class='ocrx_word' id='word_1_177' title='bbox 704 1370 809 1423; x_wconf 79' lang='lat' dir='ltr'>quia,</span> <span class='ocrx_word' id='word_1_178' title='bbox 847 1382 933 1408; x_wconf 86' lang='lat' dir='ltr'>cum</span> <span class='ocrx_word' id='word_1_179' title='bbox 964 1374 1189 1409; x_wconf 79' lang='lat' dir='ltr'>tractaretur</span> <span class='ocrx_word' id='word_1_180' title='bbox 1218 1370 1375 1418; x_wconf 79' lang='lat' dir='ltr'>Atreus,</span> <span class='ocrx_word' id='word_1_181' title='bbox 1408 1383 1601 1422; x_wconf 83' lang='lat' dir='ltr'>personae</span> 
     </span>
     <span class='ocr_line' id='line_1_25' title="bbox 192 1426 1603 1479; baseline 0 -12"><span class='ocrx_word' id='word_1_182' title='bbox 192 1428 436 1468; x_wconf 85' lang='lat' dir='ltr'>serviendum</span> <span class='ocrx_word' id='word_1_183' title='bbox 459 1429 540 1468; x_wconf 89' lang='lat' dir='ltr'>fuit.</span> <span class='ocrx_word' id='word_1_184' title='bbox 582 1430 656 1468; x_wconf 84' lang='lat' dir='ltr'>Sed</span> <span class='ocrx_word' id='word_1_185' title='bbox 678 1428 710 1467; x_wconf 88' lang='lat' dir='ltr'>si</span> <span class='ocrx_word' id='word_1_186' title='bbox 732 1429 808 1466; x_wconf 90' lang='lat' dir='ltr'>hoc</span> <span class='ocrx_word' id='word_1_187' title='bbox 829 1426 900 1465; x_wconf 87' lang='lat' dir='ltr'>sibi</span> <span class='ocrx_word' id='word_1_188' title='bbox 919 1432 1084 1473; x_wconf 83' lang='lat' dir='ltr'>sument,</span> <span class='ocrx_word' id='word_1_189' title='bbox 1107 1427 1250 1466; x_wconf 85' lang='lat' dir='ltr'>nullam</span> <span class='ocrx_word' id='word_1_190' title='bbox 1268 1440 1356 1466; x_wconf 86' lang='lat' dir='ltr'>esse</span> <span class='ocrx_word' id='word_1_191' title='bbox 1373 1427 1489 1466; x_wconf 87' lang='lat' dir='ltr'>fidem</span> <span class='ocrx_word' id='word_1_192' title='bbox 1506 1440 1603 1479; x_wconf 85' lang='lat' dir='ltr'>quae</span> 
     </span>
     <span class='ocr_line' id='line_1_26' title="bbox 192 1482 1603 1535; baseline 0.001 -12"><span class='ocrx_word' id='word_1_193' title='bbox 192 1485 332 1524; x_wconf 84' lang='lat' dir='ltr'>infideli</span> <span class='ocrx_word' id='word_1_194' title='bbox 356 1485 442 1525; x_wconf 86' lang='lat' dir='ltr'>data</span> <span class='ocrx_word' id='word_1_195' title='bbox 464 1485 526 1533; x_wconf 77' lang='lat' dir='ltr'>sit,</span> <span class='ocrx_word' id='word_1_196' title='bbox 543 1486 696 1525; x_wconf 86' lang='lat' dir='ltr'>videant</span> <span class='ocrx_word' id='word_1_197' title='bbox 717 1498 765 1523; x_wconf 84' lang='lat' dir='ltr'>ne</span> <span class='ocrx_word' id='word_1_198' title='bbox 782 1488 988 1535; x_wconf 84' lang='lat' dir='ltr'>quaeratur</span> <span class='ocrx_word' id='word_1_199' title='bbox 1003 1482 1147 1523; x_wconf 85' lang='lat' dir='ltr'>latebra</span> <span class='ocrx_word' id='word_1_200' title='bbox 1164 1483 1345 1535; x_wconf 84' lang='lat' dir='ltr'>periurio.</span> <span class='ocrx_word' id='word_1_201' title='bbox 1388 1484 1458 1523; x_wconf 81' lang='lat' dir='ltr'>Est</span> <span class='ocrx_word' id='word_1_202' title='bbox 1473 1490 1603 1524; x_wconf 88' lang='lat' dir='ltr'>autem</span> 
     </span>
    </p>
   </div>
   <div class='ocr_carea' id='block_1_8' title="bbox 192 1608 861 1741">
    <p class='ocr_par' dir='ltr' id='par_1_8' title="bbox 192 1608 861 1741">
     <span class='ocr_line' id='line_1_27' title="bbox 193 1608 861 1652; baseline -0.003 -11"><span class='ocrx_word' id='word_1_203' title='bbox 193 1609 342 1652; x_wconf 53' lang='lat' dir='ltr'>Infamia</span> <span class='ocrx_word' id='word_1_204' title='bbox 366 1608 437 1649; x_wconf 81' lang='lat' dir='ltr'>(Sil.</span> <span class='ocrx_word' id='word_1_205' title='bbox 460 1609 531 1642; x_wconf 77' lang='lat' dir='ltr'>ltal.</span> <span class='ocrx_word' id='word_1_206' title='bbox 551 1609 626 1645; x_wconf 65' lang='lat' dir='ltr'>XV,</span> <span class='ocrx_word' id='word_1_207' title='bbox 646 1610 713 1650; x_wconf 73' lang='lat'>97),</span> <span class='ocrx_word' id='word_1_208' title='bbox 734 1609 784 1640; x_wconf 73' lang='lat' dir='ltr'>«lie</span> <span class='ocrx_word' id='word_1_209' title='bbox 804 1608 861 1641; x_wconf 67' lang='lat' dir='ltr'>Fe·-</span> 
     </span>
     <span class='ocr_line' id='line_1_28' title="bbox 192 1654 861 1687; baseline -0.004 0"><span class='ocrx_word' id='word_1_210' title='bbox 192 1655 251 1687; x_wconf 83' lang='lat' dir='ltr'>des</span> <span class='ocrx_word' id='word_1_211' title='bbox 274 1655 340 1686; x_wconf 84' lang='lat' dir='ltr'>wol</span> <span class='ocrx_word' id='word_1_212' title='bbox 364 1655 422 1686; x_wconf 84' lang='lat' dir='ltr'>mit</span> <span class='ocrx_word' id='word_1_213' title='bbox 445 1655 516 1686; x_wconf 85' lang='lat' dir='ltr'>dem</span> <span class='ocrx_word' id='word_1_214' title='bbox 536 1655 714 1687; x_wconf 80' lang='lat' dir='ltr'>Gedanken</span> <span class='ocrx_word' id='word_1_215' title='bbox 733 1665 772 1685; x_wconf 84' lang='lat' dir='ltr'>an</span> <span class='ocrx_word' id='word_1_216' title='bbox 792 1654 861 1685; x_wconf 88' lang='lat' dir='ltr'>ihre</span> 
     </span>
     <span class='ocr_line' id='line_1_29' title="bbox 192 1700 559 1741; baseline 0.003 -10"><span class='ocrx_word' id='word_1_217' title='bbox 192 1700 559 1741; x_wconf 71' lang='lat' dir='ltr'>Allgegenwiirtigkeit.</span> 
     </span>
    </p>
   </div>
   <div class='ocr_carea' id='block_1_9' title="bbox 236 1745 863 1786">
    <p class='ocr_par' dir='ltr' id='par_1_9' title="bbox 236 1745 863 1786">
     <span class='ocr_line' id='line_1_30' title="bbox 236 1745 863 1786; baseline -0.002 -10"><span class='ocrx_word' id='word_1_218' title='bbox 236 1747 289 1777; x_wconf 71' lang='lat' dir='ltr'>ius</span> <span class='ocrx_word' id='word_1_219' title='bbox 307 1745 488 1777; x_wconf 68' lang='lat' dir='ltr'>iar-andum</span> <span class='ocrx_word' id='word_1_220' title='bbox 503 1745 599 1786; x_wconf 73' lang='lat' dir='ltr'>Iovis,</span> <span class='ocrx_word' id='word_1_221' title='bbox 617 1746 676 1777; x_wconf 87' lang='lat' dir='ltr'>der</span> <span class='ocrx_word' id='word_1_222' title='bbox 691 1745 761 1783; x_wconf 80' lang='lat' dir='ltr'>Eid,</span> <span class='ocrx_word' id='word_1_223' title='bbox 782 1745 863 1776; x_wconf 81' lang='lat' dir='ltr'>iiber</span> 
     </span>
    </p>
   </div>
   <div class='ocr_carea' id='block_1_10' title="bbox 191 1786 866 2635">
    <p class='ocr_par' dir='ltr' id='par_1_10' title="bbox 192 1786 639 1832">
     <span class='ocr_line' id='line_1_31' title="bbox 192 1786 639 1832; baseline 0 -11"><span class='ocrx_word' id='word_1_224' title='bbox 192 1791 253 1821; x_wconf 86' lang='lat' dir='ltr'>den</span> <span class='ocrx_word' id='word_1_225' title='bbox 273 1787 363 1826; x_wconf 61' lang='grc' dir='ltr'>Ζξὺς</span> <span class='ocrx_word' id='word_1_226' title='bbox 382 1786 505 1832; x_wconf 67' lang='grc' dir='ltr'><em>ὅρκιος</em></span> <span class='ocrx_word' id='word_1_227' title='bbox 522 1792 639 1822; x_wconf 54' lang='lat' dir='ltr'>vacht.</span> 
     </span>
    </p>

    <p class='ocr_par' dir='ltr' id='par_1_11' title="bbox 192 1835 862 1957">
     <span class='ocr_line' id='line_1_32' title="bbox 237 1835 862 1877; baseline 0 -11"><span class='ocrx_word' id='word_1_228' title='bbox 237 1837 353 1877; x_wconf 64' lang='lat' dir='ltr'>igw&#39;lur,</span> <span class='ocrx_word' id='word_1_229' title='bbox 374 1836 403 1867; x_wconf 90' lang='lat' dir='ltr'>d.</span> <span class='ocrx_word' id='word_1_230' title='bbox 422 1837 462 1874; x_wconf 79' lang='lat' dir='ltr'>h.,</span> <span class='ocrx_word' id='word_1_231' title='bbox 481 1837 518 1866; x_wconf 85' lang='lat' dir='ltr'>da</span> <span class='ocrx_word' id='word_1_232' title='bbox 538 1837 596 1867; x_wconf 88' lang='lat' dir='ltr'>der</span> <span class='ocrx_word' id='word_1_233' title='bbox 614 1835 700 1867; x_wconf 64' lang='lat' dir='ltr'>Yers</span> <span class='ocrx_word' id='word_1_234' title='bbox 719 1835 776 1866; x_wconf 86' lang='lat' dir='ltr'>des</span> <span class='ocrx_word' id='word_1_235' title='bbox 796 1835 862 1866; x_wconf 85' lang='lat' dir='ltr'>En-</span> 
     </span>
     <span class='ocr_line' id='line_1_33' title="bbox 193 1880 862 1921; baseline -0.001 -10"><span class='ocrx_word' id='word_1_236' title='bbox 193 1880 265 1911; x_wconf 87' lang='lat' dir='ltr'>nius</span> <span class='ocrx_word' id='word_1_237' title='bbox 297 1881 368 1911; x_wconf 75' lang='lat' dir='ltr'>eine</span> <span class='ocrx_word' id='word_1_238' title='bbox 398 1881 509 1912; x_wconf 79' lang='lat' dir='ltr'>solcho</span> <span class='ocrx_word' id='word_1_239' title='bbox 538 1891 620 1921; x_wconf 76' lang='lat' dir='ltr'>euge</span> <span class='ocrx_word' id='word_1_240' title='bbox 648 1880 862 1919; x_wconf 58' lang='lat' dir='ltr'>Verbindung*</span> 
     </span>
     <span class='ocr_line' id='line_1_34' title="bbox 192 1925 861 1957; baseline -0.001 -1"><span class='ocrx_word' id='word_1_241' title='bbox 192 1925 249 1956; x_wconf 86' lang='lat' dir='ltr'>des</span> <span class='ocrx_word' id='word_1_242' title='bbox 268 1925 367 1956; x_wconf 84' lang='lat' dir='ltr'>Eides</span> <span class='ocrx_word' id='word_1_243' title='bbox 391 1925 450 1956; x_wconf 87' lang='lat' dir='ltr'>mit</span> <span class='ocrx_word' id='word_1_244' title='bbox 474 1926 532 1956; x_wconf 83' lang='lat' dir='ltr'>der</span> <span class='ocrx_word' id='word_1_245' title='bbox 550 1925 658 1957; x_wconf 81' lang='lat' dir='ltr'>Treue</span> <span class='ocrx_word' id='word_1_246' title='bbox 683 1925 861 1956; x_wconf 78' lang='lat' dir='ltr'>bekuudet.</span> 
     </span>
    </p>

    <p class='ocr_par' dir='ltr' id='par_1_12' title="bbox 191 1969 863 2600">
     <span class='ocr_line' id='line_1_35' title="bbox 236 1969 859 2012; baseline -0.003 -11"><span class='ocrx_word' id='word_1_247' title='bbox 236 1972 268 2001; x_wconf 69' lang='lat'>1⁴11</span> <span class='ocrx_word' id='word_1_248' title='bbox 291 1969 469 2012; x_wconf 72' lang='lat' dir='ltr'>Capitolio:</span> <span class='ocrx_word' id='word_1_249' title='bbox 494 1970 532 2001; x_wconf 83' lang='lat' dir='ltr'>dc</span> <span class='ocrx_word' id='word_1_250' title='bbox 555 1975 620 2002; x_wconf 86' lang='lat' dir='ltr'>nat.</span> <span class='ocrx_word' id='word_1_251' title='bbox 640 1971 731 2001; x_wconf 79' lang='lat' dir='ltr'>deor.</span> <span class='ocrx_word' id='word_1_252' title='bbox 752 1969 787 2008; x_wconf 92' lang='grc'>11,</span> <span class='ocrx_word' id='word_1_253' title='bbox 807 1969 859 2003; x_wconf 81' lang='grc'>23,</span> 
     </span>
     <span class='ocr_line' id='line_1_36' title="bbox 193 2014 860 2058; baseline -0.001 -12"><span class='ocrx_word' id='word_1_254' title='bbox 193 2014 230 2046; x_wconf 87' lang='grc'>61</span> <span class='ocrx_word' id='word_1_255' title='bbox 259 2018 297 2047; x_wconf 77' lang='lat' dir='ltr'>ut</span> <span class='ocrx_word' id='word_1_256' title='bbox 312 2015 413 2047; x_wconf 69' lang='lat' dir='ltr'>Fides</span> <span class='ocrx_word' id='word_1_257' title='bbox 432 2018 469 2047; x_wconf 77' lang='lat' dir='ltr'>ut</span> <span class='ocrx_word' id='word_1_258' title='bbox 486 2015 590 2056; x_wconf 65' lang='lat' dir='ltr'>Mens,</span> <span class='ocrx_word' id='word_1_259' title='bbox 610 2026 694 2058; x_wconf 76' lang='lat' dir='ltr'>quas</span> <span class='ocrx_word' id='word_1_260' title='bbox 712 2017 743 2046; x_wconf 75' lang='lat'>1&#39;11</span> <span class='ocrx_word' id='word_1_261' title='bbox 765 2014 860 2058; x_wconf 72' lang='lat' dir='ltr'>Capi-</span> 
     </span>
     <span class='ocr_line' id='line_1_37' title="bbox 194 2060 862 2103; baseline -0.001 -12"><span class='ocrx_word' id='word_1_262' title='bbox 194 2060 271 2092; x_wconf 70' lang='lat' dir='ltr'>tolio</span> <span class='ocrx_word' id='word_1_263' title='bbox 295 2060 469 2092; x_wconf 71' lang='lat' dir='ltr'>dedicatas</span> <span class='ocrx_word' id='word_1_264' title='bbox 493 2060 640 2092; x_wconf 73' lang='lat' dir='ltr'>videmus</span> <span class='ocrx_word' id='word_1_265' title='bbox 662 2062 820 2103; x_wconf 63' lang='lat' dir='ltr'>prarime</span> <span class='ocrx_word' id='word_1_266' title='bbox 843 2071 862 2090; x_wconf 76' lang='grc' dir='ltr'>ιι</span> 
     </span>
     <span class='ocr_line' id='line_1_38' title="bbox 191 2104 862 2145; baseline -0.003 -9"><span class='ocrx_word' id='word_1_267' title='bbox 191 2104 236 2137; x_wconf 80' lang='lat' dir='ltr'>M.</span> <span class='ocrx_word' id='word_1_268' title='bbox 256 2105 402 2137; x_wconf 75' lang='lat' dir='ltr'>Aemilio</span> <span class='ocrx_word' id='word_1_269' title='bbox 418 2104 548 2138; x_wconf 77' lang='lat' dir='ltr'>Scauro</span> <span class='ocrx_word' id='word_1_270' title='bbox 567 2106 651 2145; x_wconf 86' lang='lat' dir='ltr'>(dem</span> <span class='ocrx_word' id='word_1_271' title='bbox 669 2116 696 2136; x_wconf 81' lang='lat' dir='ltr'>z.</span> <span class='ocrx_word' id='word_1_272' title='bbox 715 2104 734 2143; x_wconf 86' lang='lat' dir='ltr'>l,</span> <span class='ocrx_word' id='word_1_273' title='bbox 750 2104 802 2145; x_wconf 78' lang='lat'>22,</span> <span class='ocrx_word' id='word_1_274' title='bbox 822 2105 862 2135; x_wconf 70' lang='lat'>715</span> 
     </span>
     <span class='ocr_line' id='line_1_39' title="bbox 192 2150 861 2189; baseline 0 -8"><span class='ocrx_word' id='word_1_275' title='bbox 192 2151 396 2189; x_wconf 73' lang='lat' dir='ltr'>erw&#39;ahnton,</span> <span class='ocrx_word' id='word_1_276' title='bbox 416 2151 497 2182; x_wconf 84' lang='lat' dir='ltr'>oder</span> <span class='ocrx_word' id='word_1_277' title='bbox 513 2151 595 2182; x_wconf 86' lang='lat' dir='ltr'>auch</span> <span class='ocrx_word' id='word_1_278' title='bbox 614 2151 732 2182; x_wconf 61' lang='lat' dir='ltr'>des-sen</span> <span class='ocrx_word' id='word_1_279' title='bbox 752 2150 861 2181; x_wconf 81' lang='lat' dir='ltr'>Sohue</span> 
     </span>
     <span class='ocr_line' id='line_1_40' title="bbox 193 2194 861 2238; baseline 0 -11"><span class='ocrx_word' id='word_1_280' title='bbox 193 2205 221 2227; x_wconf 90' lang='lat' dir='ltr'>z.</span> <span class='ocrx_word' id='word_1_281' title='bbox 242 2194 265 2235; x_wconf 87' lang='lat' dir='ltr'>l,</span> <span class='ocrx_word' id='word_1_282' title='bbox 285 2195 336 2238; x_wconf 61' lang='lat'>32),</span> <span class='ocrx_word' id='word_1_283' title='bbox 362 2196 447 2235; x_wconf 75' lang='lat'>138),</span> <span class='ocrx_word' id='word_1_284' title='bbox 465 2199 544 2227; x_wconf 79' lang='lat' dir='ltr'>ante</span> <span class='ocrx_word' id='word_1_285' title='bbox 562 2198 674 2228; x_wconf 75' lang='lat' dir='ltr'>(tutem</span> <span class='ocrx_word' id='word_1_286' title='bbox 698 2197 738 2227; x_wconf 80' lang='lat' dir='ltr'>ab</span> <span class='ocrx_word' id='word_1_287' title='bbox 761 2195 861 2227; x_wconf 58' lang='lat' dir='ltr'>stilio</span> 
     </span>
     <span class='ocr_line' id='line_1_41' title="bbox 194 2240 863 2281; baseline -0.001 -9"><span class='ocrx_word' id='word_1_288' title='bbox 194 2240 353 2272; x_wconf 68' lang='lat' dir='ltr'>Colatino.</span> <span class='ocrx_word' id='word_1_289' title='bbox 405 2241 470 2272; x_wconf 81' lang='lat' dir='ltr'>Der</span> <span class='ocrx_word' id='word_1_290' title='bbox 511 2242 759 2281; x_wconf 76' lang='lat' dir='ltr'>letzlgenannto</span> <span class='ocrx_word' id='word_1_291' title='bbox 793 2250 863 2271; x_wconf 77' lang='lat' dir='ltr'>war</span> 
     </span>
     <span class='ocr_line' id='line_1_42' title="bbox 194 2286 861 2324; baseline 0 -7"><span class='ocrx_word' id='word_1_292' title='bbox 194 2286 344 2317; x_wconf 83' lang='lat' dir='ltr'>Dictator</span> <span class='ocrx_word' id='word_1_293' title='bbox 358 2286 397 2317; x_wconf 82' lang='lat' dir='ltr'>ini</span> <span class='ocrx_word' id='word_1_294' title='bbox 412 2288 439 2317; x_wconf 73' lang='lat' dir='ltr'>J.</span> <span class='ocrx_word' id='word_1_295' title='bbox 458 2287 521 2317; x_wconf 81' lang='lat'>505</span> <span class='ocrx_word' id='word_1_296' title='bbox 539 2286 638 2324; x_wconf 64' lang='lat'>(249).</span> <span class='ocrx_word' id='word_1_297' title='bbox 666 2286 732 2317; x_wconf 84' lang='lat' dir='ltr'>Der</span> <span class='ocrx_word' id='word_1_298' title='bbox 746 2286 861 2317; x_wconf 74' lang='lat' dir='ltr'>Cultus</span> 
     </span>
     <span class='ocr_line' id='line_1_43' title="bbox 193 2330 862 2371; baseline 0 -9"><span class='ocrx_word' id='word_1_299' title='bbox 193 2331 252 2362; x_wconf 85' lang='lat' dir='ltr'>dei·</span> <span class='ocrx_word' id='word_1_300' title='bbox 269 2331 368 2362; x_wconf 82' lang='lat' dir='ltr'>Fides</span> <span class='ocrx_word' id='word_1_301' title='bbox 387 2331 469 2362; x_wconf 79' lang='lat' dir='ltr'>wird</span> <span class='ocrx_word' id='word_1_302' title='bbox 487 2330 658 2363; x_wconf 54' lang='lat' dir='ltr'>aul&#39;lN‘uma</span> <span class='ocrx_word' id='word_1_303' title='bbox 678 2331 862 2371; x_wconf 74' lang='lat' dir='ltr'>zui-iickge-</span> 
     </span>
     <span class='ocr_line' id='line_1_44' title="bbox 192 2375 866 2418; baseline 0.003 -11"><span class='ocrx_word' id='word_1_304' title='bbox 192 2375 299 2414; x_wconf 74' lang='lat' dir='ltr'>siihit3</span> <span class='ocrx_word' id='word_1_305' title='bbox 343 2376 428 2408; x_wconf 83' lang='lat' dir='ltr'>Plut.</span> <span class='ocrx_word' id='word_1_306' title='bbox 456 2376 551 2407; x_wconf 86' lang='lat' dir='ltr'>Num.</span> <span class='ocrx_word' id='word_1_307' title='bbox 573 2377 611 2407; x_wconf 82' lang='grc'>11)</span> <span class='ocrx_word' id='word_1_308' title='bbox 646 2376 796 2418; x_wconf 60' lang='lat' dir='ltr'>mnino»</span> <span class='ocrx_word' id='word_1_309' title='bbox 822 2375 866 2409; x_wconf 79' lang='grc' dir='ltr'><em>ὸέ</em></span> 
     </span>
     <span class='ocr_line' id='line_1_45' title="bbox 194 2418 860 2473; baseline -0.002 -21"><span class='ocrx_word' id='word_1_310' title='bbox 194 2429 326 2473; x_wconf 75' lang='grc' dir='ltr'><strong><em>ᾳασι-</em></strong></span> <span class='ocrx_word' id='word_1_311' title='bbox 340 2424 504 2457; x_wconf 75' lang='grc' dir='ltr'><em>Πισῖεως</em></span> <span class='ocrx_word' id='word_1_312' title='bbox 513 2418 613 2465; x_wconf 62' lang='lat' dir='ltr'>{mov</span> <span class='ocrx_word' id='word_1_313' title='bbox 621 2419 860 2465; x_wconf 72' lang='grc' dir='ltr'>ἴδούσασθ-,αι</span> 
     </span>
     <span class='ocr_line' id='line_1_46' title="bbox 192 2462 860 2510; baseline 0 -13"><span class='ocrx_word' id='word_1_314' title='bbox 192 2467 252 2497; x_wconf 81' lang='grc' dir='ltr'>καὶ</span> <span class='ocrx_word' id='word_1_315' title='bbox 270 2463 334 2506; x_wconf 75' lang='grc' dir='ltr'>τὴν</span> <span class='ocrx_word' id='word_1_316' title='bbox 349 2465 419 2510; x_wconf 71' lang='grc' dir='ltr'>μὲν</span> <span class='ocrx_word' id='word_1_317' title='bbox 432 2468 567 2498; x_wconf 73' lang='grc' dir='ltr'><em>Πίστιν</em></span> <span class='ocrx_word' id='word_1_318' title='bbox 582 2462 693 2510; x_wconf 74' lang='grc' dir='ltr'><em>ὅοκον</em></span> <span class='ocrx_word' id='word_1_319' title='bbox 707 2463 860 2499; x_wconf 59' lang='lat' dir='ltr'>‹knodai-</span> 
     </span>
     <span class='ocr_line' id='line_1_47' title="bbox 192 2507 860 2557; baseline 0.003 -15"><span class='ocrx_word' id='word_1_320' title='bbox 192 2512 247 2548; x_wconf 59' lang='lat' dir='ltr'>Em</span> <span class='ocrx_word' id='word_1_321' title='bbox 260 2497 660 2554; x_wconf 55' lang='grc' dir='ltr'>ιῬωμαιοιςμέγιστον,</span> <span class='ocrx_word' id='word_1_322' title='bbox 675 2507 860 2557; x_wconf 78' lang='grc' dir='ltr'><em>ᾡχοώμε-</em></span> 
     </span>
     <span class='ocr_line' id='line_1_48' title="bbox 192 2555 725 2600; baseline 0 -12"><span class='ocrx_word' id='word_1_323' title='bbox 192 2566 248 2588; x_wconf 78' lang='grc' dir='ltr'>νοι</span> <span class='ocrx_word' id='word_1_324' title='bbox 267 2556 376 2600; x_wconf 69' lang='grc' dir='ltr'><em>μέχρι</em></span> <span class='ocrx_word' id='word_1_325' title='bbox 396 2557 462 2589; x_wconf 58' lang='grc' dir='ltr'>νῦν</span> <span class='ocrx_word' id='word_1_326' title='bbox 482 2555 725 2589; x_wconf 69' lang='grc' dir='ltr'>διατελοῦσιν</span> 
     </span>
    </p>

    <p class='ocr_par' dir='ltr' id='par_1_13' title="bbox 240 2600 859 2635">
     <span class='ocr_line' id='line_1_49' title="bbox 240 2600 859 2635; baseline 0.003 -2"><span class='ocrx_word' id='word_1_327' title='bbox 240 2600 377 2634; x_wconf 67' lang='lat' dir='ltr'>Catones</span> <span class='ocrx_word' id='word_1_328' title='bbox 386 2604 599 2635; x_wconf 74' lang='lat' dir='ltr'>01·ate·011e.·w</span> <span class='ocrx_word' id='word_1_329' title='bbox 602 2602 693 2634; x_wconf 82' lang='lat' dir='ltr'>elche</span> <span class='ocrx_word' id='word_1_330' title='bbox 703 2601 792 2634; x_wconf 81' lang='lat' dir='ltr'>Rede</span> <span class='ocrx_word' id='word_1_331' title='bbox 802 2602 859 2635; x_wconf 88' lang='lat' dir='ltr'>des</span> 
     </span>
    </p>
   </div>
   <div class='ocr_carea' id='block_1_11' title="bbox 934 1608 1604 2011">
    <p class='ocr_par' dir='ltr' id='par_1_14' title="bbox 935 1608 1603 1694">
     <span class='ocr_line' id='line_1_50' title="bbox 935 1608 1603 1650; baseline 0.003 -11"><span class='ocrx_word' id='word_1_332' title='bbox 935 1608 1042 1640; x_wconf 72' lang='lat' dir='ltr'>iiltern</span> <span class='ocrx_word' id='word_1_333' title='bbox 1067 1608 1148 1640; x_wconf 86' lang='lat' dir='ltr'>Cato</span> <span class='ocrx_word' id='word_1_334' title='bbox 1171 1608 1315 1649; x_wconf 81' lang='lat' dir='ltr'>gemeint</span> <span class='ocrx_word' id='word_1_335' title='bbox 1339 1608 1405 1650; x_wconf 81' lang='lat' dir='ltr'>sei,</span> <span class='ocrx_word' id='word_1_336' title='bbox 1431 1608 1517 1641; x_wconf 74' lang='lat' dir='ltr'>liisst</span> <span class='ocrx_word' id='word_1_337' title='bbox 1533 1608 1603 1641; x_wconf 89' lang='lat' dir='ltr'>sich</span> 
     </span>
     <span class='ocr_line' id='line_1_51' title="bbox 937 1653 1153 1694; baseline 0.009 -11"><span class='ocrx_word' id='word_1_338' title='bbox 937 1653 1024 1684; x_wconf 86' lang='lat' dir='ltr'>nicht</span> <span class='ocrx_word' id='word_1_339' title='bbox 1041 1663 1153 1694; x_wconf 78' lang='lat' dir='ltr'>sagea.</span> 
     </span>
    </p>

    <p class='ocr_par' dir='ltr' id='par_1_15' title="bbox 934 1698 1604 2011">
     <span class='ocr_line' id='line_1_52' title="bbox 984 1698 1602 1731; baseline 0.002 -2"><span class='ocrx_word' id='word_1_340' title='bbox 984 1698 1056 1730; x_wconf 82' lang='lat'><strong>105.</strong></span> <span class='ocrx_word' id='word_1_341' title='bbox 1081 1710 1147 1731; x_wconf 76' lang='lat' dir='ltr'>non</span> <span class='ocrx_word' id='word_1_342' title='bbox 1169 1699 1268 1731; x_wconf 51' lang='lat' dir='ltr'>*modo</span> <span class='ocrx_word' id='word_1_343' title='bbox 1287 1710 1364 1731; x_wconf 82' lang='lat' dir='ltr'>non.</span> <span class='ocrx_word' id='word_1_344' title='bbox 1398 1699 1464 1730; x_wconf 86' lang='lat' dir='ltr'>Das</span> <span class='ocrx_word' id='word_1_345' title='bbox 1483 1699 1602 1731; x_wconf 81' lang='lat' dir='ltr'>zweite</span> 
     </span>
     <span class='ocr_line' id='line_1_53' title="bbox 935 1744 1603 1785; baseline 0.001 -11"><span class='ocrx_word' id='word_1_346' title='bbox 935 1754 975 1774; x_wconf 85' lang='lat' dir='ltr'>zu</span> <span class='ocrx_word' id='word_1_347' title='bbox 1009 1755 1072 1776; x_wconf 76' lang='lat' dir='ltr'>non</span> <span class='ocrx_word' id='word_1_348' title='bbox 1106 1744 1204 1776; x_wconf 77' lang='lat' dir='ltr'>modo</span> <span class='ocrx_word' id='word_1_349' title='bbox 1234 1744 1390 1785; x_wconf 67' lang='lat' dir='ltr'>geborige</span> <span class='ocrx_word' id='word_1_350' title='bbox 1418 1754 1484 1776; x_wconf 76' lang='lat' dir='ltr'>non</span> <span class='ocrx_word' id='word_1_351' title='bbox 1514 1754 1603 1776; x_wconf 88' lang='lat' dir='ltr'>muss</span> 
     </span>
     <span class='ocr_line' id='line_1_54' title="bbox 936 1788 1603 1830; baseline 0.001 -11"><span class='ocrx_word' id='word_1_352' title='bbox 936 1788 1024 1820; x_wconf 85' lang='lat' dir='ltr'>nicht</span> <span class='ocrx_word' id='word_1_353' title='bbox 1042 1790 1253 1830; x_wconf 80' lang='lat' dir='ltr'>nothwendig</span> <span class='ocrx_word' id='word_1_354' title='bbox 1272 1789 1392 1828; x_wconf 81' lang='lat' dir='ltr'>fehlen,</span> <span class='ocrx_word' id='word_1_355' title='bbox 1411 1799 1506 1820; x_wconf 79' lang='lat' dir='ltr'>wenn</span> <span class='ocrx_word' id='word_1_356' title='bbox 1521 1789 1603 1820; x_wconf 88' lang='lat' dir='ltr'>auch</span> 
     </span>
     <span class='ocr_line' id='line_1_55' title="bbox 935 1833 1604 1875; baseline 0.001 -11"><span class='ocrx_word' id='word_1_357' title='bbox 935 1834 999 1865; x_wconf 81' lang='lat' dir='ltr'>alle</span> <span class='ocrx_word' id='word_1_358' title='bbox 1018 1845 1056 1865; x_wconf 88' lang='lat' dir='ltr'>zu</span> <span class='ocrx_word' id='word_1_359' title='bbox 1076 1833 1106 1875; x_wconf 63' lang='grc' dir='ltr'>ξ.</span> <span class='ocrx_word' id='word_1_360' title='bbox 1129 1834 1168 1865; x_wconf 77' lang='grc' dir='ltr'>Π</span> <span class='ocrx_word' id='word_1_361' title='bbox 1188 1834 1399 1875; x_wconf 77' lang='lat' dir='ltr'>aul&#39;geziihlte</span> <span class='ocrx_word' id='word_1_362' title='bbox 1417 1834 1604 1875; x_wconf 83' lang='lat' dir='ltr'>Bedingun·</span> 
     </span>
     <span class='ocr_line' id='line_1_56' title="bbox 934 1879 1601 1920; baseline 0.001 -11"><span class='ocrx_word' id='word_1_363' title='bbox 934 1890 995 1917; x_wconf 74' lang='lat' dir='ltr'>gen</span> <span class='ocrx_word' id='word_1_364' title='bbox 1012 1889 1047 1910; x_wconf 77' lang='lat' dir='ltr'>es</span> <span class='ocrx_word' id='word_1_365' title='bbox 1063 1880 1290 1920; x_wconf 78' lang='lat' dir='ltr'>wegzulassen</span> <span class='ocrx_word' id='word_1_366' title='bbox 1307 1879 1495 1911; x_wconf 78' lang='lat' dir='ltr'>voi-handen</span> <span class='ocrx_word' id='word_1_367' title='bbox 1511 1879 1601 1918; x_wconf 80' lang='lat' dir='ltr'>sind3</span> 
     </span>
     <span class='ocr_line' id='line_1_57' title="bbox 935 1924 1603 1965; baseline 0.003 -11"><span class='ocrx_word' id='word_1_368' title='bbox 935 1924 974 1955; x_wconf 85' lang='lat' dir='ltr'>de</span> <span class='ocrx_word' id='word_1_369' title='bbox 1000 1934 1046 1955; x_wconf 86' lang='lat' dir='ltr'>or.</span> <span class='ocrx_word' id='word_1_370' title='bbox 1072 1924 1110 1965; x_wconf 88' lang='lat' dir='ltr'>ll,</span> <span class='ocrx_word' id='word_1_371' title='bbox 1132 1924 1182 1963; x_wconf 75' lang='lat'>72,</span> <span class='ocrx_word' id='word_1_372' title='bbox 1203 1925 1266 1955; x_wconf 66' lang='lat'>294</span> <span class='ocrx_word' id='word_1_373' title='bbox 1285 1927 1402 1957; x_wconf 77' lang='lat' dir='ltr'>utnon</span> <span class='ocrx_word' id='word_1_374' title='bbox 1421 1924 1520 1956; x_wconf 84' lang='lat' dir='ltr'>modo</span> <span class='ocrx_word' id='word_1_375' title='bbox 1537 1933 1603 1956; x_wconf 81' lang='lat' dir='ltr'>uon</span> 
     </span>
     <span class='ocr_line' id='line_1_58' title="bbox 934 1969 1604 2011; baseline 0.001 -11"><span class='ocrx_word' id='word_1_376' title='bbox 934 1969 1074 2008; x_wconf 70' lang='lat' dir='ltr'>abiecto,</span> <span class='ocrx_word' id='word_1_377' title='bbox 1093 1969 1156 2001; x_wconf 74' lang='lat' dir='ltr'>secl</span> <span class='ocrx_word' id='word_1_378' title='bbox 1169 1981 1210 2001; x_wconf 76' lang='lat' dir='ltr'>ne</span> <span class='ocrx_word' id='word_1_379' title='bbox 1225 1972 1349 2002; x_wconf 73' lang='lat' dir='ltr'>reiecto</span> <span class='ocrx_word' id='word_1_380' title='bbox 1364 1969 1495 2011; x_wconf 70' lang='lat' dir='ltr'>quidem</span> <span class='ocrx_word' id='word_1_381' title='bbox 1508 1971 1604 2001; x_wconf 78' lang='lat' dir='ltr'>scuto</span> 
     </span>
    </p>
   </div>
   <div class='ocr_carea' id='block_1_12' title="bbox 923 2014 1200 2055">
    <p class='ocr_par' dir='ltr' id='par_1_16' title="bbox 923 2014 1200 2055">
     <span class='ocr_line' id='line_1_59' title="bbox 923 2014 1200 2055; baseline 0.004 -10"><span class='ocrx_word' id='word_1_382' title='bbox 923 2015 1059 2055; x_wconf 59' lang='lat' dir='ltr'>,litgere</span> <span class='ocrx_word' id='word_1_383' title='bbox 1078 2014 1200 2046; x_wconf 71' lang='lat' dir='ltr'>ridear.</span> 
     </span>
    </p>
   </div>
   <div class='ocr_carea' id='block_1_13' title="bbox 934 2059 1605 2602">
    <p class='ocr_par' dir='ltr' id='par_1_17' title="bbox 935 2059 1605 2190">
     <span class='ocr_line' id='line_1_60' title="bbox 980 2059 1605 2101; baseline 0.002 -12"><span class='ocrx_word' id='word_1_384' title='bbox 980 2070 1020 2090; x_wconf 71' lang='lat' dir='ltr'>ne</span> <span class='ocrx_word' id='word_1_385' title='bbox 1041 2060 1166 2091; x_wconf 76' lang='lat' dir='ltr'>malam</span> <span class='ocrx_word' id='word_1_386' title='bbox 1185 2059 1317 2101; x_wconf 69' lang='lat' dir='ltr'>quidem</span> <span class='ocrx_word' id='word_1_387' title='bbox 1335 2068 1426 2091; x_wconf 76' lang='lat' dir='ltr'>esse:</span> <span class='ocrx_word' id='word_1_388' title='bbox 1443 2059 1504 2090; x_wconf 82' lang='lat' dir='ltr'>den</span> <span class='ocrx_word' id='word_1_389' title='bbox 1524 2059 1605 2090; x_wconf 88' lang='lat' dir='ltr'>stoi-</span> 
     </span>
     <span class='ocr_line' id='line_1_61' title="bbox 935 2104 1604 2136; baseline 0 -1"><span class='ocrx_word' id='word_1_390' title='bbox 935 2105 1032 2135; x_wconf 75' lang='lat' dir='ltr'>sehon</span> <span class='ocrx_word' id='word_1_391' title='bbox 1068 2105 1194 2135; x_wconf 80' lang='lat' dir='ltr'>Beweis</span> <span class='ocrx_word' id='word_1_392' title='bbox 1234 2105 1287 2136; x_wconf 83' lang='lat' dir='ltr'>fiir</span> <span class='ocrx_word' id='word_1_393' title='bbox 1319 2105 1432 2136; x_wconf 85' lang='lat' dir='ltr'>diesen</span> <span class='ocrx_word' id='word_1_394' title='bbox 1466 2104 1545 2136; x_wconf 81' lang='lat' dir='ltr'>Satz</span> <span class='ocrx_word' id='word_1_395' title='bbox 1579 2114 1604 2136; x_wconf 85' lang='lat' dir='ltr'>s.</span> 
     </span>
     <span class='ocr_line' id='line_1_62' title="bbox 937 2148 1275 2190; baseline 0.003 -10"><span class='ocrx_word' id='word_1_396' title='bbox 937 2148 1035 2180; x_wconf 82' lang='lat' dir='ltr'>Tuse.</span> <span class='ocrx_word' id='word_1_397' title='bbox 1057 2149 1092 2190; x_wconf 88' lang='lat' dir='ltr'>ll,</span> <span class='ocrx_word' id='word_1_398' title='bbox 1114 2150 1164 2188; x_wconf 81' lang='lat'>12,</span> <span class='ocrx_word' id='word_1_399' title='bbox 1184 2150 1226 2181; x_wconf 77' lang='lat'>29</span> <span class='ocrx_word' id='word_1_400' title='bbox 1245 2150 1275 2181; x_wconf 80' lang='lat' dir='ltr'>ff.</span> 
     </span>
    </p>

    <p class='ocr_par' dir='ltr' id='par_1_18' title="bbox 981 2194 1252 2237">
     <span class='ocr_line' id='line_1_63' title="bbox 981 2194 1252 2237; baseline 0 -11"><span class='ocrx_word' id='word_1_401' title='bbox 981 2206 1078 2227; x_wconf 67' lang='lat' dir='ltr'>nani:</span> <span class='ocrx_word' id='word_1_402' title='bbox 1104 2206 1131 2226; x_wconf 89' lang='lat' dir='ltr'>z.</span> <span class='ocrx_word' id='word_1_403' title='bbox 1149 2194 1180 2237; x_wconf 64' lang='grc' dir='ltr'>ξ.</span> <span class='ocrx_word' id='word_1_404' title='bbox 1199 2195 1252 2226; x_wconf 81' lang='grc'>84.</span> 
     </span>
    </p>

    <p class='ocr_par' dir='ltr' id='par_1_19' title="bbox 936 2241 1604 2453">
     <span class='ocr_line' id='line_1_64' title="bbox 983 2241 1604 2283; baseline 0.002 -12"><span class='ocrx_word' id='word_1_405' title='bbox 983 2242 1212 2283; x_wconf 70' lang='lat' dir='ltr'>turpfficatns,</span> <span class='ocrx_word' id='word_1_406' title='bbox 1246 2241 1308 2271; x_wconf 81' lang='lat' dir='ltr'>wie</span> <span class='ocrx_word' id='word_1_407' title='bbox 1340 2241 1536 2283; x_wconf 65' lang='lat' dir='ltr'>mitfficatus</span> <span class='ocrx_word' id='word_1_408' title='bbox 1564 2241 1604 2272; x_wconf 81' lang='lat' dir='ltr'>de</span> 
     </span>
     <span class='ocr_line' id='line_1_65' title="bbox 936 2285 1603 2327; baseline 0.001 -11"><span class='ocrx_word' id='word_1_409' title='bbox 936 2286 1001 2317; x_wconf 78' lang='lat' dir='ltr'>div.</span> <span class='ocrx_word' id='word_1_410' title='bbox 1028 2285 1068 2327; x_wconf 82' lang='lat'>11,</span> <span class='ocrx_word' id='word_1_411' title='bbox 1098 2285 1157 2325; x_wconf 71' lang='lat'>26,</span> <span class='ocrx_word' id='word_1_412' title='bbox 1188 2286 1228 2317; x_wconf 79' lang='lat'>57</span> <span class='ocrx_word' id='word_1_413' title='bbox 1256 2286 1335 2317; x_wconf 89' lang='lat' dir='ltr'>nach</span> <span class='ocrx_word' id='word_1_414' title='bbox 1361 2286 1420 2317; x_wconf 87' lang='lat' dir='ltr'>der</span> <span class='ocrx_word' id='word_1_415' title='bbox 1441 2285 1603 2326; x_wconf 81' lang='lat' dir='ltr'>Analogie</span> 
     </span>
     <span class='ocr_line' id='line_1_66' title="bbox 936 2331 1604 2374; baseline 0 -12"><span class='ocrx_word' id='word_1_416' title='bbox 936 2342 999 2362; x_wconf 76' lang='lat' dir='ltr'>von</span> <span class='ocrx_word' id='word_1_417' title='bbox 1012 2331 1238 2374; x_wconf 74' lang='lat' dir='ltr'>amplificatus</span> <span class='ocrx_word' id='word_1_418' title='bbox 1248 2331 1404 2371; x_wconf 71' lang='lat' dir='ltr'>gemmet,</span> <span class='ocrx_word' id='word_1_419' title='bbox 1418 2340 1512 2362; x_wconf 84' lang='lat' dir='ltr'>wenn</span> <span class='ocrx_word' id='word_1_420' title='bbox 1521 2331 1604 2362; x_wconf 84' lang='lat' dir='ltr'>auch</span> 
     </span>
     <span class='ocr_line' id='line_1_67' title="bbox 936 2375 1604 2420; baseline 0 -13"><span class='ocrx_word' id='word_1_421' title='bbox 936 2377 986 2408; x_wconf 89' lang='lat' dir='ltr'>ein</span> <span class='ocrx_word' id='word_1_422' title='bbox 1016 2376 1161 2409; x_wconf 83' lang='lat' dir='ltr'>Verbum</span> <span class='ocrx_word' id='word_1_423' title='bbox 1191 2377 1388 2420; x_wconf 68' lang='lat' dir='ltr'>turpfficare</span> <span class='ocrx_word' id='word_1_424' title='bbox 1416 2375 1503 2407; x_wconf 88' lang='lat' dir='ltr'>nicht</span> <span class='ocrx_word' id='word_1_425' title='bbox 1531 2375 1604 2407; x_wconf 80' lang='lat' dir='ltr'>exi-</span> 
     </span>
     <span class='ocr_line' id='line_1_68' title="bbox 936 2422 1023 2453; baseline 0 0"><span class='ocrx_word' id='word_1_426' title='bbox 936 2422 1023 2453; x_wconf 82' lang='lat' dir='ltr'>stirt.</span> 
     </span>
    </p>

    <p class='ocr_par' dir='ltr' id='par_1_20' title="bbox 934 2466 1603 2544">
     <span class='ocr_line' id='line_1_69' title="bbox 983 2466 1603 2508; baseline 0 -11"><span class='ocrx_word' id='word_1_427' title='bbox 983 2467 1055 2498; x_wconf 78' lang='lat'>106.</span> <span class='ocrx_word' id='word_1_428' title='bbox 1081 2468 1260 2500; x_wconf 72' lang='lat' dir='ltr'>nervosius</span> <span class='ocrx_word' id='word_1_429' title='bbox 1288 2466 1603 2508; x_wconf 73' lang='lat' dir='ltr'>—re7n1·ss2·us.·.§.</span> 
     </span>
     <span class='ocr_line' id='line_1_70' title="bbox 934 2511 1130 2544; baseline 0.005 -1"><span class='ocrx_word' id='word_1_430' title='bbox 934 2511 976 2543; x_wconf 83' lang='lat'>20</span> <span class='ocrx_word' id='word_1_431' title='bbox 994 2513 1059 2544; x_wconf 86' lang='lat' dir='ltr'>und</span> <span class='ocrx_word' id='word_1_432' title='bbox 1078 2512 1130 2544; x_wconf 84' lang='lat'>35.</span> 
     </span>
    </p>

    <p class='ocr_par' dir='ltr' id='par_1_21' title="bbox 977 2554 1603 2602">
     <span class='ocr_line' id='line_1_71' title="bbox 977 2554 1603 2602; baseline -0.003 -13"><span class='ocrx_word' id='word_1_433' title='bbox 977 2568 1142 2602; x_wconf 74' lang='lat' dir='ltr'>personae</span> <span class='ocrx_word' id='word_1_434' title='bbox 1159 2555 1373 2590; x_wconf 67' lang='lat' dir='ltr'>sem—iendzmz</span> <span class='ocrx_word' id='word_1_435' title='bbox 1382 2556 1482 2599; x_wconf 76' lang='lat' dir='ltr'>suit:</span> <span class='ocrx_word' id='word_1_436' title='bbox 1505 2554 1528 2597; x_wconf 86' lang='grc'>1,</span> <span class='ocrx_word' id='word_1_437' title='bbox 1548 2554 1603 2598; x_wconf 89' lang='grc'>28,</span> 
     </span>
    </p>
   </div>
  </div>
 </body>
</html>
