1684 2819
159 177 210 216 16
683 174 884 209 mnam.
908 178 961 218 10,
979 177 1035 210 20.

154 291 288 333 sedem
318 296 357 329 et
384 289 526 329 locum.
569 287 754 329 Animum
776 297 904 331 autem
926 290 994 331 alii
1016 289 1209 340 animam,
1235 299 1277 332 ut
1304 291 1387 333 sere
1417 293 1558 333 nostri.

153 347 336 388 Declarat
357 358 521 386 nomen:
556 358 646 384 nam
668 351 708 385 et
729 360 836 400 ager
839 360 859 386 e
879 349 1057 387 animam
1088 354 1127 387 et
1147 348 1290 403 efflare
1311 348 1491 398 dicimus,
1524 356 1562 389 et

153 405 361 444 animosos
383 409 422 442 et
443 401 542 441 bene
563 405 766 442 anmatos
787 409 827 441 et
846 416 901 442 ea:
921 404 1049 443 animi
1067 406 1297 452 sementem·
1325 405 1409 469 ipse
1431 413 1560 446 autem

154 461 313 500 (mimus
334 458 381 498 ab
404 458 543 498 anima
574 458 698 499 dictus
730 465 804 498 est.
848 458 999 498 Zenoni
1021 458 1155 499 Stoico
1186 460 1338 502 animus
1369 461 1472 525 ignis
1502 462 1560 502 vi-

81 517 138 563 10
156 516 282 556 detur.
327 514 403 554 Sed
434 514 530 553 haec
561 515 733 567 quidem,
766 528 865 568 quae
891 514 990 562 dixi,
1013 528 1097 562 cor,
1123 515 1345 566 cerebrum,
1370 517 1558 566 animam,

90 583 132 614 20
149 584 303 626 ignem
336 570 479 623 vulg03
524 571 675 624 reliqua
708 571 790 611 fere
820 571 980 625 singuli.

1044 571 1094 612 Ut
1122 572 1232 612 multi
1265 580 1355 614 ante
1384 581 1558 624 veteres,

152 628 335 693 proxime
377 633 510 667 autem
538 625 832 677 Aristoxenus,
874 628 1047 668 musicus
1076 628 1256 692 idemque
1287 629 1558 684 philosophus,

150 685 273 739 ipsius
297 683 473 737 corporis
495 684 755 725 intentionem
781 685 998 738 quandam:
1025 685 1133 724 velut
1162 684 1202 724 in
1225 692 1342 725 cantu
1364 693 1402 726 et
1421 687 1562 727 fidibus

151 753 252 794 quae
275 740 483 780 harmonia
505 740 664 790 dicitur,
698 742 754 782 sic
776 754 829 781 ex
850 741 1027 795 corporis
1049 741 1170 782 totius
1199 748 1342 783 natura
1371 749 1410 782 et
1437 743 1562 796 figura

151 798 284 838 varios
316 804 444 838 motus
477 797 590 846 cieri,
616 805 813 851 tamquam
842 798 882 838 in
905 805 1020 838 cantu
1042 811 1177 839 sonos.
1218 798 1288 838 Hic
1317 799 1364 839 ab
1396 799 1561 841 artificio

150 867 222 896 suo
241 867 320 894 non
338 855 503 894 recessit
524 861 563 894 et
584 861 714 894 tamen
731 855 833 895 dixit
849 855 1010 908 aliquid,
1031 855 1132 908 quod
1155 855 1280 908 ipsum
1299 855 1414 909 quale
1437 863 1558 906 esset,

151 917 238 952 erat
258 911 379 950 multo
401 916 493 950 ante
516 918 554 950 et
576 910 720 951 dictum
743 919 780 951 et
802 911 1056 966 explanatum
1073 925 1096 950 a
1110 911 1286 951 Platone.
1312 912 1582 953 Xenocrates.

150 967 271 1009 animi
305 966 469 1020 figuram
492 974 531 1007 et
553 968 661 1020 quasi
685 982 827 1022 corpus
851 968 1012 1022 negavit
1032 980 1135 1017 esse,
1162 969 1329 1022 [verum]
1355 982 1561 1009 numerum

151 1024 254 1065 dixit
284 1036 387 1074 esse,
424 1024 627 1073 cuiusvis,
664 1031 704 1064 ut
737 1025 813 1065 iam
846 1032 936 1065 ante
957 1025 1206 1079 Pythagorae
1227 1024 1356 1065 visum
1388 1033 1489 1075 erat,
1521 1026 1560 1066 in

192 1165 368 1197 Dec-laroc
401 1175 539 1196 nomeu.
599 1164 661 1197 Die
704 1165 821 1197 besten

148 1209 314 1251 Hdselm,
342 1221 372 1242 Z.
402 1210 438 1242 B.
466 1210 507 1242 11.
540 1210 576 1251 1,
605 1210 737 1242 haben:
780 1214 825 1242 vt

137 1256 223 1297 sere
272 1257 393 1287 nostri
444 1256 633 1287 declarant
681 1266 819 1288 nomen.

148 1300 187 1333 F.
207 1301 247 1333 A.
268 1300 515 1333 Woll'schrieb
543 1300 644 1333 dafiir
669 1303 819 1334 nomine.

146 1345 262 1379 Ni‘iher
288 1346 390 1387 liegt‚
427 1347 537 1378 zumal
563 1347 605 1378 da
630 1347 673 1378 im
700 1346 740 1379 R.
769 1347 821 1378 die

147 1390 434 1432 Verwechselung
452 1392 509 1424 des
528 1391 621 1434 Sing.
642 1392 707 1423 und
726 1391 820 1424 Plur.

148 1437 258 1478 1711771177,Ρ
290 1437 501 1477 vorkommt,
540 1438 592 1470 die
626 1437 822 1479 ausgenonl-

146 1492 240 1514 mene
268 1483 490 1526 Bentleysche
517 1482 714 1525 Conjectur.
742 1482 819 1524 vgi.

149 1527 207 1559 ΙΙΙ.
230 1527 285 1569 27,
305 1528 346 1559 61
363 1539 370 1559 :
389 1537 446 1559 res
466 1528 641 1561 declarat.

191 1583 275 1604 nam
292 1591 338 1596 —-
352 1573 470 1605 dictus
488 1578 554 1605 est.
575 1573 677 1605 Sinn:
699 1576 820 1605 anima

146 1618 306 1650 hedeutet
323 1618 485 1659 „Athem,
498 1617 658 1659 Hauch“,
677 1621 821 1650 animus

149 1663 237 1704 „das
255 1664 390 1704 iuuere,
418 1664 561 1706 geistige
579 1663 818 1705 Veriniigen“;

148 1709 244 1740 beide
263 1708 402 1740 &Vorter
420 1709 493 1741 sind
513 1710 691 1742 desselben
711 1709 821 1741 Stam-

146 1763 235 1794 mes3
263 1753 399 1794 folglich
428 1755 499 1786 hiilt
525 1755 584 1786 der
612 1754 732 1787 Ro'mcr
757 1755 819 1787 den

147 1798 244 1831 Geist
263 1798 318 1830 fiir
336 1799 451 1831 Hauch
469 1800 534 1831 und
555 1800 645 1831 Luft.

192 1844 287 1876 Zeno
323 1854 387 1875 von
422 1844 545 1876 Citium
579 1845 641 1877 auf
670 1845 818 1888 Cypern,

147 1889 269 1921 Stister
310 1889 369 1921 der
410 1890 578 1921 stoisehen
620 1890 744 1922 Schule
787 1890 818 1921 177

146 1934 277 1975 Athen,
306 1945 359 1966 um
386 1935 473 1976 300,
505 1940 627 1967 naunte
650 1935 703 1967 die
722 1934 818 1966 Seele

147 1980 294 2024 πνεῦμα
313 1978 351 2012 ἔ7
354 1983 506 2023 ’7ερμο7κ

192 2022 257 2061 10.
301 2036 373 2065 cor,
409 2026 602 2057 cambium
642 2024 817 2057 Znischen

146 2071 266 2102 beiden
277 2050 420 2103 wor’ten
437 2071 485 2102 las
501 2081 540 2102 m·
534 2082 574 2102 777
589 2080 682 2112 sang
686 2073 814 2111 niuem,

146 2116 291 2147 welches
314 2115 358 2147 U
360 2121 413 2147 ort
446 2116 514 2147 sicli
544 2127 607 2147 nur
631 2116 662 2147 in
694 2116 820 2148 einer

146 2160 288 2193 Hdschr.
316 2161 418 2193 findet
444 2161 510 2192 und
538 2162 817 2193 wahrscheinlich

148 2205 689 2248 nurderVollstiindigkeitwegen
703 2207 820 2238 hinzu-

147 2251 263 2292 geffigt
282 2252 337 2283 ist.
366 2250 411 2284 Es
430 2257 523 2294 passt
541 2253 624 2283 auch
652 2263 692 2283 zu
712 2253 818 2293 vulgo

146 2297 294 2337 weniger
309 2297 358 2328 als
371 2297 425 2329 die
439 2297 513 2328 vier
523 2297 648 2329 andern
660 2297 817 2337 Begrill'e.

191 2343 323 2384 vulgo,
365 2353 412 2374 sc.
457 2345 620 2374 animum
651 2347 821 2374 statuunt

147 2398 230 2419 esse.
258 2387 358 2419 Also:
391 2387 443 2420 die
463 2388 656 2419 erwiihnten
678 2388 820 2419 717751617-

146 2438 201 2464 ten
235 2433 318 2465 iiber
343 2433 403 2465 den
431 2434 591 2465 menschl.
622 2432 715 2464 Geist
746 2433 816 2464 sind

146 2479 224 2510 sehr
240 2478 445 2519 verbreitet3
474 2479 527 2510 die
556 2478 734 2519 folgenden
762 2489 819 2518 ge-

148 2524 248 2555 hiiren
264 2534 327 2555 nur
339 2524 513 2556 einzelnen
526 2524 745 2568 Philosophen
762 2535 815 2556 an.

193 2570 249 2600 20.
281 2568 327 2603 Ut
346 2580 447 2610 „zum
467 2570 655 2611 Beispiel‘·.

197 2616 437 2647 .·1ristomcnns
481 2626 540 2647 aus
575 2615 722 2651 Tarent,
764 2616 815 2647 7-177

891 1165 1034 1196 Schiile1
1063 1164 1123 1196 del
1153 1163 1249 1196 Pvtha
1241 1174 1383 1205 igoreei
1413 1164 1479 1196 und
1505 1165 1562 1197 des

891 1210 1110 1249 Aristoteles,
1122 1210 1254 1242 schrieb
1266 1210 1337 1241 drei
1353 1211 1431 1250 (uns
1449 1210 1563 1242 erbal-

891 1256 992 1296 tene)
1035 1254 1167 1288 Biicher
1216 1255 1303 1301 περὶ
1355 1252 1564 1300 ἁομονικῶι

892 1302 1096 1343 στοιχείωι.

930 1347 1077 1378 velutin
1090 1350 1200 1378 cantu
1212 1346 1323 1386 etstd.
1337 1346 1406 1378 Aus
1417 1345 1564 1379 (177777101-

891 1392 1021 1432 genden
1032 1391 1169 1423 eierz‘ist
1179 1393 1316 1423 cientur
1325 1402 1367 1423 zu
1379 1391 1562 1433 ergfinzen.

937 1447 1028 1479 quae
1061 1438 1250 1468 harmom'a
1285 1436 1422 1469 dicitur
1459 1437 1561 1477 „das,

890 1492 961 1514 was
979 1491 1053 1513 man
1074 1482 1253 1514 Harmonie
1274 1483 1424 1522 nennt“;
1445 1486 1563 1514 motus

891 1527 1232 1568 ‚,Schwingungen“.

936 1573 1051 1605 multo
1070 1576 1164 1612 ante,
1183 1572 1213 1603 d.
1229 1573 1260 1604 17.
1278 1573 1361 1604 iiber
1375 1573 1428 1604 ein
1447 1573 1563 1604 halbes

888 1618 1132 1659 Jahrhundert,
1153 1618 1239 1649 denn
1260 1617 1353 1650 Plato
1372 1618 1465 1651 star-b
1483 1619 1562 1649 347.

936 1674 956 1695 α
983 1664 1154 1704 Platone,
1185 1663 1244 1695 der
1277 1662 1321 1694 im
1346 1662 1502 1694 Phaedon
1531 1674 1561 1706 p.

891 1710 933 1742 92
953 1719 1024 1750 sqq.
1045 1709 1137 1740 diese
1155 1708 1295 1740 Ansicht
1311 1709 1500 1749 widerlegt.

936 1754 1155 1786 Xenocrates
1173 1764 1235 1785 von
1256 1753 1462 1794 Chalcedon,
1487 1753 1563 1794 geb.

890 1800 977 1839 397,
1005 1798 1120 1831 Platos
1147 1798 1308 1837 Schiiler,
1338 1799 1452 1830 leitete
1480 1799 1562 1830 nach

890 1843 1093 1886 Speusippus
1115 1843 1206 1875 ‘rode
1224 1844 1322 1884 (339)
1349 1844 1403 1876 die
1430 1844 1565 1876 Akade-

889 1890 966 1928 mie,
987 1890 1052 1920 und
1071 1889 1163 1921 starb
1182 1889 1263 1921 315.

937 1945 1055 1966 verum
1083 1935 1127 1966 ist
1155 1935 1328 1975 anstfissig
1360 1945 1475 1976 wegen
1508 1935 1564 1966 des

890 1980 1066 2022 folgenden
1087 1980 1193 2020 de'aee't,
1215 1980 1361 2013 welches
1379 1980 1438 2012 das
1455 1980 1566 2023 Asyu-

889 2026 988 2057 deton
1020 2025 1191 2057 ersordert
1218 2026 1296 2065 (wie
1322 2025 1378 2066 31,
1407 2026 1468 2056 77:
1502 2025 1563 2057 diu

888 2082 1077 2103 mansuros
1096 2074 1200 2102 aiunt
1227 2073 1386 2110 animos,
1411 2080 1562 2111 semper,

889 2118 1050 2159 negant).
1088 2115 1258 2148 Manutius
1286 2116 1417 2148 schrieb
1445 2116 1560 2155 daher,

890 2162 982 2194 nicht
1007 2163 1091 2193 ohne
1121 2161 1355 2194 handschriftl.
1375 2161 1561 2201 Autorittit,

890 2208 999 2238 ullum
1020 2207 1061 2238 im
1081 2206 1267 2239 Auschluss
1294 2216 1336 2238 an
1355 2217 1485 2249 cor-pus
1504 2217 1563 2238 ne-

887 2263 957 2294 gat·
960 2255 991 2284 77
1008 2263 1093 2284 esse.

935 2293 1563 2342 nume-mm,g1·iech.‹5u.9p6v,c}9129-

892 2340 960 2375 ιιὸν
979 2339 1228 2383 αι’τοκίιητον.

936 2389 1073 2430 Pythag,
1068 2397 1179 2419 orae.
1216 2386 1287 2418 von
1307 2387 1424 2419 Samos
1443 2388 1564 2427 gebiir-

891 2434 949 2473 tig,
970 2432 1100 2464 stiftete
1115 2443 1151 2464 ei
1166 2443 1226 2464 zur
1239 2431 1316 2463 Zeit
1334 2432 1392 2464 des
1411 2432 1563 2474 Tay-qm-

890 2481 968 2509 nius
1006 2478 1187 2519 Superbus
1231 2477 1261 2508 in
1305 2476 1430 2509 l‘iroton
1472 2477 1563 2509 seine

890 2523 1245 2565 Philosophcuschule.
1293 2521 1383 2554 Nach
1419 2522 1561 2554 Aristot.

889 2568 1035 2610 Metaph.
1067 2568 1090 2600 1.
1121 2570 1139 2598 5
1168 2573 1290 2599 nannte
1319 2579 1356 2600 er
1381 2568 1435 2599 die
1465 2568 1562 2600 Seele

891 2614 1025 2646 τοιονδὶ
1052 2615 1124 2645 τῶν
1143 2611 1316 2656 ἀριθμῶν
1336 2610 1467 2649 πάθος.
