1684 2819
231 147 255 183 4
757 140 1118 174 1.13}3R1.1.1.2.
1229 164 1245 168 ,

343 255 384 295 ln
415 255 500 294 dem
532 253 744 306 Epiloge
786 251 940 292 endlieh
970 252 1085 307 (Cap.
1112 255 1305 307 47—49)
1335 254 1435 294 wird
1468 254 1639 307 nachge-

226 313 392 359 wiesen,
429 311 517 350 dass
548 310 607 349 die
630 315 948 362 vorgetragenen
969 308 1181 350 Ansichten
1214 310 1333 351 durch
1356 309 1638 351 verschiedene

224 367 476 422 Ausspriiehe
499 366 569 405 der
581 364 722 405 Go'tter
743 365 820 405 und
843 365 962 406 durch
986 365 1054 407 das
1071 365 1241 420 Beispiel
1261 367 1389 407 vieler
1409 366 1639 407 beriihmter

223 425 404 470 Manner,
431 422 491 461 die
516 423 577 460 fiir
600 421 667 461 das
683 420 898 462 Vaterland
923 422 1077 476 freudig
1098 423 1136 463 in
1159 423 1232 463 den
1254 423 1336 464 Tod
1360 424 1523 478 gingen,
1552 421 1637 463 ihre

224 479 483 531 Bestiitigung
506 477 701 517 erhalten.

185 767 206 810 l
315 745 467 822 Quum
490 768 762 810 defensionum
786 768 983 810 laboribus
1005 770 1292 822 senatoriisque
1316 768 1542 809 muneribus
1570 775 1636 809 aut

190 834 198 864 1
224 825 385 865 omnino
418 832 486 865 aut
514 840 654 879 magna
677 839 729 865 ex
752 833 861 880 parte
892 838 1018 867 essem
1049 826 1257 879 aliquando
1288 826 1491 874 liberatus,
1518 825 1635 866 retuli

224 895 301 931 me,
335 882 471 931 Brute,
507 889 544 922 te
576 883 759 923 hortante
790 882 963 923 maxime
994 882 1041 922 ad
1074 895 1117 923 ea
1150 882 1294 932 studia,
1330 896 1446 936 quae,
1477 888 1634 922 retenta

224 938 371 987 animo,
396 940 562 979 remissa
586 939 842 993 temporibus,
868 939 985 993 longo
1008 939 1216 979 intervallo
1249 940 1492 987 intermissa,
1518 952 1634 978 revo-

224 995 336 1044 cavi;
375 1002 414 1035 et
443 1010 558 1048 quum
590 997 760 1036 omnium
792 997 960 1046 artium,
986 1009 1085 1049 quae
1107 996 1153 1035 ad
1178 1003 1324 1035 rectam
1348 995 1506 1036 vivendi
1529 995 1633 1035 viam

225 1053 484 1105 pertinerent,
518 1053 617 1092 ratio
649 1061 687 1093 et
717 1053 921 1107 disciplina
951 1053 1080 1092 studio
1111 1053 1344 1106 sapientiae,
1378 1066 1476 1105 quae
1510 1052 1635 1106 philo-

224 1108 361 1162 sophia
383 1108 539 1159 dicitur,
566 1110 852 1160 contineretur,
877 1110 950 1150 hoc
973 1109 1067 1149 mihi
1089 1109 1242 1150 Latinis
1267 1108 1408 1149 litteris
1431 1108 1635 1148 illustran-

225 1165 313 1204 dum
337 1166 493 1219 putavi:
521 1180 599 1205 non
617 1166 707 1219 quia
727 1165 970 1220 philosophia
991 1165 1153 1206 Graecis
1178 1173 1215 1206 et
1238 1165 1382 1205 litteris
1405 1172 1443 1205 et
1465 1164 1635 1205 doctori-

225 1220 296 1261 bus
319 1222 464 1276 percipi
489 1236 567 1262 non
590 1230 738 1276 posset,
764 1223 831 1264 sed
854 1237 980 1263 meum
1004 1236 1159 1276 semper
1181 1221 1365 1262 iudicium
1391 1222 1476 1271 suit,
1503 1222 1635 1262 omnia

223 1285 381 1318 nostros
407 1286 475 1318 aut
504 1279 706 1319 invenisse
729 1293 798 1333 per
820 1293 862 1320 se
884 1280 1102 1333 sapientius
1124 1293 1237 1333 quam
1262 1278 1452 1327 Graecos,
1478 1285 1543 1318 aut
1571 1292 1635 1318 ac-

224 1340 334 1387 cepta
356 1335 403 1374 ab
427 1335 502 1376 illis
526 1335 668 1376 secisse
690 1336 869 1385 meliora,
890 1350 988 1389 quae
1007 1336 1160 1389 quidem
1183 1336 1299 1389 digna
1323 1335 1569 1384 statuissent,
1594 1334 1634 1374 in

188 1390 361 1443 2quibus
385 1392 649 1432 elaborarent.
694 1392 793 1433 Nam
826 1406 956 1433 mores
989 1400 1027 1432 et
1056 1393 1235 1434 instituta
1259 1392 1365 1432 vitae
1388 1405 1533 1445 resque
1566 1391 1635 1432 do-

224 1448 408 1488 mesticas
427 1462 471 1487 ac
490 1448 702 1489 familiares
720 1463 791 1489 nos
811 1450 985 1503 profecto
1009 1457 1047 1489 et
1069 1450 1206 1489 melius
1230 1456 1387 1488 tuemur
1405 1455 1443 1489 et
1463 1448 1631 1498 lautiu53

223 1516 304 1544 rem
339 1517 435 1544 vero
467 1504 658 1557 publicam
689 1507 813 1546 nostri
846 1506 1015 1546 maiores
1047 1513 1154 1546 certe
1183 1505 1409 1546 melioribus
1441 1512 1636 1558 tempera-

264 1620 297 1658 1.
347 1624 377 1655 1.
414 1624 659 1665 defensionum
697 1627 892 1658 laboribus.
964 1625 1196 1665 auderemus,-
1224 1626 1279 1662 42,
1303 1625 1386 1657 100:
1410 1625 1633 1664 multaverit,

221 1668 282 1699 Die
309 1672 556 1701 accusationes
585 1670 670 1702 liisst
691 1670 762 1703 Cic.
795 1681 894 1702 uner-

220 1713 346 1752 wiihnt,
366 1714 443 1745 weil
464 1715 524 1747 der
542 1717 695 1756 g1·6ssere
711 1715 808 1748 Theil
829 1717 895 1748 sei-

222 1768 281 1789 ner
323 1758 434 1790 Redcn
470 1759 777 1802 Vertheidigungen
817 1771 892 1793 zum

221 1802 364 1836 Zweeke
385 1805 496 1845 hatte,
525 1805 578 1837 ‹lic
597 1807 680 1837 auch
704 1807 756 1837 fiir
774 1807 894 1839 ehren-

221 1849 329 1881 voller
346 1850 457 1891 gallen
479 1851 528 1882 als
546 1851 599 1883 «tie
618 1851 807 1892 Auktagcn.

264 1920 396 1952 magna
423 1923 470 1943 ιω
491 1916 613 1953 parte.
666 1912 759 1945 Denn
788 1915 830 1944 -lti
858 1924 891 1943 v.

222 1955 300 1987 Chr.
331 1957 421 1988 hatte
456 1967 493 1988 cr
518 1958 599 1989 noch
630 1958 691 1989 den
719 1958 890 1999 Ligarius,

218 2002 260 2032 45
281 2002 343 2033 den
364 2001 547 2043 Dejotarus
565 2003 780 2045 vcrtbeidigt.
799 2004 893 2043 (Hin-

220 2052 272 2078 ter
283 2047 336 2078 dic
347 2045 562 2079 Tusculanen
582 2048 684 2080 fallen
699 2059 762 2080 von
776 2050 892 2081 seinen

221 2091 332 2124 Reden
355 2103 416 2124 nur
435 2093 487 2125 die
506 2094 781 2137 philippischen.)

265 2150 464 2191 aliqnando
486 2152 529 2183 ist
549 2152 601 2183 bei
622 2152 695 2184 Cic.
714 2151 793 2183 schr
813 2152 892 2182 hau-

220 2195 263 2235 fig
289 2195 450 2236 „cndlich
479 2197 651 2230 ei1nnal“:
680 2208 714 2229 st·
734 2197 790 2233 44,
816 2197 889 2227 105-

221 2238 291 2271 Nur
309 2241 414 2273 seltcn
434 2247 518 2274 setzt
542 2253 579 2274 cr
599 2243 740 2274 landem
763 2242 873 2273 hinzu.

264 2314 370 2344 qnam
386 2321 430 2326 —-
443 2307 703 2336 contineretur.
729 2304 889 2345 Obglcich

220 2348 290 2379 dies
318 2348 370 2380 cin
390 2348 468 2381 Satz
487 2361 550 2381 von
573 2350 792 2391 allgcmeinct·
811 2349 892 2382 Giit-

219 2393 341 2434 ttgkeit
368 2394 425 2433 ist,
446 2395 625 2427 hehandelt
646 2396 698 2427 ihu
720 2396 807 2431 Cic..
828 2396 892 2427 wie

219 2449 257 2469 cr
268 2439 339 2471 dies
355 2440 386 2471 in
402 2441 539 2473 solchen
552 2440 666 2473 Fa'llcn
683 2442 890 2482 gouiihnlich

218 2484 305 2524 thut,
320 2485 370 2516 als
385 2486 438 2517 cin
450 2486 596 2519 Moment
614 2487 674 2519 der
683 2487 889 2528 Erziihlung.

218 2529 261 2559 So
280 2531 313 2569 4,
330 2531 366 2562 7:
389 2532 488 2564 Ilzme
504 2550 543 2555 —
560 2532 727 2566 inclinari.
744 2544 834 2574 quae
848 2551 891 2556 —

215 2580 336 2616 poss-vl
356 2577 484 2618 demere,
513 2578 575 2609 und
597 2578 768 2610 deditum.
792 2582 829 2609 etl
848 2597 891 2602 —

964 1681 1069 1711 quam
1077 1681 1257 1712 —possem
1273 1671 1476 1710 dissolvere,
1490 1682 1524 1702 u.
1536 1669 1635 1703 b'fter.

1009 1726 1120 1757 quae,
1150 1716 1276 1757 logis-ch
1302 1716 1364 1748 auf
1379 1716 1500 1748 studio
1518 1726 1560 1748 zu
1579 1716 1637 1748 be-

963 1762 1097 1802 ziehen‚
1110 1761 1343 1802 grammatisch
1358 1770 1398 1793 an
1408 1762 1636 1804 philosophia

965 1807 1035 1839 sich
1062 1807 1328 1839 ansohliessend.
1355 1806 1398 1838 So
1418 1805 1473 1839 IV.
1499 1807 1551 1848 10,
1570 1806 1635 1839 23:

963 1853 1091 1891 morbi,
1110 1862 1201 1894 quae
1217 1856 1345 1884 vocant
1357 1852 1415 1883 illi
1429 1849 1633 1895 νοσήματα.

1011 1908 1077 1929 non
1097 1900 1180 1939 quia
1200 1916 1242 1921 —
1260 1897 1331 1937 sed,
1359 1896 1558 1939 Uebergang
1575 1907 1635 1930 aus

964 1943 1023 1975 der
1041 1941 1138 1974 Form
1157 1943 1250 1975 eines
1265 1942 1512 1975 Relatixsatzes
1531 1944 1562 1975 in
1582 1944 1635 1975 die

963 1989 1056 2020 eines
1077 1988 1320 2031 Hauptsatzes,
1349 1989 1411 2020 wie
1431 1988 1472 2020 ll.
1492 1989 1549 2030 26,
1569 1989 1634 2027 643

964 2033 1023 2066 ΙΙΙ.
1045 2034 1099 2073 22,
1120 2035 1158 2064 51
1181 2039 1268 2066 extr.
1291 2045 1323 2065 u.
1345 2034 1445 2067 lister.

1007 2082 1209 2121 sapientius
1228 2090 1332 2121 quam
1357 2079 1524 2112 Graecos.
1555 2078 1631 2122 Vgl.

963 2125 1001 2156 de
1022 2130 1108 2156 orat.
1131 2124 1154 2156 1.
1176 2125 1209 2165 -1,
1234 2125 1294 2156 15:
1322 2125 1470 2166 Ingenia
1493 2128 1634 2158 nostro-

962 2181 1039 2202 rnm
1087 2171 1266 2202 hominum
1310 2171 1464 2202 multum
1508 2173 1634 2203 ceteris

961 2217 1160 2247 hominibus
1179 2218 1335 2248 omnium
1353 2219 1515 2258 gentt‘um
1529 2226 1635 2258 prae-

961 2264 1145 2292 stiterunt.
1174 2260 1259 2293 Eine
1281 2261 1563 2302 t'ebertreihuug,
1581 2262 1634 2304 die

964 2306 1050 2337 uohl
1079 2306 1227 2347 xxciiigei·
1253 2307 1283 2338 in
1305 2306 1442 2338 Ciceros
1460 2305 1635 2338 National-

962 2351 1135 2385 citclkeit.
1166 2352 1214 2383 als
1242 2352 1273 2383 in
1300 2352 1360 2384 der
1385 2352 1539 2391 Abs-teht,
1571 2352 1632 2384 den

963 2396 1103 2429 lliitnern
1132 2407 1170 2428 zu
1198 2397 1462 2429 wissenschaftl.
1493 2396 1631 2429 Studien

963 2442 1052 2474 Muth
1073 2453 1113 2474 zu
1133 2442 1269 2474 macheu
1284 2467 1291 2475 .
1314 2443 1407 2475 ihren
1429 2441 1541 2474 Grund
1562 2444 1631 2474 hat.

1006 2489 1037 2520 2.
1066 2488 1395 2520 melius—lautius
1432 2487 1635 2530 „sou-grinti-

961 2544 1020 2574 ger
1038 2534 1101 2564 und
1123 2533 1178 2565 mit
1200 2533 1500 2566 1110=11··Austand“.

1008 2583 1103 2610 vet-le
1137 2579 1248 2610 deuter
1285 2579 1367 2611 leisc
1398 2579 1452 2611 hin
1483 2578 1550 2612 'auf
1579 2580 1633 2612 die
