1684 2819
129 154 210 194 230
602 151 657 183 DE
682 150 863 184 NATURA
888 150 1070 184 DEORUM

129 255 302 306 polytum
331 252 516 304 perdidit,
546 264 665 302 quum
696 257 752 290 ter
779 252 937 302 optandi
964 265 984 291 a
1004 252 1183 303 Neptuno
1212 260 1318 304 patre
1341 253 1541 293 habuisset

59 320 99 351 77
129 308 390 362 potestatem?
411 309 623 347 Poetarum
644 307 720 346 ista
742 313 851 346 sunt:
874 320 947 346 nos
970 313 1097 347 autem
1118 309 1344 362 philosophi
1365 323 1453 349 esse
1470 323 1540 349 vo-

128 367 277 411 lumus,
300 377 431 403 rerum
453 370 649 410 auctoreS,
671 375 752 402 non
774 363 1001 402 fabularum.
1042 365 1165 415 Atque
1186 366 1226 403 hi
1246 372 1373 405 tamen
1394 367 1469 417 ipsi
1491 366 1541 405 dii

127 422 268 474 poetici
290 421 323 459 si
345 420 510 459 scissent
532 419 752 470 perniciosa
775 421 858 458 l'ore
882 420 942 458 illa
964 420 1069 466 filiis,
1091 432 1271 470 peccasse
1291 422 1330 461 in
1352 423 1538 462 beneficio

126 482 367 529 putarentur.
408 477 456 515 Et
485 476 517 514 si
538 489 671 515 verum
699 482 775 523 est,
804 476 908 527 quod
929 476 1058 515 Aristo
1081 476 1198 515 Chius
1227 478 1351 517 dicere
1379 479 1540 526 solebat,

127 546 269 573 nocere
289 532 532 572 audientibus
555 532 814 584 philosophos
838 533 895 579 iis,
918 532 981 584 qui
1002 533 1100 571 bene
1117 532 1217 572 dicta
1234 534 1331 573 male
1348 534 1539 585 interpre-

129 595 318 628 tarentur:
354 602 474 640 posse
509 589 614 628 enim
650 594 784 628 asotos
819 602 863 627 ex
892 589 1096 640 Aristippi,
1130 589 1288 628 acerbos
1325 604 1344 628 e
1373 591 1541 630 Zenonis

128 646 261 686 schola
283 646 403 693 exire3
424 658 600 696 prorsus,
623 645 667 692 si,
690 646 754 697 qui
776 646 995 692 audierunt,
1018 645 1144 684 vitiosi
1166 652 1298 684 essent
1320 646 1540 694 discessuri,

127 703 232 754 quod
254 714 435 753 perverse
456 703 784 753 philosophorum
802 702 1085 754 disputationes
1102 703 1460 754 interpretarentur,
1485 708 1540 741 ta-

129 771 218 814 cerg
242 764 456 809 praestaret
483 759 728 810 philosophis
752 771 865 809 quam
896 759 961 803 iis,
989 759 1052 809 qui
1082 771 1122 797 se
1144 759 1359 805 audissent,
1388 771 1540 798 nocere.

59 822 99 854 78
129 815 210 862 Sic,
242 815 274 853 si
302 815 481 854 homines
503 816 695 854 rationem
716 815 821 854 bono
846 815 1008 854 consilio
1032 829 1051 854 a
1074 815 1145 853 diis
1168 815 1450 854 immortalibus
1474 815 1541 854 da-

130 877 205 910 tam
234 871 271 909 in
301 871 473 909 fraudem
501 872 761 922 malitiamque
789 878 1036 919 convertunt,
1072 884 1152 910 non
1184 872 1265 910 dari
1298 871 1399 911 illam
1427 884 1542 923 quam

129 928 209 966 dari
231 928 403 966 humano
426 928 555 978 generi
578 928 715 966 melius
738 928 820 966 suit.
862 929 920 974 Ut,
942 928 973 966 si
996 928 1168 966 medicus
1192 928 1283 966 sciat
1302 941 1389 967 enm
1406 940 1542 978 aegro-

128 988 223 1031 tum,
237 984 302 1034 qui
316 984 447 1022 iussus
464 985 512 1022 sit
528 984 659 1022 vinum
678 996 842 1030 sumere,
858 984 1048 1022 merarius
1070 990 1319 1035 sumpturum
1337 984 1543 1034 statimque

129 1040 360 1089 periturum,
382 1052 520 1090 magna
544 1041 592 1078 sit
613 1040 651 1078 in
675 1040 803 1090 eulpa:
833 1040 887 1077 sie
907 1045 1031 1079 vestra
1053 1040 1123 1078 ista
1145 1040 1385 1091 providentia
1408 1052 1542 1091 repre-

126 1095 350 1143 hendenda,
378 1108 475 1147 quae
496 1097 687 1135 rationem
709 1096 858 1135 dederit
878 1096 942 1141 iis,
972 1109 1072 1147 quos
1095 1096 1222 1135 scierit
1244 1110 1285 1135 ea
1306 1108 1486 1147 perverse
1507 1102 1544 1134 et

127 1152 306 1202 improbe
334 1152 490 1191 usuros.
533 1153 616 1191 Nisi
650 1154 749 1191 sorte
779 1152 902 1191 dicitis
935 1165 1018 1191 eam
1049 1152 1231 1191 nescisse.
1274 1152 1428 1191 Utinam
1457 1152 1542 1204 qui-

129 1207 235 1246 dem!
279 1209 353 1247 Sed
376 1221 457 1247 non
479 1209 681 1247 audebitis.
723 1209 810 1247 Non
832 1209 933 1247 enim
957 1209 1115 1259 ignoro,
1140 1209 1271 1260 quanti
1293 1210 1375 1248 eius
1397 1220 1541 1247 numen

50 1264 104 1304 32
129 1264 283 1315 putetis.
327 1264 402 1303 Sed
425 1265 485 1303 hic
503 1265 657 1316 quidem
679 1266 786 1303 locus
806 1266 981 1304 concludi
1004 1265 1078 1303 iam
1096 1271 1237 1316 potest.
1281 1265 1378 1304 Nam
1397 1266 1427 1303 si
1446 1265 1542 1303 stul-

57 1327 98 1358 79
126 1321 206 1359 titia
229 1333 427 1360 consensu
449 1322 624 1360 onmium
647 1322 973 1372 philosoplmrum
1003 1322 1126 1360 maius
1150 1327 1209 1359 est
1236 1322 1397 1367 malum,
1425 1334 1541 1372 quam

127 1377 159 1415 si
183 1377 314 1415 omnia
336 1377 434 1416 mala
457 1383 493 1415 et
515 1379 691 1416 fortunae
720 1383 756 1416 et
783 1378 960 1428 corporis
989 1391 1033 1416 ex
1062 1378 1175 1416 altera
1203 1384 1310 1428 parte
1337 1384 1544 1429 ponantur,

127 1433 358 1484 sapientiam
380 1439 507 1472 autem
528 1446 644 1472 nemo
668 1434 909 1484 assequitur:
932 1435 970 1472 in
995 1434 1160 1472 summis
1182 1434 1291 1472 malis
1314 1446 1451 1472 omnes
1474 1446 1542 1472 su-

127 1502 232 1535 mus,
261 1489 401 1540 quibus
431 1503 501 1528 vos
531 1490 678 1540 optime
706 1491 926 1529 consultum
951 1504 970 1528 a
993 1490 1064 1528 diis
1092 1490 1375 1529 immortalibus
1404 1489 1541 1528 dicitis.

127 1545 226 1584 Nam
250 1551 290 1584 ut
311 1546 405 1584 nihil
427 1546 596 1593 interest,
618 1552 749 1585 utrum
771 1559 887 1585 nemo
912 1547 1034 1585 valeat
1054 1558 1101 1585 an
1124 1558 1238 1584 nemo
1260 1546 1386 1597 possit
1402 1546 1542 1585 valere:

127 1601 183 1641 sic
203 1614 283 1640 non
305 1602 476 1653 intelligo
500 1603 590 1654 quid
613 1603 780 1649 intersit,
810 1609 940 1642 utrum
969 1615 1084 1641 nemo
1107 1602 1157 1641 sit
1179 1603 1333 1653 sapiens
1356 1615 1403 1642 an
1424 1614 1541 1641 nemo

173 1726 194 1746 a
211 1713 369 1757 Neptuno
383 1718 494 1757 patre.
526 1714 559 1746 S.
575 1726 616 1745 zu
631 1726 657 1746 e.
678 1714 728 1755 18,
744 1714 798 1745 45.

128 1758 188 1790 Als
210 1759 378 1799 Theseus,
409 1760 586 1799 get'auselit
616 1761 716 1791 durch
748 1760 799 1791 die

128 1804 419 1843 Verliiumdungen
444 1805 504 1835 der
521 1804 669 1836 Phaedra
694 1815 799 1845 gegen

128 1849 242 1879 seinen
262 1849 348 1879 Sohn
369 1849 566 1890 Hippolytus
586 1850 646 1880 den
666 1850 799 1891 Neptun

128 1893 251 1932 anriel',
266 1893 378 1933 jonem
396 1894 457 1924 den
477 1893 547 1925 Tod
568 1904 608 1924 zu
627 1894 743 1933 geben,
763 1905 798 1924 so

128 1937 264 1969 ersiillte
283 1938 413 1979 [Neptun
439 1939 508 1969 sein
530 1939 715 1978 Begehren,
742 1939 799 1969 ol)-

129 1983 234 2023 gleieh
253 1993 290 2013 er
308 1983 359 2013 die
379 1982 545 2014 Unschuld
565 1984 622 2014 des
638 1983 797 2025 Hippoly-

131 2032 182 2059 tus
212 2028 340 2059 kennen
374 2029 439 2059 und
469 2029 540 2059 also
571 2029 796 2059 voranssehen

129 2077 270 2113 inusste‚
296 2073 372 2104 dass
397 2074 458 2104 den
478 2073 628 2104 Theseus
647 2074 716 2104 sein
736 2074 797 2104 Be-

129 2118 252 2157 gelu-en
270 2117 373 2149 bitter
397 2128 542 2158 gereuen
562 2118 688 2149 wiirde.
725 2118 797 2157 vgl.

130 2163 169 2193 de
189 2162 285 2193 Ol'fie.
305 2162 333 2201 l,
356 2162 406 2202 10,
427 2162 479 2193 32.
507 2162 564 2202 lll,
586 2162 645 2202 25,
664 2163 722 2199 94,
747 2173 798 2193 wo

130 2219 170 2238 an
204 2208 328 2238 diesem
361 2208 505 2249 Beispiel
542 2208 674 2248 gezeigt
706 2208 798 2249 wird‚

130 2253 207 2283 dass
234 2263 269 2283 es
292 2252 465 2283 bisweilen
492 2252 609 2283 besser
638 2253 697 2293 sei,
728 2253 798 2284 sein

131 2296 234 2328 Wort
257 2308 297 2328 zu
321 2297 464 2328 breelien
487 2298 536 2329 als
556 2309 597 2328 zu
616 2298 738 2329 halten.
757 2317 798 2320 —

132 2342 190 2373 Die
220 2342 383 2374 bekannte
407 2342 508 2374 Fabel
534 2353 607 2373 vom
632 2343 798 2375 Phaethon

131 2397 156 2418 s.
176 2387 227 2418 bei
247 2387 342 2419 Ovid.
363 2387 442 2419 Met.
462 2387 485 2427 l,
506 2388 565 2419 751
588 2398 657 2430 sqq.

174 2432 227 2463 77.
254 2434 375 2464 Aristo
393 2432 504 2464 Chius.
534 2433 567 2464 S.
584 2443 623 2464 zu
639 2433 660 2470 Ι,
680 2433 730 2467 14,
747 2433 799 2465 37.

171 2487 330 2519 prorsus,
349 2480 387 2519 εἰ,
406 2477 551 2518 quintal.
583 2478 663 2509 Eine
679 2479 799 2510 zweite

129 2522 348 2553 conditionale
363 2522 512 2555 l'rotasis
529 2523 630 2554 neben
653 2524 712 2554 der
730 2523 800 2554 obi-

129 2577 206 2606 gen,
230 2569 261 2599 si
283 2577 395 2599 rerum
415 2572 466 2600 est
490 2571 567 2609 eta,
593 2568 717 2599 welche
736 2569 796 2600 den

874 1716 905 1746 in
921 1715 1030 1746 dieser
1044 1715 1255 1746 enthaltenen
1266 1714 1444 1746 Gedanken
1460 1714 1541 1745 noch

874 1760 991 1791 eininal
1018 1760 1048 1790 in
1073 1760 1214 1790 anderer
1232 1759 1383 1799 Fassung
1399 1759 1542 1790 wieder-

873 1805 952 1836 holt.
987 1805 1061 1845 Vgl.
1081 1805 1120 1835 de
1139 1805 1232 1836 Finn.
1260 1804 1286 1843 l,
1306 1804 1335 1845 3,
1355 1805 1388 1835 ῖε
1416 1804 1542 1846 Quam-

873 1860 972 1892 quam
998 1852 1029 1881 si
1051 1849 1150 1892 plane
1172 1852 1220 1881 sie
1246 1853 1410 1881 verterem
1429 1850 1543 1882 Plato-

872 1906 947 1926 nem
981 1897 1042 1925 1111!
1069 1894 1306 1935 .-11·1'stolelem‚
1342 1897 1379 1926 nt
1408 1896 1542 1926 vertunt

872 1939 1279 1981 nostripoelaesalmla.s·,
1294 1950 1358 1970 uon
1374 1939 1459 1970 male
1473 1950 1541 1970 me—

874 1994 968 2016 reret·
985 1984 1024 2015 (le
1040 1986 1123 2014 meis
1141 1985 1282 2022 viribus,
1308 1985 1339 2014 si
1359 1984 1404 2015 ad
1425 1994 1541 2015 eorum

873 2030 1098 2071 coguitionem!
1146 2028 1256 2059 (lirina
1302 2029 1358 2059 illa
1408 2031 1543 2070 ingenia

874 2075 1119 2114 transferrent,
1139 2084 1190 2103 wo
1209 2073 1341 2113 Madvig
1358 2074 1450 2104 mehr
1468 2074 1541 2104 Bei-

873 2119 977 2160 spiele
995 2119 1096 2157 gicht.

919 2183 971 2213 Ts.
1003 2184 1075 2214 eins
1092 2194 1214 2215 umnen
1240 2184 1388 2215 oll'enbar
1406 2194 1542 2225 passen-

873 2228 932 2258 der
945 2228 994 2258 als
1004 2229 1061 2259 das
1077 2229 1305 2260 handselwil'tl.
1318 2230 1388 2260 eius
1402 2239 1541 2267 nomem

873 2273 956 2303 donn
977 2273 1064 2304 nieht
1081 2274 1140 2304 aut·
1155 2274 1216 2304 den
1236 2274 1358 2305 Namen
1371 2299 1378 2313 ,
1398 2274 1542 2305 sondern

872 2318 931 2348 aul*
951 2319 1002 2349 die
1021 2317 1130 2349 Macht
1154 2319 1217 2349 und
1244 2320 1301 2350 das
1321 2318 1457 2350 ss'alten
1484 2319 1543 2350 der

873 2363 1053 2403 glittlichen
1073 2363 1271 2403 Vorsvhung
1296 2364 1418 2394 kommt
1436 2374 1471 2395 es
1489 2373 1541 2400 an,

873 2418 908 2438 so
933 2409 1009 2439 dass
1033 2418 1151 2440 nornen
1175 2419 1270 2451 pror.
1296 2419 1356 2439 nur
1379 2408 1452 2439 eine
1472 2409 1543 2439 hier

872 2464 955 2493 ganz
994 2453 1137 2493 iniissige
1172 2453 1431 2493 Umsvhreibung
1472 2453 1540 2484 sein

875 2498 1002 2529 wiirde.

919 2558 987 2597 32·
1015 2566 1066 2597 79.
1096 2565 1248 2598 stultitia.
1284 2566 1317 2597 S.
1338 2577 1379 2597 zu
1397 2565 1420 2607 Ι,
1439 2566 1467 2608 9,
1487 2565 1540 2598 23.
