1684 2819
149 119 229 158 245>
503 115 721 149 LtssERV.

745 117 798 157 27,
821 117 875 148 τυ.

919 116 975 156 242,
993 116 1048 147 su.
1066 116 1120 147 s1.
1143 116 1197 147 52,

151 241 215 273 aut
239 231 476 272 crocodilum
498 230 665 278 violent,
691 243 855 281 quorum
880 231 995 269 etiam
1019 230 1050 270 si
1074 228 1337 283 imprudentes
1358 227 1552 280 quidpiam

85 298 126 329 79
150 288 331 336 fecerint,
356 300 520 340 poenam
543 285 685 325 nullam
709 292 909 325 recusent.
944 286 1000 326 De
1021 285 1241 326 hominibus
1265 285 1420 337 loquor.
1454 282 1551 334 Quid

152 345 329 386 bestiae?
361 357 437 382 non
460 343 583 395 frigus
599 373 608 391 ,
643 355 721 380 non
745 341 900 389 famem,
931 355 1010 381 non
1031 343 1277 395 montivagos
1299 347 1413 394 atque
1437 340 1554 380 silve-

152 409 253 441 stres
276 413 413 439 rursus
436 398 768 450 lustrationesque
791 398 1019 451 patiuntur?
1049 412 1127 437 non
1159 412 1227 451 pro
1256 411 1326 438 suo
1357 404 1469 450 partu
1500 397 1554 436 ita

152 461 414 511 propugnant,
441 461 482 494 ut
503 455 668 494 vulnera
691 453 908 507 excipiant,
935 453 1062 493 nullos
1083 454 1249 506 impetus
1264 484 1274 502 ,
1305 453 1432 493 nullos
1455 454 1555 492 ictus

152 512 434 553 reformident?
466 510 632 560 Omitto,
669 523 767 563 quae
796 510 996 564 perferant
1018 522 1193 562 quaeque
1216 509 1414 563 patiantur
1435 508 1557 550 ambi-

153 569 242 609 tiosi
266 568 426 608 honoris
448 581 583 608 caussa
601 599 611 616 ,
647 567 771 607 laudis
801 567 966 607 studiosi
990 566 1138 619 gloriae
1160 566 1287 620 gratia
1302 596 1312 615 ,
1344 579 1477 606 amore
1500 566 1558 604 in-

153 625 261 665 censi
284 624 519 677 cupiditatis.
554 625 676 664 Plena
698 624 778 663 vita
801 623 1070 676 exemplorum
1095 630 1167 663 est.

85 696 144 741 28
270 695 345 736 Sed
367 695 547 736 adhibeat
568 694 693 735 oratio
716 694 870 735 modum
895 700 933 733 et
955 693 1087 733 redeat
1110 692 1200 732 illuc
1215 724 1224 742 ,
1258 692 1357 731 unde
1380 691 1557 731 deflexit.

90 764 131 793 *ρο
155 752 291 801 Dabit,
326 751 455 801 dabit,
487 752 660 804 inquam,
686 751 790 792 sein
814 757 1010 791 tormenta
1043 749 1122 789 vita
1154 748 1291 796 beata,
1325 761 1420 797 nec,
1449 747 1562 788 iusti-

156 809 274 857 tiam,
310 808 610 862 temperantiam
634 808 673 848 in
696 808 909 862 primisque
931 806 1223 853 fortitudinem,
1254 804 1562 858 magnitudinem

157 865 290 914 animi,
323 865 547 919 patientiam
573 872 806 919 prosecuta,
840 879 960 917 quum
981 863 1142 902 tortoris
1166 877 1208 903 os
1233 862 1399 909 viderit,
1436 861 1563 901 consi-

158 928 236 962 stet
257 921 549 974 virtutibusque
571 922 751 962 omnibus
774 922 858 962 sine
876 920 954 960 ullo
973 920 1091 959 animi
1110 926 1262 959 terrore
1280 919 1326 958 ad
1346 918 1561 958 cruciatum

159 978 344 1031 profectis
366 979 526 1018 resistet
548 986 662 1018 extra
684 980 789 1018 fores
813 981 874 1029 (ut
895 983 984 1016 ante
1014 975 1113 1026 dixi)
1146 975 1342 1027 limenque
1374 973 1561 1014 carceris.

157 1033 257 1085 Quid
281 1034 385 1073 enim
408 1048 454 1074 ea
476 1034 643 1082 foedius,
679 1034 769 1087 quid
791 1034 1004 1074 deformius
1027 1032 1109 1071 sola
1133 1031 1270 1071 relicta
1285 1062 1295 1080 ‚
1328 1044 1350 1070 a
1381 1031 1566 1070 comitatu

157 1090 423 1144 pulcherrimo
452 1092 688 1144 segregata?
720 1090 831 1141 Quod
861 1097 991 1129 tamen
1021 1088 1104 1128 fieri
1137 1087 1242 1127 nullo
1276 1094 1388 1141 pacto
1420 1093 1563 1141 potest.

159 1147 241 1188 Nec
264 1147 367 1187 enim
391 1147 557 1187 virtutes
580 1148 665 1187 sine
698 1147 812 1188 beata
845 1146 927 1186 vita
959 1145 1173 1185 cohaerere
1203 1151 1369 1198 possunt
1397 1157 1473 1185 nec
1502 1142 1567 1182 illa

94 1212 133 1244 81
159 1204 244 1245 sine
266 1204 492 1244 virtutibus.
530 1204 661 1257 ltaque
683 1218 767 1244 eam
797 1202 1057 1256 tergiversari
1087 1215 1164 1241 non
1197 1201 1328 1241 sinent
1357 1211 1569 1253 secumque

160 1261 330 1314 rapient,
356 1260 401 1299 ad
425 1274 695 1313 quemcunque
717 1262 826 1314 ipsae
848 1259 1024 1313 dolorem
1047 1258 1337 1309 cruciatumque
1361 1257 1566 1297 ducentur.

162 1316 357 1370 Sapientis
381 1324 441 1356 est
462 1317 564 1356 enim
587 1317 803 1371 proprium,
834 1316 944 1364 nihil,
980 1316 1079 1368 quod
1104 1314 1308 1369 poenitere
1331 1314 1477 1366 possit,
1515 1314 1571 1352 fa-

162 1386 274 1421 rere,
310 1372 408 1412 nihil
428 1373 620 1422 invitum,
656 1373 880 1426 splendide,
915 1378 1157 1420 constanter,
1188 1370 1379 1425 graviter,
1406 1371 1570 1410 honeste

162 1429 308 1478 omnia,
334 1428 432 1469 nihil
454 1429 507 1469 ita
530 1437 781 1484 exspectare,
806 1429 918 1482 quasi
941 1435 1048 1469 certo
1072 1431 1245 1468 futurum
1261 1458 1271 1476 ,
1297 1426 1392 1466 nihil
1407 1457 1417 1476 ,
1452 1440 1568 1479 quum

164 1485 371 1533 acciderit,
406 1486 619 1535 admirari,
653 1494 695 1526 ut
721 1486 967 1540 inopinatum
992 1499 1036 1525 ac
1060 1498 1204 1524 novum
1228 1484 1417 1524 accidisse
1440 1484 1572 1523 videa-

166 1550 244 1591 tur,
271 1542 401 1582 omuia
423 1543 468 1582 ad
493 1557 604 1582 suum
628 1543 831 1583 arbitrium
854 1543 1020 1590 referre,
1047 1541 1128 1581 suis
1151 1547 1257 1580 stare
1280 1539 1450 1580 iudiciis.
1488 1539 1574 1591 Quo

165 1599 254 1653 quid
277 1598 327 1638 sit
350 1598 517 1648 beatius,
543 1599 637 1639 mihi
660 1607 766 1639 certe
788 1600 827 1639 in
849 1606 1021 1639 mentem
1043 1597 1180 1637 venire
1204 1610 1282 1636 non
1304 1603 1447 1651 potest.

100 1664 139 1696 52
279 1654 503 1695 Stoicorum
534 1656 690 1708 quidem
720 1655 841 1697 facilis
872 1654 1072 1696 conclusio
1096 1661 1181 1703 est,
1217 1654 1280 1706 qui
1312 1667 1426 1706 quum
1458 1653 1573 1693 finem

168 1713 361 1752 bonorum
394 1725 481 1752 esse
513 1712 715 1752 senserint
747 1726 967 1765 congruere
989 1718 1152 1751 naturae
1175 1723 1341 1763 cumque
1364 1724 1410 1751 ea
1433 1723 1574 1751 conve·

213 1838 265 1867 79.
284 1838 522 1877 montivagos,
541 1837 572 1867 in
589 1836 648 1867 der
660 1835 763 1867 Prosa
782 1837 834 1867 ein

906 1848 971 1878 qne
987 1835 1076 1866 wilre
1092 1839 1158 1867 (titt
1172 1836 1362 1868 virtutibus
1376 1834 1576 1872 deutlieher,

166 1877 231 1912 “irr-
252 1881 325 1922 λεγ.
361 1879 575 1923 L'eberhaupt
598 1882 656 1912 hat
675 1881 727 1912 die
748 1880 835 1912 Rede

908 1882 948 1912 da
970 1881 1022 1912 die
1041 1880 1260 1919 Verneinung
1278 1880 1369 1920 (ner)
1390 1879 1474 1910 auch
1495 1879 1576 1910 noch

166 1928 239 1958 hier
256 1925 424 1968 poetischc
444 1925 614 1966 F'zirbung.

213 1973 398 2004 ambitiosi
426 1972 483 2002 hat
502 1981 624 2011 engere
644 1971 838 2011 Bedeutung

167 2018 216 2050 als
231 2027 333 2048 unser
349 2017 576 2058 „ehrgeizig“
594 2016 683 2058 (dies
699 2017 742 2048 ist
762 2016 840 2047 lazi-

169 2064 222 2095 (lis
249 2062 442 2103 studiosi):
471 2063 554 2102 „die
579 2063 661 2094 nach
682 2064 838 2094 Aemtern

169 2108 233 2140 und
261 2108 500 2140 Ehrenstellen
531 2107 714 2149 (honores)
746 2107 841 2139 Stre-

170 2154 349 2185 benden“.

217 2198 439 2239 cupiditatis,
470 2199 576 2241 suppl.
595 2200 736 2240 gratio.

216 2241 285 2279 ⁶28.
308 2244 362 2275 So.
384 2244 481 2284 illac,
503 2244 595 2276 unde
619 2244 776 2284 (ΙιζΙΙωτΐ,
800 2253 841 2274 zu

170 2290 229 2321 der
245 2288 325 2331 Cap.
339 2290 379 2320 245
401 2290 613 2330 begounenen
635 2289 840 2329 Darlegung,

172 2335 248 2366 (lass
290 2334 387 2366 keine
430 2335 569 2366 {iussere
613 2333 745 2366 Gewalt
789 2333 840 2365 die

173 2379 440 2420 Gliickseligkcit
465 2380 521 2411 des
540 2379 678 2411 Weisen
709 2390 749 2411 zu
768 2390 842 2411 ver-

175 2426 306 2458 nichten
333 2425 375 2457 im
395 2425 519 2457 Stande
548 2426 610 2456 sei.

220 2473 403 2509 consistet,
415 2471 466 2503 als
475 2470 671 2510 Gegentheil
686 2481 747 2501 von
761 2481 844 2512 pro-

174 2520 316 2548 secuto:
339 2517 489 2557 „stehen
511 2516 699 2547 btvibew‘:
721 2516 843 2547 ebt-nso

178 2562 321 2593 naclihei·
341 2565 493 2594 resistet.
524 2562 610 2593 Stati
633 2563 844 2593 vir-totilum·-

908 1937 949 1957 zu
969 1929 1113 1957 rexisset
1136 1926 1268 1965 geliiirt.

954 1974 994 2001 ut
1013 1974 1095 2001 ante
1116 1970 1210 2001 (Ii-ri:
1232 1970 1313 2012 Cap.
1332 1970 1363 2002 ἴ)
1385 1969 1474 2010 §13.

956 2016 1153 2054 cohaerere,
1174 2016 1237 2047 wie
1258 2015 1314 2047 ΙΙΙ.
1336 2015 1391 2055 25,
1411 2016 1467 2046 til.

956 2061 1011 2092 81.
1043 2060 1135 2101 qood
1159 2064 1343 2100 poenitet-e
1358 2062 1488 2102 possit,
1509 2059 1577 2100 vgl.

913 2106 965 2146 18,
988 2107 1042 2137 53.

957 2151 1046 2182 nihil
1080 2153 1230 2181 inritam
1252 2149 1441 2191 <Mascul.)‚
1464 2151 1579 2193 splen—

911 2197 993 2229 dide
1010 2215 1052 2218 ——
1071 2199 1202 2227 omnia.
1236 2195 1304 2227 Der
1324 2196 1501 2228 Chiasmus
1526 2206 1579 2227 er·

910 2243 992 2274 hijht
1018 2242 1078 2273 deu
1101 2240 1311 2273 Nachdruck.

958 2288 1046 2319 nihil
1056 2305 1095 2310 ——
1107 2287 1186 2319 adm
1193 2289 1296 2326 irari,
1308 2286 1374 2327 vgl.
1388 2285 1443 2317 lll.
1458 2286 1510 2324 14,
1524 2286 1577 2317 3⁴⁸.

958 2334 1013 2364 82.
1031 2335 1244 2364 senserint:
1254 2331 1472 2363 indicaverim
1478 2333 1502 2370 t,
1517 2332 1579 2361 wie

912 2379 1016 2410 Acad.
1040 2378 1063 2409 l.
1081 2381 1113 2411 ti.
1131 2378 1193 2409 22:
1215 2379 1328 2409 omnis
1347 2376 1408 2407 illa
1428 2379 1580 2418 antiqno

908 2424 1133 2466 philosophia
1158 2425 1277 2462 sensit,
1306 2424 1338 2453 in
1360 2432 1428 2453 ιιηα
1449 2423 1583 2453 virtute

914 2480 986 2501 esse*
1002 2471 1157 2511 positam
1180 2470 1315 2500 beatam
1337 2470 1457 2499 m'tam.

960 2525 1156 2555 congruere
1182 2518 1343 2545 natm-ae.
1369 2511 1442 2553 vgt.
1466 2512 1504 2543 de
1525 2512 1581 2543 fin.

917 2559 975 2591 lll.
997 2562 1029 2599 u,
1051 2560 1105 2590 241.
