1684 2819
630 167 790 200 LIBER
809 168 850 201 v.
880 169 911 209 5,
935 168 987 200 12.
1011 168 1063 200 13.
1474 168 1553 206 217

150 283 404 337 perscriptum
429 282 539 322 libris
562 282 762 332 misi1nus;
797 282 932 335 quinto
956 289 1085 322 autem
1108 281 1185 331 die,
1213 295 1330 334 quum
1353 281 1490 321 eodem
1512 281 1552 320 in

150 340 235 380 loco
258 338 587 389 consedissemus,
611 339 667 379 sic
689 346 749 379 est
770 339 1025 393 propositum,
1051 339 1097 378 de
1119 352 1194 391 quo
1217 338 1520 391 disputaremus.

261 395 319 435 A.
352 394 456 435 Non
486 394 603 434 mihi
632 395 853 444 videtur,
878 396 933 434 ad
964 395 1110 435 beate
1131 394 1402 435 vivendum
1426 394 1550 434 satis
1582 392 1608 436 5

149 464 299 505 posse
329 452 590 491 virtutem.
624 451 688 492 M.
723 451 773 491 At
796 451 954 491 hercule
976 451 1096 491 Bruto
1118 464 1205 491 meo
1227 450 1407 498 videtur,
1442 449 1553 490 cuius
1579 457 1618 489 12

149 521 221 561 ego
242 508 426 547 iudicium
443 538 452 556 ,
478 521 572 561 pace
596 515 661 547 tua
684 507 853 547 dixerim
869 539 879 557 ,
905 508 1021 560 longe
1043 514 1238 560 antepono
1261 513 1342 547 tuo.
1376 505 1437 546 A.
1462 505 1551 546 Non

150 563 296 612 dubito,
334 577 406 604 nec
427 564 464 603 id
488 578 590 604 nunc
613 563 765 616 agitur,
801 570 843 603 tu
864 563 973 602 illum
996 570 1182 615 quantum
1206 576 1337 612 ames,
1372 563 1440 602 sed
1462 561 1550 609 hoc⁷

151 621 250 673 quod
285 620 379 660 mihi
413 620 496 659 dixi
528 620 677 670 videri,
715 620 828 672 quale
850 619 925 668 sit,
961 620 1007 659 de
1029 633 1104 672 quo
1128 633 1150 659 a
1170 626 1208 659 te
1231 619 1421 672 disputari
1442 618 1549 659 volo.

149 676 213 716 M.
244 676 394 730 Nempe
425 690 569 730 negas,
605 677 651 715 ad
682 675 794 716 beate
825 675 1035 715 vivendum
1066 675 1162 715 satis
1195 688 1310 728 posse
1341 676 1554 715 virtutem?

149 730 209 771 A.
236 733 402 773 Prorsus
425 747 541 785 nego.
584 733 649 772 M.
684 731 812 782 Quid?
841 732 888 771 ad
910 738 1042 779 recte,
1069 731 1253 779 honeste,
1289 731 1551 779 laudabiliter,

149 797 347 841 postremo
381 789 428 828 ad
456 789 555 828 bene
585 788 797 828 vivendum
829 787 979 827 satisne
1009 795 1066 827 est
1098 787 1282 840 praesidii
1311 788 1351 827 in
1380 787 1555 828 virtute?

148 845 208 885 A.
235 845 350 884 Certe
372 844 482 884 satis.
516 844 580 884 ΑΙ.
606 844 722 884 Potes
744 844 867 898 igitur
888 850 980 892 aut,
1009 843 1075 896 qui
1097 844 1197 883 male
1218 844 1340 892 vivat,
1365 857 1443 882 non
1467 856 1553 882 eum

147 901 332 940 miserum
365 901 518 949 dicere,
554 907 642 948 aut,
677 913 789 953 quem
810 900 910 940 bene
942 901 1115 949 fateare,
1149 913 1235 939 eum
1267 913 1414 953 negare
1442 899 1555 940 beate

147 957 314 997 vivere?
366 957 424 997 A.
460 956 601 1007 Quidni
631 958 804 1010 possim?
835 970 923 997 nam
962 957 1077 996 etiam
1113 957 1153 995 in
1189 956 1397 995 tormentis
1430 964 1551 1005 recte,

148 1013 328 1062 honeste,
354 1013 600 1053 laudabiliter
621 1020 661 1053 et
682 1014 729 1053 ob
753 1027 837 1053 eam
859 1027 942 1053 rem
964 1012 1064 1052 bene
1084 1013 1166 1054 vivi
1184 1019 1327 1066 potest,
1348 1013 1555 1052 dummodo

147 1070 370 1122 intelligas,
407 1070 496 1122 quid
519 1084 622 1109 nunc
644 1070 767 1110 dicam
790 1070 905 1110 bene.
940 1069 1033 1109 Dico
1057 1069 1161 1109 enim
1185 1075 1436 1118 constanter,
1469 1083 1558 1122 gra-

148 1125 267 1176 viter,
294 1125 508 1179 sapienter,
535 1126 705 1166 fortiter.
741 1126 846 1166 Haec
871 1126 989 1166 etiam
1010 1126 1051 1165 in
1073 1126 1250 1166 eculeum
1274 1125 1552 1174 coniiciuntur,
1580 1133 1619 1164 13

149 1182 327 1235 quovita
351 1196 428 1221 non
451 1182 625 1235 adspirat
640 1182 767 1222 beata.
799 1183 864 1223 M.
892 1182 990 1232 Quid
1007 1182 1153 1235 igitur?
1175 1181 1310 1222 solane
1327 1181 1439 1222 beata
1457 1181 1552 1230 vita,

151 1252 313 1291 quaeso,
338 1239 573 1291 relinquitur
593 1246 707 1278 extra
731 1239 873 1279 ostium
898 1239 1093 1291 limenque
1116 1238 1303 1286 carceris,
1323 1252 1439 1290 quum
1463 1253 1556 1278 con-

151 1295 311 1344 stantia,
336 1295 511 1348 gravitas
526 1325 536 1344 ,
561 1295 746 1335 fortitudo
762 1326 772 1345 ,
809 1295 1002 1348 sapientia
1025 1295 1280 1347 reliquaeque
1301 1295 1470 1335 virtutes
1492 1309 1556 1334 ra-

149 1352 306 1404 piantur
341 1351 389 1391 ad
421 1358 609 1391 tortorem
642 1352 867 1404 nullumque
900 1358 1089 1392 recusent
1119 1365 1190 1391 nec
1221 1350 1453 1404 supplicium
1485 1364 1557 1390 nee

151 1407 354 1447 dolorem?
384 1407 444 1447 A.
471 1408 554 1455 Tu,
587 1407 620 1448 si
650 1409 738 1461 quid
772 1421 814 1449 es
838 1409 1037 1457 facturus,
1072 1421 1176 1447 nova
1198 1407 1325 1471 aliqua
1348 1406 1557 1459 conquiras

151 1471 318 1517 oportet.
354 1464 431 1504 Ista
452 1477 513 1503 me
535 1463 695 1505 minime
717 1471 903 1513 movent,
940 1478 1017 1503 non
1048 1463 1174 1504 solum
1205 1464 1294 1516 quil
1326 1464 1556 1516 pervulgata

150 1528 262 1569 sunt,
296 1520 364 1560 sed
396 1521 517 1560 multo
549 1521 698 1573 magis,
732 1521 844 1574 quia,
884 1527 1080 1573 tamquam
1110 1519 1213 1559 levia
1244 1519 1431 1572 quaedam
1462 1520 1555 1560 vina

199 1652 314 1683 eodem
337 1654 373 1682 in
393 1652 482 1683 loco.
504 1650 595 1682 wo?
621 1661 647 1682 s.
669 1650 710 1682 Il.
732 1651 763 1691 3,
785 1651 818 1682 9.

199 1701 258 1728 est*
280 1699 528 1739 propositum,
567 1706 594 1727 s.
621 1695 711 1736 1.4,
735 1697 750 1726 7
778 1706 819 1726 zu

939 1652 991 1682 13.
1004 1651 1150 1682 Haee—
1161 1652 1416 1682 coniiciuntur:
1432 1650 1561 1689 „Diese

891 1696 1154 1737 Eigenschaften
1188 1696 1303 1734 (niiml.
1332 1695 1561 1736 Standhaftig-

147 1753 290 1784 ponere,

198 1785 235 1822 5.
265 1787 317 1818 12.
349 1787 489 1818 videtur
510 1787 570 1817 mit
594 1786 665 1817 dem
686 1788 768 1818 Acc.
788 1797 818 1818 c.

152 1832 246 1864 lnfin.
266 1833 310 1864 ist
329 1832 405 1863 sehr
422 1832 544 1863 selten.
563 1831 637 1862 Liv.
656 1830 819 1863 XXXVI.

154 1878 214 1909 13:
238 1877 449 1917 Videbatur,
470 1876 678 1909 Limnaeum
700 1877 820 1908 eodemv

152 1927 308 1964 tempore
323 1925 527 1964 oppugnari
536 1932 652 1964 posse.
665 1921 822 1963 W'eniger

151 1967 307 2008 auffi‘illig
326 1968 370 1998 ist
388 1968 446 1999 der
461 1968 537 1999 Ace.
559 1978 587 1999 c.
604 1967 698 1998 Infin.
719 1972 820 1998 unten

151 2014 183 2054 S,
200 2013 241 2044 22
265 2014 307 2044 im
331 2012 680 2052 nachfolgenden
702 2012 818 2044 Satze.

194 2059 310 2090 Bruto
325 2069 413 2090 meo.
434 2057 738 2089 Schmeichelhafte
752 2058 821 2089 An-

151 2104 304 2147 spielung
334 2103 395 2135 auf
419 2103 472 2135 die
491 2103 533 2135 V.
558 2103 589 2143 l,
612 2103 625 2133 1
648 2103 819 2135 erw'ahnte

153 2148 279 2182 Schrift
305 2149 362 2180 des
379 2148 501 2180 Brutus
527 2149 568 2180 de
586 2150 734 2180 virtute.

196 2205 433 2235 nec=neque
448 2204 528 2225 vero
544 2194 712 2235 (tamen),
730 2193 821 2224 nicht

153 2240 271 2272 selten.
303 2238 394 2271 Noch
414 2239 565 2279 h'a'ufiger
582 2249 703 2281 neque.
732 2237 774 2269 So
794 2238 818 2269 Ι.

153 2286 207 2326 24,
229 2284 283 2316 58.
314 2285 410 2316 Lael.
432 2284 487 2323 22,
509 2285 570 2315 52:
593 2287 709 2316 omnia
728 2284 823 2315 alter

151 2341 218 2372 pro
245 2330 359 2362 altero
385 2332 565 2371 suscipiet,
592 2339 700 2371 neque
726 2331 822 2370 quic-

155 2386 258 2417 quam
280 2385 446 2417 umquam
468 2377 538 2406 nisi
554 2376 742 2406 honestum
770 2374 822 2405 al-

157 2424 211 2452 ter
228 2422 270 2452 ab
289 2421 402 2452 altero
421 2420 636 2461 postulabit.

201 2465 332 2508 Nempe
353 2465 560 2508 (urspriingl.
579 2480 622 2490 =
642 2464 820 2507 namque),

157 2510 219 2541 wie
247 2510 304 2542 lll.
335 2511 390 2551 20,
417 2511 473 2550 49,
500 2521 564 2542 von
590 2509 725 2549 Etwas,
755 2519 823 2540 was

156 2564 230 2585 man
265 2556 363 2588 sehon
391 2556 511 2587 weiss:
543 2556 687 2596 „also“,
717 2560 823 2586 etwas

159 2600 330 2641 spottisch.

891 1742 972 1781 keit,
986 1741 1116 1773 Wijrde
1132 1753 1164 1773 u.
1179 1741 1275 1782 s.w.)
1291 1742 1403 1772 lassen
1419 1741 1487 1772 sich
1504 1740 1565 1772 auf

891 1788 943 1818 die
962 1786 1168 1819 Folterbank
1187 1786 1433 1818 mitnehmen“.

929 1832 1135 1874 adspirat:
1145 1832 1307 1863 accedere
1321 1834 1449 1863 tentat:
1463 1831 1559 1871 „sich

889 1877 1097 1918 versteigt·‘,
1118 1876 1171 1908 bei
1190 1876 1308 1908 Cicero
1329 1887 1392 1907 nur
1409 1877 1440 1907 in
1461 1886 1562 1916 nega-

891 1923 982 1953 tiven
1013 1922 1078 1953 und
1105 1921 1334 1963 Fragesiitzen
1361 1922 1420 1953 mit
1447 1925 1559 1962 negat.

891 1967 1006 1999 Sinne.
1042 1966 1118 2007 Vgl.
1147 1967 1180 2007 9,
1204 1967 1261 2007 273
1298 1967 1390 1998 Brut.
1420 1967 1476 2007 21,
1497 1967 1558 1998 842

890 2013 1025 2044 Bellica
1053 2012 1157 2044 laude
1183 2013 1374 2055 adspirare
1399 2012 1446 2044 acl
1462 2012 1563 2054 Afri-

891 2068 1019 2090 canum
1045 2068 1146 2089 nemo
1169 2061 1311 2099 potest5
1346 2058 1380 2089 in
1399 2057 1497 2089 Verr.
1520 2055 1560 2089 V.

891 2105 946 2144 37,
960 2104 1015 2135 97:
1033 2114 1101 2144 quo
1118 2104 1169 2144 (=
1180 2103 1396 2146 Syracusas)
1410 2103 1563 2135 Cartha-

888 2151 1102 2192 giniensium
1124 2149 1408 2190 gloriosissimae
1433 2147 1562 2179 classes

891 2204 1086 2234 numquam
1113 2196 1277 2235 aspirare
1296 2197 1431 2235 potuer
1434 2196 1510 2224 unt

939 2241 1132 2280 rapiantur
1161 2239 1268 2279 „sich
1296 2239 1475 2280 schleppen
1492 2238 1562 2269 las-

893 2285 962 2316 sen‘

938 2341 967 2360 se
995 2329 1082 2371 quid
1109 2340 1144 2360 es
1162 2329 1340 2370 facturus
1367 2339 1491 2368 „wenn
1519 2328 1561 2359 du

892 2379 998 2406 etwas
1015 2384 1120 2415 gegen
1138 2374 1222 2405 mich
1243 2374 1437 2405 ausrichten
1458 2373 1559 2414 (alsoz

893 2425 998 2451 etwas
1009 2419 1200 2461 'beweisen)
1219 2419 1366 2450 willst“.

938 2476 1026 2497 nova
1053 2465 1176 2506 aliqua
1202 2474 1314 2505 „neue
1335 2462 1513 2495 Griinde“.

940 2514 1124 2553 tamquam
1167 2510 1233 2540 und
1271 2511 1375 2551 quasi
1412 2508 1559 2547 werden,

893 2566 989 2587 wenn
1009 2556 1068 2587 der
1082 2555 1192 2587 lnhalt
1209 2555 1267 2586 des
1279 2554 1396 2585 Satzes
1415 2552 1563 2584 Realit'at

895 2601 963 2641 hat,
985 2602 1049 2642 (Ξ
1067 2600 1174 2640 sieut)
1195 2600 1253 2632 mit
1273 2599 1344 2630 dem
1363 2598 1465 2630 Indic.
1488 2608 1562 2628 ver—
