1684 2819
688 169 766 201 LIB.
784 169 808 200 Ι.
847 168 937 200 CAP.
957 168 987 200 2.
1006 168 1036 200 3.
1513 169 1562 208 31

163 285 247 311 care
268 277 305 310 et
324 271 475 310 invidos
497 271 776 321 vituperatores
799 271 998 309 confutare
1019 282 1252 320 possumus,
1280 274 1323 308 ut
1343 270 1482 308 alteros
1503 284 1565 309 re-

161 327 413 380 prehendisse
433 327 643 378 poeniteat,
664 327 768 365 alteri
792 326 972 366 didicisse
994 338 1034 364 se
1056 326 1256 376 gaudeant.
1294 325 1391 364 Nam
1414 326 1479 376 qui
1496 327 1565 365 ad-

162 389 324 422 monent
345 383 476 430 amice,
499 383 663 422 docendi
687 389 796 430 sunt,
819 384 883 433 qui
904 383 1056 421 inimice
1077 382 1323 427 insectantur,
1344 383 1564 433 repellendi.

157 440 318 478 Multum
348 444 473 477 autem
501 439 658 478 fluxisse
687 440 795 478 video
824 440 870 477 de
897 439 1002 477 lihris
1029 439 1196 485 nostris,
1225 451 1324 489 quos
1345 439 1563 489 complures

157 495 263 534 brevi
286 501 460 545 tempore
481 496 690 542 edidimus,
717 496 940 546 variumque
962 507 1183 533 sermonem
1205 495 1345 545 partim
1367 495 1562 533 admiran-

157 552 267 598 tium,
294 552 397 590 unde
424 552 499 590 hoc
526 552 828 603 philosophandi
857 551 970 589 nobis
1002 551 1128 589 subito
1152 551 1323 589 studium
1345 551 1564 598 exstitisset,

157 608 318 659 partim,
349 608 440 659 quid
470 620 619 658 quaque
648 609 694 646 de
722 620 763 646 re
792 607 883 645 certi
911 607 1160 653 haberemus,
1189 607 1286 644 scire
1313 608 1561 657 cupientium.

157 664 281 703 Multis
303 665 415 703 etiam
437 664 541 702 sensi
562 664 732 702 mirabile
753 663 884 709 videri,
908 675 990 700 eam
1012 662 1125 700 nohis
1148 662 1397 712 potissimum
1419 664 1562 714 proba-

157 726 233 759 tam
270 733 354 758 esse
389 719 689 771 pffilosoplssam,
726 732 822 769 quae
857 719 981 756 lucem
1024 719 1188 769 eriperet
1213 724 1249 756 et
1276 720 1385 769 quasi
1407 725 1562 758 noctem

156 777 346 828 quandam
367 776 481 814 rebus
505 775 729 822 offunderet,
752 775 998 825 desertaeque
1020 774 1242 824 disciplinae
1263 780 1299 812 et
1319 775 1394 813 iam
1411 776 1562 826 pridem

155 833 303 870 relictae
330 830 588 881 patrocinium
616 831 889 882 necopinatum
918 844 937 868 a
959 830 1072 868 nohis
1095 843 1180 868 esse
1201 837 1439 880 susceptum.
1481 832 1561 870 Nos

154 893 278 926 autem
297 900 367 925 nec
383 887 510 925 subito
529 887 728 937 coepimus
746 887 1027 938 philosophari,
1045 899 1116 925 nec
1137 887 1370 925 mediocrem
1393 900 1413 925 a
1433 887 1560 937 primo

155 952 330 993 tempore
352 944 484 981 aetatis
514 943 552 981 in
580 956 624 981 eo
648 944 778 982 studio
809 956 967 994 operam
992 944 1199 993 curamque
1230 943 1560 993 consumpsimus,

152 1005 206 1046 et,
242 1012 360 1049 quum
389 999 547 1037 minime
579 999 818 1047 videbamur,
856 1006 937 1038 tum
972 999 1135 1037 maxime
1169 999 1559 1049 philosophabamur,

153 1056 256 1106 quod
291 1062 327 1094 et
354 1055 549 1094 orationes
580 1055 773 1094 declarant
799 1057 959 1094 refertae
989 1055 1316 1105 philosophorum
1345 1056 1559 1102 sententiis,

151 1117 188 1150 et
209 1112 526 1150 doctissimorum
547 1112 750 1150 hominum
773 1112 1055 1158 familiaritates,
1083 1111 1221 1162 quibus
1244 1124 1397 1161 semper
1418 1112 1559 1151 domus

152 1173 286 1206 nostra
308 1168 449 1213 floruit,
473 1173 510 1206 et
531 1168 726 1218 principes
745 1168 806 1215 illi,
827 1169 1030 1213 Diodotus,
1052 1168 1175 1213 Philo,
1197 1167 1423 1214 Antiochus,
1445 1168 1558 1207 Posi-

151 1224 306 1269 donius
323 1237 344 1262 a
362 1224 503 1274 quihus
521 1225 683 1263 instituti
701 1237 850 1263 sumus.
879 1225 926 1263 Et
949 1224 980 1261 si
1003 1224 1131 1262 omnia
1153 1224 1424 1274 philosophiae
1446 1237 1558 1275 prae-

150 1324 285 1356 lndem
318 1325 379 1355 ich
411 1336 504 1366 nun,
539 1325 610 1356 will
639 1324 673 1356 C.
705 1336 816 1365 sagen,

149 1369 261 1401 diese
291 1369 559 1409 Streitfrage
590 1380 637 1400 zu
667 1370 819 1401 behan-

149 1414 245 1445 ‹leln
300 1415 587 1453 unternehme,
643 1415 708 1445 bin
757 1415 817 1446 ich

149 1459 253 1490 wohl
279 1460 328 1490 im
346 1459 514 1497 Stande,
542 1460 643 1490 mich
663 1460 817 1491 deswe-

149 1513 224 1543 gen
257 1514 384 1544 gegeu
418 1504 626 1544 etwanige
660 1504 817 1536 Tadler

150 1559 166 1578 z
178 1558 198 1578 u
212 1549 304 1579 rech
315 1548 373 1579 tfe
384 1548 655 1588 rtigen.Unte1¹
668 1550 729 1580 den
744 1549 815 1580 hei-

150 1594 211 1623 den
241 1604 304 1624 nun
329 1593 562 1624 bezeichneten
587 1593 723 1625 Classen
750 1604 815 1625 von

150 1637 292 1668 Tadlern
312 1638 363 1668 die
382 1638 516 1669 Stoiker
539 1638 603 1668 und
621 1638 672 1669 die
691 1638 815 1680 Epiku-

150 1692 227 1713 reer
245 1693 285 1713 zu
302 1683 480 1714 verstehen
493 1707 500 1721 ,
519 1683 583 1713 wie
601 1682 739 1714 Mani-he
757 1693 815 1723 ge-

148 1727 242 1758 wollt
260 1727 371 1768 haben,
389 1728 432 1758 ist
450 1727 778 1759 offenbarverkehrt.

195 1772 225 1802 6.
252 1783 325 1803 eam
341 1790 385 1794 —
401 1773 654 1815 philosophiam,
675 1773 814 1803 niimlich

153 1816 397 1848 Academicum.
437 1817 596 1848 Aehnlirh
628 1817 714 1848 fiisst
748 1817 814 1848 Cic.

147 1862 247 1892 Acad.
268 1861 310 1902 H,
332 1862 388 1900 19,
409 1861 447 1892 61
469 1862 529 1892 den
548 1861 666 1892 Lucull
686 1872 726 1892 zu
744 1862 812 1893 sich

147 1916 262 1946 sagen:
291 1906 384 1938 Tune
407 1917 480 1938 eam
500 1906 746 1950 philosophiam
761 1918 813 1938 se—

146 1961 256 1992 quere,
275 1962 358 1992 quae
374 1951 553 1992 corgfmzdit
565 1961 644 1982 vera
656 1961 732 1982 cum
737 1952 814 1993 sal-

145 1997 202 2035 sis,
216 1996 340 2038 spoliat
350 2007 411 2027 uos
424 1996 558 2035 iudicio,
566 1999 679 2038 privat
690 2008 731 2039 ap
734 2007 814 2039 pro-

145 2042 291 2083 batione,
326 2042 478 2073 omuibus
512 2041 609 2073 orbat
636 2043 814 2073 sensibus?

144 2103 188 2108 —
216 2085 263 2116 Zn
282 2087 343 2117 den
365 2086 505 2118 worten
524 2096 607 2127 quae
623 2086 731 2117 lucem.
749 2089 813 2118 eri—

141 2134 240 2174 peret
255 2131 317 2161 den
332 2131 430 2162 Dativ
444 2132 544 2163 rebus
562 2132 604 2162 im
618 2130 810 2171 Folgendeu

144 2186 185 2206 zu
199 2176 325 2216 ziehen,
343 2176 616 2207 verbietetschon
630 2176 680 2207 die
692 2176 809 2208 &Vort-

146 2221 300 2261 stellung.
349 2220 518 2252 Vielmehr
551 2221 595 2252 ist
624 2221 683 2252 der
711 2221 811 2253 Dativ

144 2265 235 2296 eines
268 2266 498 2307 persiinlichen
530 2265 683 2306 Objects,
717 2268 811 2298 nobis

145 2310 224 2341 oder
267 2311 474 2349 hominibus,
525 2311 810 2342 hinzuzudenken.

144 2353 219 2394 Vgl.
237 2354 338 2386 Acad.
358 2355 393 2397 ll,
416 2356 466 2394 10,
485 2355 541 2386 30:
567 2355 648 2397 quid
662 2357 809 2397 eumfa-

145 2402 278 2431 ciarzmz
304 2403 421 2443 putem
443 2401 483 2432 de
504 2400 626 2432 abditis
654 2402 755 2432 rebus
780 2404 813 2432 et

147 2445 306 2486 obscuris,
321 2447 378 2487 (μή
391 2445 494 2477 lacem
509 2446 641 2488 eripere
651 2448 810 2478 conetur?

148 2488 187 2519 ib.
207 2500 233 2520 c.
255 2489 306 2529 32,
329 2490 407 2521 105:
427 2501 491 2522 uon
510 2491 601 2521 enim
619 2490 723 2522 lucem
743 2493 808 2522 eri-

145 2534 277 2575 pae'mus;
296 2535 356 2567 sed
368 2546 416 2575 ea,
431 2546 516 2577 quae
528 2545 586 2566 ros
596 2537 736 2578 percipi,
752 2547 808 2567 ea-

147 2576 220 2609 dem
237 2589 298 2610 nos
316 2580 420 2612 videri
440 2580 592 2612 dicimus.
611 2591 642 2611 u.
663 2580 742 2611 103:
767 2582 807 2613 ab

891 1324 1076 1356 Academia
1093 1335 1213 1356 sensas
1237 1326 1332 1367 eripi.
1363 1324 1404 1356 cf.
1424 1324 1495 1356 Liv.
1515 1325 1558 1365 X,

891 1368 950 1401 32:
974 1369 1094 1401 nebula
1117 1372 1191 1401 erat
1206 1388 1249 1392 —
1268 1370 1372 1401 denso
1396 1370 1495 1410 adeo,
1523 1374 1559 1402 ul

889 1414 972 1446 lucis
990 1425 1088 1446 usmn
1108 1416 1261 1457 eriperet.

935 1460 1152 1501 desertaeque
1169 1459 1370 1502 disciplinae.
1406 1459 1438 1491 S.
1457 1464 1557 1492 unten

893 1515 919 1534 c.
939 1505 968 1545 5,
991 1505 1041 1535 11.

934 1549 1116 1589 Diodotus,
1135 1548 1278 1589 Stoiker,
1298 1549 1387 1580 lebte
1405 1550 1556 1581 mehrere

890 1594 989 1624 Jahre
1015 1594 1056 1624 im
1074 1593 1181 1625 Hause
1208 1594 1265 1624 des
1285 1594 1415 1636 Cicero,
1440 1595 1501 1625 den
1520 1605 1557 1625 er

889 1639 970 1669 auch
990 1649 1062 1669 zum
1081 1638 1189 1669 Erben
1215 1639 1322 1670 seines
1348 1639 1437 1671 nicht
1452 1639 1555 1671 unbe-

889 1683 1073 1714 deutendeu
1091 1683 1292 1716 Nachlasses
1312 1684 1488 1715 einsetzte.

933 1728 1029 1760 Philo
1058 1738 1116 1759 aus
1140 1728 1291 1769 Larissa,
1320 1728 1554 1770 Akademiker,

888 1773 1043 1804 ssiichtete
1062 1773 1102 1803 im
1118 1773 1402 1805 Mith1·idatis‹·hen
1420 1773 1554 1814 Hriege,

888 1816 968 1856 666,
993 1827 1051 1847 aus
1070 1817 1178 1848 Athen
1203 1819 1282 1849 nach
1309 1817 1406 1858 Rom,
1430 1829 1481 1849 wo
1500 1818 1554 1850 Ci-

887 1872 981 1902 cero,
1006 1862 1068 1892 wie
1093 1872 1131 1893 er
1159 1862 1264 1894 selbst
1288 1862 1378 1894 Brut.
1404 1863 1459 1904 89,
1491 1863 1554 1894 306

887 1912 976 1947 sagt,
1007 1909 1114 1939 toi-um
1139 1918 1176 1939 se
1197 1910 1229 1939 ei
1250 1908 1400 1939 tradidit.
1441 1909 1488 1940 Er
1512 1909 1555 1940 ist

886 1953 946 1983 der
974 1952 1077 1983 letzte
1102 1952 1265 1984 namliafte
1289 1952 1468 1984 Vertreter
1495 1954 1555 1984 der

884 1997 1147 2029 Akademischen
1167 1997 1386 2039 Philosophie.
1416 1998 1555 2030 Philone

884 2044 956 2074 viro
990 2044 1217 2084 patrocinium
1247 2043 1451 2075 Academiae
1487 2054 1551 2076 non

885 2087 1006 2128 defuit,
1026 2092 1099 2128 sagt
1112 2087 1177 2118 Cic.
1197 2087 1299 2118 Acad.
1318 2087 1353 2129 Il,
1375 2088 1403 2129 6,
1425 2088 1476 2119 17.

929 2133 1137 2169 Antiochus,
1175 2143 1235 2163 aus
1268 2133 1428 2172 Ascalon,
1462 2142 1554 2164 zwar

886 2176 1026 2208 Schiiler
1049 2178 1105 2208 des
1131 2176 1242 2217 Philo,
1266 2177 1347 2208 aber
1369 2178 1459 2209 nicht
1482 2178 1552 2209 sein

884 2221 1095 2262 Nachl'olger.
1134 2221 1225 2252 Denn
1255 2232 1291 2252 er
1319 2222 1460 2253 verliess
1489 2223 1551 2254 den

884 2266 1394 2308 AkademischenSkepticismus
1408 2268 1472 2298 und
1488 2267 1550 2299 bil-

883 2312 958 2342 dete
977 2312 1045 2342 sich
1064 2311 1115 2342 ein
1135 2311 1375 2352 eklektisches,
1396 2322 1455 2343 aus
1473 2312 1550 2344 Pla-

884 2356 1063 2396 tonischen,
1082 2356 1358 2387 Aristotelischen
1376 2358 1442 2388 und
1459 2357 1550 2388 Stoi-

884 2402 981 2432 seben
1006 2401 1136 2432 Lehren
1161 2402 1359 2441 gemischtes
1391 2402 1551 2441 dogmati-

883 2447 977 2477 sches
1008 2446 1151 2488 System.
1191 2446 1265 2485 vgl.
1296 2446 1397 2477 Acad.
1421 2446 1464 2488 ΙΙ,
1495 2446 1548 2486 22,

883 2490 923 2521 69
942 2502 972 2522 u.
992 2490 1060 2522 bes.
1081 2490 1212 2531 Madvig
1235 2490 1333 2522 Vorr.
1360 2502 1402 2522 zu
1426 2491 1491 2523 Cic.
1510 2492 1548 2522 de

881 2535 975 2567 Finn.
993 2547 1024 2578 p.
1043 2535 1081 2566 61
1103 2536 1135 2567 ff.

926 2581 1130 2613 Posidonius
1147 2591 1206 2613 aus
1220 2581 1363 2623 Apamea
1380 2581 1412 2612 in
1427 2580 1547 2623 Syrien
