1684 2819
618 185 695 218 [ΑΒ.
714 185 736 218 1.
773 186 864 219 CAP.
884 186 913 218 3.
935 187 971 218 4:
1447 186 1498 226 33

97 291 201 343 quod
229 290 268 328 in
295 288 605 327 deliberationem
629 288 744 327 cadit:
774 288 812 327 in
840 301 915 340 quo
939 288 1220 328 considerando
1245 300 1358 338 saepe
1379 287 1498 327 animi

93 349 132 386 in
154 344 364 386 contrarias
388 345 596 383 sententias
619 345 895 384 distrahuntur.
935 345 1034 383 Tum
1056 353 1182 384 autem
1204 349 1267 383 aut
1287 344 1498 395 anquirunt

93 409 157 442 aut
178 401 399 441 consultant
419 400 464 439 ad
482 401 577 439 vitae
595 401 909 440 commoditatem
928 401 1290 451 iucunditatemque,
1314 401 1359 439 ad
1379 400 1498 439 sacul-

93 464 189 498 tates
217 470 345 496 rerum
376 462 488 507 atque
517 457 668 508 copias,
698 457 744 496 ad
767 470 879 509 opes,
909 458 955 496 ad
978 458 1210 509 potentiam,
1241 457 1379 508 quibus
1402 461 1438 495 et
1460 469 1500 495 se

93 514 250 566 possint
276 514 403 552 iuvare
431 519 468 551 et
495 526 610 560 suos,
639 514 830 553 conducat
856 514 892 552 id
924 526 1061 560 necne,
1092 514 1137 552 de
1167 526 1244 564 quo
1267 513 1498 552 deliberant:

95 584 191 622 quae
213 570 435 609 deliberatio
460 570 586 608 omnis
619 570 659 608 in
680 571 870 609 rationem
892 570 1062 608 utilitatis
1086 569 1194 608 eadit.
1232 569 1405 608 Tertium
1429 569 1500 607 du-

95 627 240 665 bitandi
262 638 381 677 genus
404 631 482 672 est,
513 639 600 665 euin
630 638 801 677 pugnare
829 626 978 665 videtur
1004 639 1091 664 cum
1121 627 1285 664 honesto
1309 626 1365 671 111,
1397 625 1501 676 quod

96 684 246 722 videtur
280 689 366 720 esse
400 682 499 720 utile.
548 683 644 721 Cum
672 682 775 722 enim
802 682 947 721 utilitas
975 683 1021 720 ad
1056 695 1096 719 se
1130 694 1281 732 rapere,
1316 682 1501 719 honestas

97 745 230 778 contra
257 751 435 777 revocare
464 738 509 776 ad
538 751 577 776 se
599 739 766 783 videtur,
796 739 837 776 fit
864 744 905 776 ut
927 738 1161 776 distrahatur
1188 738 1226 775 in
1256 737 1499 776 deliberando

96 796 247 834 animus
282 795 499 844 adferatque
532 794 737 844 ancipitem
773 807 903 832 curam
931 794 1134 844 cogitandi.
1185 794 1264 832 Hac
1302 794 1500 839 divisione⁷

95 864 183 890 cum
212 849 424 901 praeterire
453 849 593 901 aliquid
623 850 834 888 maximum
867 850 998 888 vitium
1029 850 1065 887 in
1096 849 1299 888 dividendo
1329 849 1396 895 sit,
1425 850 1501 887 dno

95 905 367 958 praetermissa
396 911 497 944 sunt.
540 906 618 944 Nec
646 907 749 944 enim
778 906 904 945 solum
932 911 1062 944 utrum
1089 906 1298 943 honestum
1322 917 1369 943 an
1392 910 1503 956 turpe

97 963 145 1001 sit
173 962 372 1002 deliberari
394 962 508 1009 solet,
536 962 602 1000 sed
625 962 737 1001 etiam
761 962 913 1001 duobus
935 961 1150 1012 propositis
1173 961 1347 1000 honestis
1369 967 1500 999 utrum

96 1019 314 1064 honestius,
337 1019 504 1069 itemque
526 1019 680 1057 duobus
702 1019 916 1070 propositis
933 1018 1089 1057 utilibus
1106 1023 1238 1056 utrum
1254 1017 1397 1056 utilius.
1435 1017 1502 1063 Ita⁷

98 1088 214 1128 quam
236 1075 293 1114 ille
314 1075 503 1125 triplicem
526 1075 669 1125 putavit
690 1088 774 1113 esse
795 1076 996 1120 rationem,
1019 1074 1059 1112 111
1081 1075 1249 1125 quinque
1270 1080 1399 1124 partes
1422 1073 1503 1112 dis—

98 1132 213 1170 tribui
242 1132 378 1170 debere
406 1131 606 1181 reperitur.
649 1131 822 1170 Primum
845 1131 959 1181 igitur
979 1136 1036 1169 est
1058 1131 1103 1168 de
1125 1131 1310 1175 honesto,
1341 1129 1409 1168 sed
1431 1130 1503 1167 du—

100 1188 263 1239 pliciter,
293 1195 375 1226 tum
401 1187 485 1237 pari
506 1187 655 1226 ratione
677 1188 724 1225 de
744 1188 846 1233 utili,
874 1192 966 1238 post
987 1187 1032 1225 de
1055 1186 1346 1236 comparatione
1368 1197 1504 1224 eorum

101 1244 381 1283 disserendum.

211 1299 405 1350 Principio
436 1299 563 1350 generi
591 1299 844 1338 animantium
872 1299 977 1337 omni
1009 1304 1067 1337 est
1095 1312 1114 1336 a
1142 1304 1276 1337 11311113
1304 1298 1503 1343 tributum,

100 1361 140 1395 111
157 1369 209 1403 se,
230 1356 342 1395 vitam
362 1368 581 1406 corpusque
603 1361 763 1403 tueatur,
786 1355 946 1394 declinet
967 1368 1021 1401 ea,
1043 1367 1137 1405 quae
1158 1355 1332 1393 nocitura
1350 1354 1504 1391 videan-

100 1419 180 1458 tur,
212 1412 435 1463 omniaque,
466 1425 561 1463 quae
589 1412 665 1451 sint
693 1413 738 1450 ad
765 1412 970 1450 vivendum
998 1411 1236 1456 necessaria,
1266 1410 1443 1461 anquirat
1470 1414 1506 1447 et

102 1474 219 1519 paret,
241 1474 282 1506 ut
303 1474 469 1518 pastum,
492 1473 533 1505 ut
554 1467 717 1514 latibula,
739 1472 781 1506 ut
803 1468 873 1507 3113
895 1468 1047 1518 generis
1071 1467 1255 1505 eiusdem.
1291 1465 1506 1505 Commune

104 1530 230 1563 autem
247 1524 497 1562 animantium
517 1525 691 1562 omnium
710 1523 1062 1562 estconiunctionis
1076 1520 1507 1574 appetitusprocreandi

105 1594 217 1620 causa
244 1586 280 1619 et
308 1593 397 1619 cura
427 1580 614 1630 quaedam
642 1593 795 1625 eorum,
823 1593 918 1631 quae
946 1585 1144 1630 procreata
1175 1579 1261 1617 sint.
1305 1578 1378 1616 Sed
1409 1577 1508 1616 inter

105 1636 305 1675 hominem
342 1642 378 1675 et
404 1636 555 1674 beluam
582 1636 659 1675 hoc
685 1637 850 1675 maxime
877 1636 1053 1681 interest,
1091 1635 1196 1686 quod
1226 1636 1318 1673 haec
1344 1639 1505 1679 tantum,

107 1698 294 1744 quantum
317 1705 435 1731 sensu
457 1698 644 1739 movetur,
666 1693 714 1731 ad
732 1693 770 1731 id
788 1693 930 1739 solum,
955 1693 1058 1743 quod
1077 1692 1184 1730 adest
1201 1692 1380 1742 qnodque
1398 1703 1509 1741 prae-

106 1795 252 1834 chungen
285 1803 348 1824 von
378 1793 436 1824 der
465 1793 770 1835 Regelmiissigkeit,

890 1787 930 1825 4.
964 1792 1014 1823 11.
1043 1792 1110 1823 Fiir
1134 1792 1193 1823 den
1210 1791 1315 1823 lnhalt
1332 1792 1390 1822 des
1408 1789 1511 1832 Rapi-

104 1850 157 1870 um
185 1839 238 1870 die
260 1838 350 1870 Rede
379 1839 470 1869 mehr
497 1838 568 1869 dem
598 1837 690 1869 'rone
714 1839 773 1869 der

844 1838 909 1869 tels
935 1848 960 1868 s.
987 1837 1073 1868 Einl.
1100 1838 1139 1868 de
1164 1837 1216 1867 1111.
1240 1836 1282 1867 111
1306 1847 1334 1867 c.
1359 1837 1389 1866 5.
1414 1836 1508 1875 Diog.

105 1883 408 1924 Umgangssprache
429 1892 645 1924 anzupassen,
664 1882 772 1914 finden

105 1929 174 1960 sich
200 1927 397 1959 narnentlich
420 1927 451 1958 in
471 1928 531 1958 den
551 1927 771 1968 dialogischen

104 1973 268 2005 Schriften
278 1973 412 2004 Ciceros
421 1973 609 2012 unziihlige:
622 1971 643 2011 1,
658 1972 707 2011 14,
717 1972 770 2004 44.

149 2021 210 2050 aut
220 2019 407 2060 anquirunt
416 2020 476 2049 aut
489 2017 699 2049 consultant:
713 2029 773 2049 (m-

105 2066 238 2105 quz'rcre
262 2064 340 2103 geht
356 2062 415 2093 auf
429 2063 485 2093 das
503 2062 694 2093 Aussuchen
712 2063 772 2094 der

106 2108 251 2147 Griinde,
262 2107 453 2139 consultare
462 2107 619 2138 bedeutet
629 2108 698 2147 ,11111
706 2108 774 2139 sich

106 2152 258 2184 zuRathe
271 2152 399 2193 gehen‘.
419 2152 479 2183 Die
489 2151 679 2194 Synonyma
688 2162 774 2183 wer-

107 2199 168 2229 den
183 2198 284 2228 durch
299 2200 360 2228 aut
371 2215 408 2218 —
426 2199 486 2228 aul
505 2197 693 2227 verbunden
712 2198 774 2228 wie

106 2242 129 2281 1,
153 2242 203 2279 14,
223 2242 265 2272 44
282 2252 380 2283 quam
399 2244 461 2272 aut
475 2241 624 2272 libertati
637 2245 698 2273 aut
714 2242 775 2273 leo-

105 2289 241 2319 nestatzss.
258 2286 312 2323 20,
327 2287 369 2317 66
387 2289 448 2317 aut
462 2286 628 2317 admzrari
643 2289 706 2318 avt
719 2297 778 2330 op-

109 2335 182 2364 tare
198 2335 260 2364 aut
275 2334 448 2375 eal-petere.

152 2388 288 2420 rapere,
315 2376 494 2416 gleichsam
521 2375 624 2407 wider
648 2374 774 2407 Willen

111 2422 170 2453 der
194 2421 370 2453 Menseheu
394 2421 452 2452 mit
475 2421 542 2452 sich
565 2420 773 2453 fortreissen.

112 2476 280 2507 revocare,
299 2477 339 2497 zu
358 2466 417 2496 der
434 2465 592 2506 richtigen
613 2466 697 2497 Bahn
717 2477 777 2497 zu-

112 2511 303 2542 riickrufen.

159 2556 210 2586 10.
235 2557 434 2598 afferatque,
448 2566 492 2587 se.
507 2556 553 2587 ad
566 2555 778 2589 deliberatio-

111 2610 197 2632 718711.

185 2653 243 2681 eie.
257 2653 290 2679 de
304 2654 379 2682 offic.

845 1883 957 1915 Laert.
978 1882 1045 1919 Vll,
1065 1881 1118 1913 St).

891 1928 1073 1970 Principio,
1084 1928 1112 1958 d.
1123 1927 1142 1958 i.
1159 1930 1238 1958 ante
1252 1928 1373 1965 οηοηίἀ,
1389 1936 1440 1956 11111
1454 1925 1510 1956 113-

846 1973 903 2004 11111
920 1972 1138 2013 anzufangen.
1159 1971 1180 2012 1,
1197 1971 1250 2008 35,
1269 1971 1330 2002 126
1345 1972 1513 2014 principio

845 2020 998 2061 corporis
1014 2027 1175 2059 ‘mag-nam
1193 2016 1315 2048 nalum
1331 2018 1407 2059 ipsa
1423 2016 1514 2046 vide-

847 2066 904 2095 tur
920 2063 1078 2094 habuisse
1094 2064 1271 2094 rationem..
1303 2061 1341 2091 lli
1360 2060 1392 2102 ξ.
1412 2060 1467 2091 21.

890 2118 1065 2139 commuue
1087 2109 1190 2138 item.-
1218 2106 1290 2136 hier
1313 2105 1414 2136 findet
1437 2105 1512 2136 kein

848 2151 1035 2192 Gegensatz
1054 2156 1150 2191 statt,
1173 2151 1317 2181 sondern
1339 2150 1390 2181 ein
1410 2159 1512 2180 neues

848 2197 943 2229 Glied
967 2196 1141 2228 det-selben
1160 2195 1222 2227 Art
1245 2195 1329 2225 wird
1353 2195 1513 2234 hinzuge-

846 2242 932 2283 ffigt,
957 2244 1087 2279 autem,
1113 2250 1182 2271 was
1201 2240 1252 2270 die
1276 2240 1373 2271 Hdss.
1396 2239 1511 2278 haben,

847 2287 931 2318 kann
946 2287 1047 2317 daher
1061 2287 1150 2317 nicht
1162 2286 1290 2316 stehen.
1318 2284 1383 2316 wo
1401 2287 1515 2316 autem

849 2342 885 2363 so
909 2331 963 2362 fiir
982 2341 1104 2374 porro,
1132 2332 1325 2374 praeterea,
1353 2332 1432 2361 item
1456 2339 1515 2369 ge—

848 2377 985 2408 braucht
1002 2376 1139 2415 scheint,
1159 2376 1203 2406 ist
1216 2374 1287 2406 dies
1307 2385 1368 2405 nur
1386 2374 1515 2405 sehein-

848 2421 923 2462 bar,
949 2421 1013 2452 und
1039 2425 1124 2452 stets
1147 2420 1228 2451 auch
1248 2420 1306 2450 ‹ler
1324 2419 1514 2458 Gegensabz

848 2467 879 2497 in
893 2467 1014 2498 andrei·
1029 2466 1214 2504 Beziehung
1231 2465 1282 2503 da,
1299 2464 1362 2503 vgl.
1377 2474 1407 2494 z.
1418 2463 1449 2505 ξ.
1464 2463 1514 2494 17.

893 2511 983 2552 quod
1015 2510 1126 2551 adest,
1168 2509 1319 2551 quodque
1350 2519 1516 2551 praesens

848 2559 917 2587 est:
947 2565 1110 2598 praesens
1128 2555 1219 2586 dient
1237 2554 1299 2584 den
1320 2553 1445 2593 Begriff
1458 2553 1516 2584 des

850 2600 1129 2641 Gegenw‘artigeu
1170 2600 1202 2630 in
1252 2598 1413 2630 b'rtlieher
1453 2597 1517 2629 und

1233 2653 1251 2685 3

1530 799 1568 830 10
