1684 2819
137 707 176 739 73
207 701 355 763 peccari
377 700 511 751 vulgus
534 675 738 738 hoininum
760 701 849 738 lor‘t
851 712 926 738 isse
946 712 1027 738 non
1048 706 1166 751 putet.
1215 701 1346 752 Neque
1366 701 1468 740 enim
1491 701 1537 739 de
1558 700 1613 739 si—

211 148 289 187 192
779 145 835 176 nE
861 144 1043 178 urricus

138 260 177 291 72
209 254 279 288 est.
320 248 377 287 Ex
397 260 473 298 quo
495 246 741 297 intellegitur,
770 246 955 297 quoniam
977 246 1071 286 iuris
1093 252 1231 287 natura
1251 250 1339 288 fons
1361 248 1427 295 sit,
1454 248 1530 287 hoc
1551 260 1612 287 se-

206 304 375 344 cundum
402 309 579 342 naturam
607 315 709 350 esse,
736 303 929 341 neminem
952 303 989 342 id
1011 316 1122 354 agere
1145 310 1186 343 ut
1206 317 1251 343 ex
1271 305 1425 345 alterius
1448 304 1612 355 praede-

208 367 268 401 tur
295 360 454 400 inscitia.
496 360 575 399 Nec
602 359 676 398 ulla
698 359 886 410 pernicies
908 360 1002 399 vitae
1023 361 1148 400 maior
1167 361 1328 400 inveniri
1347 367 1477 412 potest
1497 373 1613 412 quam

206 418 245 457 in
278 417 420 457 malitia
454 416 646 456 simulatio
680 416 981 467 intellegentiae,
1019 429 1063 455 ex
1098 430 1174 468 quo
1212 417 1285 457 ista
1320 417 1613 459 innumerabilia

205 478 436 521 nascuntur,
473 480 514 512 ut
548 473 652 512 utilia
679 485 767 511 cum
793 473 967 512 honestis
995 486 1166 524 pugnare
1193 474 1406 514 videantun
1461 475 1612 521 Quotus

206 531 307 570 enim
336 531 500 581 quisque
526 529 739 581 reperietur
768 530 831 580 qui
859 529 1086 580 impunitate
1114 536 1149 569 et
1173 531 1415 581 ignoratione
1437 531 1612 570 omnium

206 587 407 639 proposita
428 587 619 625 abstinere
640 586 768 637 possit
789 585 956 625 iniuria?

318 644 392 682 Pei
395 643 601 691 ichtcmui
629 643 660 681 si
687 643 827 694 placet,
855 642 893 681 in
920 642 965 682 iis
996 643 1150 694 quidem
1177 645 1380 696 exemplis,
1410 644 1449 683 in
1471 643 1612 695 quibus

205 757 335 803 castis,
358 756 553 804 veneticis,
581 756 898 803 testamentaiiis‚
928 757 1094 804 s·ulibus,
1122 758 1410 808 peculatoribus
1431 757 1612 796 hocloco

205 814 475 853 disserendum
497 819 566 860 est,
589 813 653 865 qui
673 825 753 851 non
776 813 898 852 verbis
918 819 1008 852 sunt
1024 819 1061 852 et
1076 789 1337 865 disputatione
1354 814 1613 865 philosopho-

205 883 312 918 rum,
348 870 414 909 sed
442 870 575 909 vinclis
609 876 645 909 et
677 882 826 908 carcere
858 870 1054 920 tatigandi,
1093 871 1159 909 sed
1188 871 1281 910 haec
1308 871 1613 917 consideremus,

206 940 302 978 quae
331 927 473 965 faciunt
500 926 542 973 ii,
573 926 636 977 qui
664 926 854 965 habentur
882 927 986 965 boni.
1027 928 1068 966 L.
1092 927 1249 966 Minucii
1270 928 1382 967 Basili
1409 926 1611 978 locupletis

204 982 375 1021 hominis
405 983 544 1021 falsum
571 988 844 1021 testamentum
873 983 1027 1033 quidam
1056 997 1075 1022 e
1098 984 1252 1023 Graecia
1279 983 1442 1022 Romam
1473 983 1611 1022 attule—

205 1044 305 1079 runt.
349 1039 461 1086 Quod
487 1052 563 1090 quo
593 1038 738 1078 facilius
768 1039 1005 1087 obtinerent,
1035 1041 1276 1092 seripserunt
1296 1040 1457 1079 heredes
1480 1052 1611 1079 seeum

205 1096 253 1135 Μ.
277 1096 460 1135 Crassum
489 1102 527 1135 et
549 1096 593 1142 Q.
617 1096 888 1143 Hortensium,
918 1096 1094 1136 homines
1124 1097 1295 1137 eiusdem
1320 1097 1451 1137 aetatis
1472 1103 1612 1148 poten-

204 1153 398 1192 tissimos:
429 1152 493 1203 qui
522 1165 608 1191 cum
637 1153 726 1191 illud
756 1153 892 1191 salsum
916 1166 1002 1192 esse
1030 1154 1347 1209 suspicarenturZ
1384 1154 1456 1193 sibi
1485 1159 1611 1193 autem

204 1209 344 1248 nullius
372 1214 503 1248 essent
530 1209 675 1248 conscii
705 1209 854 1260 culpae,
882 1209 991 1249 alieni
1019 1210 1200 1250 facinoris
1228 1211 1504 1251 munusculum
1531 1222 1612 1248 non

204 1266 510 1317 repudiaverunt.
553 1266 656 1312 Quid
684 1264 805 1317 ergo?
835 1266 933 1305 satin
962 1273 1019 1306 est
1039 1268 1132 1313 hoc,
1164 1273 1306 1307 utnon
1328 1267 1534 1319 deliquisse
1554 1266 1610 1304 vi—

204 1321 394 1362 deantur?
433 1322 523 1361 Mihi
552 1323 705 1373 quidem
733 1334 812 1361 non
842 1323 1009 1371 videtur,
1037 1337 1270 1375 quamquam
1297 1325 1457 1364 alterum
1485 1323 1611 1363 vivum

203 1447 300 1488 le‘mn,
331 1457 395 1489 qua
416 1449 516 1490 parte
540 1447 580 1479 (Ie
602 1449 777 1490 nmncipe'is
794 1458 870 1479 ren-

203 1492 324 1524 dundis
356 1494 494 1524 cautum
526 1495 590 1533 est,
626 1494 792 1535 scriplum
825 1495 871 1524 sic·

193 1538 293 1579 suit:
315 1536 446 1570 Titulus
463 1548 639 1570 servorum
657 1538 871 1579 singulm-mn

203 1584 352 1626 scriptus
369 1584 417 1614 sit
440 1586 556 1615 curato
571 1585 634 1625 ita,
665 1587 702 1615 ut
722 1583 875 1626 Intellegt'

203 1630 292 1660 recte
306 1630 418 1671 possit
423 1653 431 1670 ,
456 1628 536 1670 quid
550 1629 661 1661 ‘morbi'
675 1629 786 1660 vitiive
803 1631 870 1661 em?-

203 1684 265 1716 (μω
286 1674 347 1715 sit,
375 1675 447 1716 quis
466 1675 646 1716 fugitivas
675 1684 792 1706 errove
815 1676 869 1714 sit,

202 1729 353 1750 noa-aere
380 1719 512 1751 solutus
540 1730 605 1751 non
635 1721 689 1751 sit.
742 1719 870 1751 Daraus

203 1764 281 1803 geht
311 1764 448 1804 hervor,
479 1765 555 1796 dass
585 1764 752 1806 desurlt's
782 1765 871 1796 nicht

204 1809 322 1850 heisst,
353 1809 392 1840 ob
411 1820 448 1840 er
469 1810 615 1841 diebisch
635 1810 696 1848 ist,
727 1811 870 1841 sondern

204 1853 244 1884 ob
274 1864 311 1884 er
340 1854 425 1885 nicht
456 1855 555 1885 durch
589 1855 760 1886 Diebstahl
791 1856 871 1886 oder

204 1898 350 1938 sonstigc
372 1898 495 1939 Unbill,
512 1910 621 1941 amru,
644 1900 760 1939 irgcnd
779 1901 871 1932 cinei·

202 1943 329 1975 Person
345 1944 479 1984 obligirt
493 1945 550 1985 sci,
565 1945 708 1975 wclchcr
723 1955 759 1975 er
775 1946 870 1976 nach-

202 1989 262 2020 her
274 1989 491 2029 ausgeliel'ert
504 1990 637 2020 werden
654 1990 774 2021 iniisse.
794 1990 869 2030 x‘gl.

202 2033 233 2075 ξ.
254 2033 307 2065 92.

248 2079 301 2110 72.
328 2079 499 2112 heredum.
526 2080 624 2111 Diese
640 2080 784 2112 konnten
801 2080 868 2111 sich

202 2124 302 2155 durch
323 2124 547 2157 Unkenntniss
573 2125 632 2156 der
651 2125 771 2157 Feliler
796 2130 868 2157 ent-

202 2169 404 2210 schuldigen.

248 2216 315 2246 ista
333 2216 605 2258 iuuanterabile'a,
620 2215 700 2256 jcne
719 2216 868 2247 unziilili—

202 2270 263 2299 gen
283 2259 388 2300 Fiille,
407 2261 467 2292 der
480 2261 652 2292 Ausdruck
672 2261 753 2292 wird
768 2262 869 2292 durch

202 2305 262 2336 den
279 2305 358 2336 Sutz
376 2306 434 2337 mit
450 2309 536 2338 enim
556 2306 718 2338 erliiutcrt
736 2308 799 2338 und
815 2307 870 2338 be-

202 2350 355 2389 griindet.

253 2389 318 2427 18.
346 2396 399 2427 73.
424 2396 676 2429 J’e1·1·cle·temm·.·
693 2397 732 2428 dc
747 2397 810 2428 div.
830 2396 866 2437 H,

206 2441 259 2472 45.
293 2441 333 2471 97
369 2442 616 2485 quadringenta
648 2445 869 2485 septuag-inm

203 2486 294 2517 ‘milia
316 2498 484 2519 (umorum
506 2489 540 2519 in
561 2488 700 2531 peric!
706 2490 738 2519 1¹!
746 2487 868 2519 andis

204 2531 488 2575 e.1·pe1·i1172d1‘sqzlo
513 2535 630 2576 pneris
654 2552 692 2556 —
725 2532 868 2576 Babylo-

200 2579 274 2608 nios
290 2579 458 2620 posuisse.
473 2596 517 2601 —
531 2578 611 2610 Hier
623 2588 713 2610 muss
727 2588 799 2610 man
818 2578 867 2610 als

945 1448 1064 1489 Objcct
1096 1448 1263 1489 ergfinzffli
1304 1449 1476 1480 veritatem
1511 1448 1610 1480 liuius

944 1506 960 1526 s
964 1505 1001 1525 en
1007 1496 1058 1525 ten
1064 1496 1139 1525 tiae.

978 1548 1181 1590 fungendi:
1224 1548 1308 1580 Non.
1338 1558 1368 1590 p.
1389 1547 1453 1579 310
1483 1547 1611 1580 erkliirt

945 1594 1015 1625 dies
1033 1594 1134 1625 durch
1152 1595 1315 1636 cohibere,
1333 1594 1497 1626 coercere.

988 1646 1025 1678 L.
1042 1647 1210 1680 Minucius
1223 1647 1357 1679 Basilus
1372 1648 1416 1679 ist
1432 1647 1519 1678 nicht
1532 1647 1611 1678 wei-

945 1696 996 1724 tcr
1013 1692 1166 1725 bekannt.
1206 1693 1384 1725 Yielleicht
1407 1693 1450 1724 ist
1475 1702 1512 1723 er
1534 1692 1609 1723 der-

944 1738 1052 1775 selbo,
1078 1738 1136 1769 der
1153 1738 1265 1770 Sullas
1283 1737 1388 1779 Legat
1404 1747 1493 1776 war3
1523 1736 1610 1769 Plut.

945 1782 1029 1814 Sull.
1049 1783 1078 1814 9.
1124 1782 1158 1814 ln
1185 1783 1425 1815 Griechenland
1453 1792 1543 1814 muss
1575 1792 1612 1814 er

944 1828 1122 1868 gosen-ben
1140 1829 1220 1860 sein.

987 1884 1200 1926 scripserunt
1217 1882 1367 1915 heredes.
1401 1882 1446 1914 Es
1467 1892 1537 1914 war
1557 1882 1609 1914 ein

943 1927 1186 1967 gewiihnlichcs
1218 1927 1378 1959 Maniiver
1406 1928 1466 1959 der
1490 1926 1609 1959 Testa-

944 1972 1207 2013 mcntsl'iilscher‚
1232 1973 1299 2003 sich
1319 1983 1380 2003 zur
1396 1972 1611 2013 Ausl'tihrung

943 2017 1030 2048 ihres
1046 2017 1240 2049 Yorhabens
1255 2017 1312 2049 mit
1325 2017 1508 2058 gel'eicrten
1523 2016 1610 2049 Red-

944 2073 1022 2093 nern
1042 2062 1123 2093 oder
1137 2062 1320 2103 miichtigen
1334 2062 1461 2095 Leuten
1477 2073 1518 2094 zu
1532 2073 1609 2094 ver-

942 2107 1072 2138 binden.
1100 2106 1175 2147 x'gl.
1195 2118 1242 2149 pr.
1258 2107 1354 2139 Rosc.
1369 2109 1439 2139 Am.
1458 2108 1508 2139 die
1523 2107 1609 2139 Ver-

942 2153 1086 2193 bindung
1114 2153 1171 2183 des
1201 2151 1340 2184 Roscius
1374 2153 1433 2185 mit
1462 2152 1608 2196 Chryso—

942 2208 1058 2238 genus.

987 2254 1077 2283 satin
1113 2254 1166 2284 est
1187 2252 1247 2284 hoe
1270 2254 1308 2284 at
1343 2269 1388 2275 —
1424 2252 1609 2294 videantur,

942 2298 1065 2337 geniigt
1083 2297 1162 2336 dies,
1187 2297 1235 2328 sie
1253 2308 1317 2329 von
1336 2298 1407 2329 dem
1424 2298 1608 2329 Anscheine

943 2343 1001 2374 des
1020 2343 1210 2383 vergfflmns
1229 2353 1269 2374 zu
1288 2342 1445 2374 best-eien.

990 2396 1041 2428 74.
1073 2397 1219 2430 alteram
1247 2399 1354 2430 rivum
1384 2399 1512 2437 amari,
1545 2398 1607 2429 den

944 2441 1151 2474 Hortensius.
1188 2443 1220 2473 S.
1239 2441 1281 2481 11,
1304 2442 1358 2483 16,
1379 2442 1431 2474 37.
1463 2442 1534 2474 von
1548 2443 1608 2474 der

941 2487 1183 2519 Freundschal't
1201 2488 1334 2519 Ciceros
1358 2498 1399 2519 zu
1423 2488 1485 2519 ihm
1509 2492 1608 2528 zeugt

941 2536 1039 2563 unter
1067 2533 1249 2573 Auderem,
1283 2533 1359 2564 dass
1383 2544 1420 2565 er
1444 2533 1507 2564 ihm
1531 2533 1604 2564 eine

941 2577 1067 2610 Schril't
1097 2577 1279 2620 dedicit-te,
1312 2578 1377 2610 und
1409 2578 1605 2610 namentlich
