1684 2819
608 167 687 200 Lm.
704 166 729 199 1.
767 168 860 200 CAP.
879 169 932 201 29.
952 169 1004 201 30.
1458 174 1509 212 75

106 286 211 320 eum,
239 284 352 324 quem
381 271 468 310 fecit
487 270 733 310 Alcamenes:
762 271 800 309 in
829 284 905 322 quo
935 277 1058 311 stante
1085 278 1198 324 atque
1226 272 1360 312 vestito
1382 273 1513 313 leviter

107 333 262 381 apparet
297 328 518 367 claudicatio
556 340 636 366 non
672 327 870 366 deformis.
914 328 1098 367 Claudum
1134 329 1249 379 igitur
1283 329 1510 369 habebimus

108 386 233 431 deum,
256 385 440 435 quoniam
459 385 505 423 de
523 384 690 423 Vulcano
713 385 769 422 sic
790 384 1022 434 accepimus.
1063 385 1155 435 Age,
1178 390 1214 424 et
1234 385 1295 425 his
1316 386 1511 425 vocabulis

105 442 197 480 deos
234 453 320 479 esse
347 440 551 487 faciamus,
590 440 731 492 quibus
761 453 781 478 a
807 440 921 479 nobis
950 441 1212 480 nominantur.
1254 443 1302 480 At
1327 443 1511 493 primum,

105 502 199 549 quot
224 497 429 536 hominum
457 497 626 547 linguae,
654 501 711 535 tot
737 496 897 534 nomina
925 497 1100 536 deorum.
1141 497 1229 536 Non
1257 498 1377 546 6111111,
1403 504 1444 537 111
1471 504 1514 537 tu

104 553 283 600 Velleius,
313 566 560 605 quocumque
586 552 752 599 veneris,
779 552 834 590 sic
861 552 962 590 idem
983 554 1022 591 in
1043 554 1147 592 Italia
1169 555 1379 600 Vulcanus,
1408 555 1512 593 idem

103 610 142 648 in
163 610 303 657 Africa,
332 610 433 649 idem
460 610 499 647 in
520 609 714 659 Hispania.
756 608 897 646 Deinde
921 610 1126 648 nominum
1148 622 1226 648 non
1250 623 1413 662 magnus
1435 623 1511 649 nu-

102 679 250 714 meruS,
274 679 322 705 ne
345 667 384 705 in
406 665 613 717 pontificiis
636 665 789 715 quidem
811 664 976 711 nostris,
999 665 1161 704 deorum
1183 672 1307 705 autem
1330 668 1512 706 innume-

102 722 245 762 rabilis.
288 724 346 761 An
368 723 449 761 sine
470 721 693 761 nominibus
717 718 837 759 sunt?
876 720 983 758 Istud
1006 722 1159 772 quidem
1182 722 1232 760 ita
1254 723 1361 762 vobis
1384 724 1513 762 dicere

102 791 260 818 11666556
288 784 355 817 est.
399 778 499 825 Quid
527 777 628 816 enim
658 777 809 823 attinet,
839 789 960 827 quum
982 789 1055 815 una
1077 778 1192 816 facies
1214 778 1274 825 sit,
1298 780 1404 830 plura
1426 792 1513 818 esse

102 833 290 873 nomina?
342 836 466 881 Quam
502 833 643 872 bellum
679 838 775 879 erat,
804 833 937 879 Vellei,
978 834 1152 872 confiteri
1178 835 1327 885 potius,
1364 836 1513 874 nescire

103 891 205 942 quod
234 890 423 937 nescires,
452 903 569 941 quam
597 890 669 928 ista
691 888 926 927 effutientem
949 901 1134 929 nauseare
1155 896 1268 941 atque
1289 892 1419 942 ipsum
1441 891 1512 929 sihi

103 945 331 997 displicere?
372 947 429 985 An
460 952 499 985 tu
527 946 602 984 mei
632 946 794 984 similem
821 951 934 996 putas
958 959 1043 984 esse
1065 952 1129 985 aut
1149 946 1202 985 tui
1225 946 1371 986 deum?
1412 947 1512 986 Pro-

102 1003 199 1041 fecto
221 1014 301 1041 non
322 1009 447 1053 putas.
485 1002 584 1049 Quid
608 1000 727 1053 ergo?
750 1002 871 1040 solem
895 1002 1016 1040 dicam
1040 1008 1104 1041 aut
1124 1003 1254 1041 lunam
1277 1010 1342 1043 aut
1365 1004 1512 1042 caelum

103 1058 248 1098 deum?
288 1060 388 1110 Ergo
411 1059 523 1098 etiam
546 1057 731 1097 beatum?
760 1058 898 1108 quibus
921 1060 1110 1097 fruentem
1132 1058 1424 1110 voluptatibus?
1465 1060 1513 1098 Et

103 1114 346 1166 sapientem?
375 1116 439 1167 qui
462 1120 590 1166 potest
611 1128 697 1153 esse
718 1115 757 1152 in
779 1115 969 1153 eiusmodi
992 1120 1130 1153 trunco
1153 1115 1368 1166 sapientia?
1410 1116 1512 1154 Haec

100 1178 228 1210 vestra
248 1178 348 1210 sunt.
383 1172 424 1210 Si
445 1172 561 1222 igitur
581 1183 652 1210 1166
672 1172 842 1209 humano
864 1171 960 1217 visu,
983 1172 1086 1222 quod
1108 1172 1233 1216 docui,
1255 1185 1325 1211 1166
1346 1172 1417 1211 alio
1440 1172 1510 1209 ali-

103 1240 196 1279 quo,
224 1229 329 1279 quod
352 1228 418 1266 tibi
446 1240 677 1278 persuasum
707 1233 781 1265 est:
811 1227 902 1278 quid
924 1227 1075 1266 dubitas
1100 1240 1240 1278 negare
1269 1229 1363 1267 deos
1393 1226 1509 1266 esse?

100 1284 188 1322 Non
216 1284 345 1322 audes.
388 1284 588 1334 Sapienter
615 1283 651 1322 id
679 1283 845 1334 quidem.
888 1284 970 1322 Etsi
998 1285 1073 1322 hoc
1098 1284 1183 1323 1060
1211 1296 1291 1323 11011
1321 1285 1510 1336 populum

101 1340 258 1386 metuis,
282 1341 348 1379 sed
370 1340 479 1391 ipsos
503 1341 609 1379 deos.
654 1339 750 1378 Novi
772 1353 841 1391 ego
863 1340 1075 1391 Epicureos
1101 1341 1229 1379 omnia
1252 1342 1372 1391 sigilla
1393 1353 1509 1379 vene-

100 1403 247 1435 rantes:
271 1409 504 1448 quamquam
523 1397 630 1435 video
653 1397 849 1435 nonnullis
868 1397 987 1435 videri
1004 1396 1226 1448 Epicurum,
1250 1410 1297 1436 ne
1320 1398 1358 1435 in
1384 1398 1508 1435 offen—

149 1500 216 1540 30.
243 1507 294 1539 83.
322 1508 530 1549 Alcamenes,
549 1508 600 1539 6111
616 1508 768 1539 beriihm-

103 1558 156 1584 ter
200 1553 375 1584 Bildhauer
423 1554 480 1584 des
521 1553 768 1584 Perikleischen

104 1597 296 1630 Zeitalters.
340 1597 412 1628 von
443 1599 566 1629 561116111
590 1597 716 1628 Vulcan
742 1608 768 1629 s.

104 1643 217 1674 Valer.
251 1642 339 1673 Max.
362 1642 443 1684 Vlll,
473 1643 509 1673 11
542 1647 610 1673 ext.
634 1642 670 1672 2:
701 1645 773 1674 slat

105 1687 336 1719 dissimulatae
360 1687 612 1719 claudicationis
635 1689 697 1719 sub
717 1698 770 1718 re-

105 1736 157 1765 ste
173 1733 288 1764 leviter
305 1734 486 1774 vestegz'am
498 1735 770 1776 repraesentans,

108 1780 145 1809 nt
165 1788 231 1809 non
257 1780 424 1819 tamquam
450 1780 694 1821 eoeprobralam
721 1778 769 1808 vi-

107 1824 206 1864 tium,
245 1824 293 1853 ita
327 1825 497 1864 tamquam
533 1824 659 1854 certam
685 1832 769 1865 pro-

103 1870 276 1911 priamque
300 1867 355 1898 dez*
368 1870 482 1899 notam
501 1867 619 1899 decore
638 1868 771 1909 sigulfi-

103 1922 195 1944 cans.

149 1956 201 1988 84.
227 1958 312 1998 fige
341 1960 375 1988 et
396 1975 440 1980 —
462 1958 644 1996 faciamus.
693 1958 771 1998 Age

103 2001 187 2033 heim
205 2001 420 2042 Uebergange
435 2013 476 2033 zu
494 2007 599 2033 etwas
614 2002 769 2042 Anderm,

105 2046 152 2078 oft
175 2047 256 2077 auch
274 2047 334 2078 mit
348 2057 452 2090 porro
472 2047 582 2085 (Vera
601 2046 636 2089 II,
655 2047 685 2087 5,
704 2046 769 2088 22),

103 2101 191 2123 nunc
209 2092 268 2133 (pr.
287 2091 384 2123 Rosc.
404 2092 474 2123 Am.
492 2092 543 2133 27,
565 2091 638 2131 108)
658 2103 689 2123 u.
704 2092 771 2131 dgl.

103 2136 305 2168 verbunden.
342 2136 416 2177 Vgl.
442 2141 543 2168 unten
567 2136 604 2179 Il,
625 2137 676 2177 47,
697 2136 769 2167 120.

103 2180 155 2222 Ill,
182 2181 233 2219 17,
258 2181 312 2212 43.
356 2181 401 2213 Et
426 2182 507 2213 aber
534 2182 579 2213 ist
610 2182 698 2212 nicht
722 2181 772 2213 als

106 2225 229 2268 Copula
258 2237 299 2257 zu
329 2227 483 2266 nehmen,
517 2227 581 2258 wie
609 2231 697 2257 etwa
730 2226 772 2257 im

104 2270 306 2302 Deutschen:
340 2270 433 2313 Auf,
466 2272 543 2302 und
577 2271 663 2302 lass
698 2282 770 2302 uns

106 2333 166 2356 —‚
190 2325 260 2346 was
285 2316 357 2347 dem
375 2316 448 2347 Lat.
467 2316 770 2358 Sprachgebrauch‚

106 2360 361 2401 wenigstens
386 2361 449 2392 bei
474 2362 560 2392 dem
577 2361 613 2392 in
634 2361 772 2392 dieser

106 2404 246 2437 Weise
300 2407 601 2446 angewandten
660 2416 771 2448 age,

108 2448 210 2480 fremd
235 2451 292 2493 ist,
318 2451 458 2482 sondern
480 2451 535 2483 fiir
553 2453 668 2483 etiam:
700 2451 772 2482 eine

108 2493 338 2536 Anwendung,
369 2496 420 2527 die
450 2497 523 2528 dem
552 2496 618 2527 Cic.
647 2496 773 2537 wenig-

109 2542 200 2569 stens
228 2539 258 2570 in
283 2541 344 2572 den
360 2541 477 2582 philos.
497 2541 662 2573 Schriften
686 2552 717 2572 u.
741 2541 772 2572 in

111 2582 170 2614 den
191 2583 320 2616 Briefen
346 2586 574 2627 keinesweges
594 2586 774 2630 abzuspre-

841 1510 921 1540 chen
946 1508 999 1539 ist.
1033 1507 1198 1539 Nachdem
1226 1509 1345 1539 vorher
1368 1519 1430 1539 von
1451 1509 1510 1539 der

843 1553 985 1592 Gestalt,
1004 1557 1102 1583 unter
1130 1553 1190 1584 der
1214 1564 1284 1585 man
1312 1554 1362 1585 die
1388 1553 1510 1585 Gutter

819 1598 959 1635 denke,
989 1598 1193 1639 gesprochen
1218 1599 1370 1639 worden,
1401 1598 1509 1629 sollen

842 1654 905 1673 nun
931 1643 1013 1673 auch
1037 1643 1106 1673 ihre
1125 1643 1365 1683 Benennungen
1390 1644 1420 1674 in
1446 1643 1508 1674 Be-

842 1689 950 1719 tracht
973 1697 1121 1728 gezogen
1140 1689 1285 1719 werden.
1321 1688 1430 1721 Ueber
1446 1699 1511 1730 age

843 1735 875 1764 et
895 1751 939 1755 —
954 1732 1022 1772 vgl.
1044 1733 1125 1763 auch
1144 1733 1203 1764 Th.
1224 1733 1353 1765 Schmid
1370 1745 1411 1764 zu
1430 1733 1507 1764 Hor.

842 1777 902 1819 Ep.
920 1776 957 1815 Il,
979 1777 1007 1814 1,
1026 1777 1102 1808 214.

887 1824 918 1854 in
937 1822 1127 1864 pontfficlis,
1147 1833 1193 1853 sc.
1208 1822 1311 1854 libris.
1345 1823 1424 1855 Dies
1438 1824 1510 1854 sind

845 1868 897 1898 die
916 1877 984 1906 sog.
1004 1866 1284 1908 Indigz‘tamenta,
1302 1879 1386 1910 qaae
1403 1871 1511 1900 61110-

843 1913 936 1944 mina
964 1911 1105 1944 deorum
1129 1916 1163 1944 et
1183 1914 1334 1944 rationes
1358 1916 1512 1957 ipsorum

843 1959 1015 1988 nominum
1034 1960 1211 1989 continent.
1245 1958 1341 1989 Serv.
1361 1959 1402 1989 ad
1417 1958 1510 1998 Virg.

847 2002 967 2042 Georg.
986 2001 1006 2044 l,
1027 2002 1081 2033 21.

889 2047 1043 2079 istad—
1066 2049 1125 2079 ita.
1158 2047 1234 2088 Vgl.
1261 2048 1299 2079 de
1325 2048 1397 2080 Div.
1421 2047 1460 2087 ΙΙ,
1480 2048 1509 2089 S,

846 2092 881 2122 21
895 2104 902 2123 :
921 2103 968 2133 qa
979 2092 1029 2123 od
1044 2095 1134 2124 certe
1150 2094 1242 2124 vobis
1258 2095 1318 2124 ila
1335 2093 1512 2125 dicendum

845 2140 911 2179 est,
935 2148 966 2168 u.
984 2138 1076 2168 mehr
1092 2138 1144 2169 bei
1159 2138 1252 2169 Hand
1267 2137 1451 2169 Tursellin.
1470 2137 1511 2169 llI

889 2229 1001 2270 ipsam
1030 2228 1095 2258 sibi
1119 2226 1306 2270 displicere.
1359 2227 1512 2259 Genauer

845 2271 974 2303 freilich
997 2272 1088 2302 ware
1119 2273 1193 2303 tibi:
1223 2272 1304 2303 aber
1332 2273 1370 2304 da
1395 2273 1427 2304 111
1453 2273 1512 2304 der

845 2316 932 2348 That
960 2316 1017 2347 das
1041 2316 1319 2356 Vorhergehende
1342 2318 1432 2349 nicht
1455 2328 1510 2349 so-

845 2361 932 2392 wohl
951 2361 1010 2392 den
1025 2361 1114 2393 Vell.
1134 2361 1281 2404 speciell,
1300 2362 1350 2393 als
1365 2363 1416 2394 die
1431 2363 1510 2405 Epi-

845 2407 967 2437 kureer
991 2406 1175 2448 iiberhaupt
1195 2407 1294 2447 trifft,
1320 2418 1356 2438 so
1375 2407 1418 2439 ist
1430 2408 1510 2448 jene

846 2451 1111 2492 Ungenauigkeit
1144 2452 1244 2483 leicht
1275 2462 1315 2483 zu
1344 2452 1513 2484 entschul-

845 2496 952 2537 digen.

891 2541 944 2573 85.
962 2542 1108 2574 humano
1122 2544 1194 2574 visu
1207 2557 1251 2568 =
1263 2542 1415 2575 humana
1432 2554 1509 2588 spe-

847 2588 904 2619 cie.
938 2586 1013 2628 Vgl.
1033 2598 1074 2619 zu
1093 2598 1120 2619 6.
1140 2587 1170 2628 5,
1192 2586 1243 2618 12.

1541 394 1584 427 84

1540 1119 1580 1151 85
