1684 2819
573 148 1003 190 LIBER1.22,.3!.52.
1441 149 1492 189 33

82 264 131 304 iis
154 264 370 304 animorum
396 263 577 304 videatur
598 263 835 311 aeternitas,
871 262 947 303 nisi
979 263 1080 315 quod
1109 270 1330 315 nequeunt,
1367 264 1492 316 qualis

81 320 235 360 animus
257 320 309 360 sit
329 333 475 360 vacans
499 333 687 373 corpore,
718 319 941 373 intelligere
972 326 1010 359 et
1042 319 1281 373 cogitatione
1314 334 1491 373 eompre-

82 377 270 417 hendere.
327 376 445 428 Quasi
475 390 570 417 vero
599 376 844 430 intelligant,
885 376 1011 428 qualis
1041 377 1090 417 sit
1117 377 1158 416 in
1188 376 1274 430 ipso
1307 391 1490 430 corpore,

64 446 178 486 ¹quae
201 433 476 481 conformatio,
509 446 609 486 quae
631 433 872 487 magnitudo,
906 432 970 485 qui
993 433 1127 483 locus,
1166 439 1222 483 ut,
1248 433 1281 473 si
1303 434 1377 473 iam
1400 448 1490 488 pos-

79 497 169 529 sent
189 489 229 529 in
252 489 409 530 homine
431 490 523 530 vivo
547 490 652 530 cerni
676 489 828 538 omnia,
862 503 960 542 quae
982 504 1084 529 nune
1105 497 1207 529 tecta
1229 496 1342 538 sunt,
1376 504 1489 531 easu-

78 559 199 586 rusne
221 547 262 586 in
285 553 535 600 conspectum
558 546 741 586 videatur
762 546 913 586 animus
928 576 938 594 ,
971 559 1020 584 an
1052 552 1160 585 tanta
1184 546 1233 586 sit
1256 547 1339 587 eius
1362 547 1489 587 tenui-

78 609 160 652 tas,
193 609 237 643 ut
258 602 380 656 fugiat
401 603 542 643 aciem,
576 603 682 643 Haec
704 608 888 656 reputent
909 602 995 650 isti,
1029 602 1094 654 qui
1117 610 1286 655 negant,
1318 604 1489 644 animum

78 658 165 698 sine
188 673 352 713 corpore
375 674 418 701 se
439 659 660 712 intelligere
682 672 821 712 posse:
855 658 1058 707 videbunt,
1094 671 1207 711 quem
1230 659 1271 698 in
1292 660 1377 712 ipso
1400 675 1488 700 eor-

77 729 173 768 pore
204 715 438 768 intelligant.
482 715 580 755 Mihi
613 715 768 768 quidem
800 721 979 754 naturam
1013 714 1134 753 animi
1166 715 1334 755 intuenti
1366 717 1487 757 multo

77 772 268 811 difficilior
289 771 465 811 occurrit
486 771 671 824 cogitatio
693 771 895 824 multoque
918 771 1150 821 obscurior,
1185 771 1311 824 qualis
1334 774 1487 815 animus

74 828 114 867 in
146 841 311 881 corpore
342 828 416 876 sit,
453 835 650 881 tamquam
683 828 834 868 alienae
857 827 1013 877 domui,
1049 842 1162 880 quam
1185 828 1334 880 qualis,
1369 844 1486 882 quum

74 883 222 924 exierit
243 891 283 924 et
304 884 344 924 in
366 885 531 925 liberum
554 885 703 925 caelum
728 884 839 938 quasi
869 885 1024 924 domum
1053 898 1162 924 suam
1186 886 1354 925 venerit.
1398 886 1485 927 Nisi

74 941 193 990 enim,
219 942 321 994 quod
344 955 556 994 numquam
573 941 759 991 vidimus,
782 941 819 982 id
843 941 1030 994 qualesit
1049 941 1270 994 intelligere
1293 956 1372 982 non
1394 957 1485 996 pos-

73 1011 208 1038 sumus
224 1028 234 1047 ,
270 1005 376 1038 certe
409 1006 448 1038 et
468 999 582 1039 deum
603 998 730 1052 ipsum
753 1005 792 1038 et
813 998 985 1038 divinum
1009 999 1181 1038 animum
1204 1012 1366 1052 corpore
1389 999 1485 1040 libe-

71 1061 198 1094 ratum
221 1054 462 1108 cogitatione
485 1055 689 1108 complecti
712 1069 935 1109 possumus.
979 1055 1244 1095 Dicaearchus
1269 1056 1423 1108 quidem
1447 1063 1485 1096 et

71 1110 364 1161 Aristoxenus,
398 1112 487 1164 quia
510 1111 672 1152 difficilis
696 1119 782 1152 erat
803 1112 946 1160 animi,
981 1112 1069 1165 quid
1103 1119 1172 1151 aut
1201 1112 1325 1164 qualis
1357 1120 1479 1162 esset,

70 1166 356 1221 intelligentia,
390 1168 536 1208 nullum
561 1169 719 1209 omnino
742 1168 916 1209 animum
939 1181 1027 1209 esse
1051 1168 1254 1208 dixerunt.
1295 1169 1365 1209 Est
1385 1169 1482 1209 illud
1504 1178 1515 1185 ’

71 1224 226 1276 quidem
247 1224 312 1265 vel
335 1225 565 1275 maximum,
590 1226 721 1266 animo
743 1225 827 1279 ipso
851 1225 1021 1265 animum
1044 1224 1198 1274 videre,
1235 1232 1276 1265 et
1295 1225 1482 1266 nimirum

71 1280 170 1321 hanc
192 1280 306 1321 habet
321 1282 400 1321 vim
419 1290 669 1336 praeceptum
679 1282 891 1336 Apollinis,
918 1297 994 1334 quo
1016 1289 1164 1331 monet,
1190 1289 1231 1322 ut
1252 1295 1295 1322 se
1319 1283 1481 1336 quisque

70 1345 220 1378 noscat.
263 1337 353 1378 Non
375 1338 494 1389 enim,
528 1340 661 1389 eredo,
695 1340 732 1380 id
756 1339 957 1394 praecipit,
992 1346 1035 1379 ut
1061 1339 1232 1378 membra
1255 1346 1392 1379 nostra
1415 1348 1479 1379 aut

68 1401 261 1435 staturam
284 1396 500 1449 figuramve
523 1410 746 1437 noscamus.
789 1396 925 1449 Neque
947 1410 1019 1436 nos
1043 1409 1209 1449 corpora
1231 1410 1381 1445 sumus„
1408 1410 1479 1436 nee

118 1546 230 1588 Quasi
246 1557 326 1579 vero
345 1548 563 1589 intelligant,
591 1549 737 1580 ironisch

68 1601 109 1622 an
153 1592 212 1622 das
244 1591 527 1633 Yorhergehende
571 1594 639 1625 sich
682 1604 740 1625 an-

67 1637 296 1678 schliessend,
323 1638 386 1669 wie
418 1638 473 1678 35,
494 1638 557 1679 853
589 1639 650 1680 35,
671 1639 737 1679 923

66 1682 174 1723 11L5,
199 1683 251 1723 ll,
272 1683 338 1714 und
357 1683 456 1715 efter.

112 1730 146 1759 in
160 1729 300 1759 homine
312 1731 389 1760 υίυο
404 1729 448 1761 ist
460 1728 629 1771 Bentley's
647 1729 739 1760 treff-

65 1772 154 1805 liche
172 1773 394 1806 Emendation
412 1774 468 1806 fiir
483 1776 519 1806 in
537 1775 631 1806 lzom.
653 1785 736 1815 uno,

67 1828 137 1850 was
156 1829 216 1860 gar
234 1819 328 1851 nicht
353 1820 491 1852 hierher
508 1824 612 1862 passt.

113 1875 307 1896 casurusne
339 1869 405 1897 etc.
440 1865 494 1897 ein
528 1864 735 1897 Anakoluth.

66 1909 182 1941 Cicero
215 1910 349 1951 wollte,
393 1911 436 1942 im
468 1911 654 1943 Anschluss
696 1918 736 1943 an

67 1955 181 1996 Quasi
198 1966 276 1988 vero
295 1956 508 1998 intelligant
532 1961 598 1989 etc.
621 1962 738 1989 zuerst

65 2010 166 2042 sagen
182 2013 189 2033 ε
215 2004 269 2034 ita
288 2002 446 2044 quidem,
466 2006 508 2034 ut
523 2020 568 2026 -—
587 2013 737 2034 casurus

64 2049 102 2078 in
122 2058 241 2090 consp.
256 2048 421 2080 videatur
438 2050 592 2089 animus,
603 2049 738 2080 wendet

64 2103 129 2124 nun
144 2093 226 2124 aber
241 2093 303 2124 den
320 2093 400 2125 Satz
420 2104 461 2125 zu
475 2094 570 2126 einer
583 2094 735 2126 directen

64 2138 289 2179 disjunctiven
304 2138 413 2179 Frage
429 2140 572 2181 (jedoeh
591 2140 651 2171 mit
662 2139 736 2172 Bei-

63 2183 248 2226 behaltung
265 2185 325 2216 des
345 2184 585 2227 Conjunetivs)
607 2195 674 2217 um.

109 2230 164 2260 51.
186 2232 261 2262 sine
279 2240 428 2272 corpore
455 2241 497 2262 an
518 2230 623 2263 Stelle
642 2231 734 2262 eines

64 2280 176 2315 negat.
188 2275 377 2317 Adjectivs,
395 2276 459 2308 wie
474 2275 514 2308 ΙΙ.
528 2277 560 2317 3,
575 2278 592 2308 7
613 2277 735 2309 lectio-

63 2330 141 2352 nem
175 2323 253 2352 sine
281 2322 357 2353 ulla
386 2322 623 2354 delectatione
651 2323 733 2363 „die

63 2366 337 2408 unerquickliche
348 2366 520 2399 Lectiire“
535 2381 544 2406 ς
560 2367 600 2400 V.
624 2368 677 2409 16,
691 2368 733 2399 43

63 2412 120 2442 vir
153 2415 395 2455 temperatus,
432 2417 596 2445 constans
609 2438 617 2454 ,
659 2416 733 2445 sine

64 2460 172 2488 metu.

110 2512 209 2542 quem
231 2522 269 2526 —
290 2504 521 2546 intelligant:
547 2504 655 2544 „dass
683 2505 731 2537 sie

66 2544 128 2577 den
157 2546 249 2580 Geist
283 2550 335 2580 im
363 2548 491 2592 Ho'rper
524 2551 607 2582 auch
643 2551 733 2583 nieht

65 2589 279 2630 begreifew.

157 2651 214 2679 Cic.
228 2653 347 2684 Tuscul.

857 1550 1038 1587 occurrit,
1075 1557 1168 1587 ganz·
1192 1557 1295 1578 unser
1322 1547 1481 1586 „kommt

809 1594 921 1624 vor‘fi
947 1592 989 1623 So
1003 1592 1077 1624 Cat.
1094 1592 1138 1623 M.
1156 1592 1216 1632 1,2
1232 1604 1237 1623 :
1261 1594 1352 1623 milei
1369 1596 1407 1624 tlt
1428 1604 1482 1624 oc-

811 1639 980 1670 currebas
999 1638 1127 1679 (lignus
1146 1648 1185 1669 eo
1204 1648 1360 1669 mamre.

857 1684 979 1715 domui
990 1683 1034 1714 ist
1046 1683 1097 1714 die
1109 1683 1302 1725 urspriingl.
1313 1681 1411 1714 Forin
1425 1683 1481 1715 des

809 1728 888 1761 Dat.
911 1739 944 1759 u.
965 1728 1042 1760 Abl.
1071 1729 1131 1760 der
1157 1729 1189 1759 4.
1211 1728 1320 1768 Decl.,
1348 1739 1481 1760 woraus

809 1775 868 1805 das
894 1774 1060 1814 gewo'hnl.
1081 1774 1228 1805 locative
1254 1774 1352 1805 (lomi
1377 1774 1480 1806 durch

807 1819 1032 1860 Vei-kiirzuug
1051 1819 1207 1850 entstand
1221 1818 1301 1860 (wie
1320 1830 1352 1850 z.
1365 1820 1402 1851 Β.
1423 1820 1481 1851 das

807 1866 952 1897 locative
985 1866 1153 1897 Corinthi
1184 1875 1244 1896 aus
1276 1865 1477 1905 Corinthos,

807 1910 1148 1954 griech.K09i'1'1‘}cp).
1164 1909 1297 1941 Ebenso
1313 1911 1403 1943 steht
1418 1911 1482 1942 do-

805 1960 882 1989 mm*
903 1957 936 1988 in
955 1961 1053 1997 guten
1074 1955 1334 1987 Handsehristen
1353 1966 1386 1998 p.
1405 1955 1478 1988 Mil.

808 2004 839 2044 ἵ,
863 2003 903 2035 16
924 2002 991 2033 und
1010 2002 1052 2033 ad
1072 2002 1150 2033 Her.
1174 2000 1231 2034 lv.
1252 2002 1307 2041 30,
1328 2002 1385 2033 41.

850 2048 1094 2080 De'eacarelzus
1114 2048 1289 2087 etArist„
1311 2057 1338 2079 s.
1361 2048 1415 2089 10,
1437 2049 1478 2080 2⁴»

806 2105 838 2127 u.
862 2094 924 2134 213
949 2094 1002 2134 11,
1023 2094 1086 2134 243
1111 2093 1163 2133 15,
1185 2093 1242 2124 41.

851 2144 894 2171 ut
917 2150 953 2171 se
979 2142 1128 2181 quisque
1151 2142 1289 2170 noscat.
1322 2139 1476 2175 „I'wfib‘z

806 2182 989 2217 osavrov“
1005 2184 1102 2216 stand
1122 2185 1206 2216 iiber
1221 2183 1477 2226 demEingange

806 2231 862 2263 des
882 2230 1098 2272 delphischen
1116 2228 1286 2272 Tempels.

851 2276 967 2317 eredo,
1003 2275 1250 2316 eingeschaltet
1275 2275 1376 2315 (ohne
1404 2280 1474 2317 ut),

804 2322 896 2362 giebt
922 2322 996 2353 dem
1015 2321 1114 2353 Satze
1142 2320 1175 2352 iu
1194 2321 1254 2352 der
1271 2320 1374 2362 Regel
1402 2322 1475 2353 eine.

803 2368 898 2399 mehr
931 2367 1012 2399 oder
1036 2367 1166 2399 minder
1199 2367 1366 2398 ironische
1393 2366 1476 2399 Far-

804 2413 913 2454 bung:
934 2413 1046 2453 „doeh
1066 2412 1154 2443 wohl
1167 2413 1213 2452 “3
1234 2412 1301 2453 vgl.
1314 2413 1371 2452 44,
1390 2414 1471 2453 1053

803 2460 926 2491 eheuso
945 2461 1084 2501 opinor,
1106 2458 1160 2498 36,
1183 2458 1223 2489 <27
1242 2458 1309 2489 und
1328 2458 1383 2498 33,
1405 2459 1460 2489 92.

847 2504 969 2547 Neque
993 2515 1056 2536 7203
1082 2514 1234 2545 corpora
1252 2514 1387 2535 sumus.
1425 2503 1473 2534 De

801 2560 873 2592 rep.
893 2549 948 2581 vl.
975 2550 1037 2581 242
1072 2549 1145 2581 Nee
1179 2551 1268 2580 enim.
1301 2552 1339 2580 tu
1367 2551 1395 2580 is
1422 2559 1469 2588 es,

802 2606 903 2638 quem
927 2596 1057 2637 forma
1092 2598 1162 2627 [sta
1195 2594 1375 2635 declarat,
1411 2595 1474 2626 sed

1254 2656 1273 2690 3

1507 613 1545 644 51
