1684 2819
653 191 730 222 ΜΒ.
750 190 788 223 11.
825 190 918 222 CAP.
936 190 966 222 3.
985 192 1015 222 4.
1459 194 1537 234 113

134 300 261 334 autem
282 298 319 332 et
339 293 553 332 secundum
576 293 671 332 deos
692 293 871 332 homines
892 292 1115 332 hominibus
1137 292 1302 333 maxime
1324 294 1434 334 utiles
1453 308 1538 334 esse

133 355 312 402 possunt.
353 350 573 401 Earumque
595 349 687 388 item
708 362 858 397 rerum,
880 362 977 401 quae
997 356 1160 388 noceant
1181 358 1218 389 et
1240 349 1381 397 obsint,
1404 351 1537 390 eadem

135 406 269 445 divisio
300 411 367 444 est.
411 406 485 444 Sed
514 406 599 456 quia
629 406 722 444 deos
750 418 890 444 nocere
910 418 991 444 non
1012 411 1166 457 putant,
1194 406 1254 445 his
1276 407 1444 458 exceptis
1464 407 1538 446 ho-

133 462 257 501 mines
284 462 507 501 hominibus
537 462 673 500 obesse
700 462 910 512 plurimum
941 462 1184 501 arbitrantur.
1231 462 1286 501 Ea
1313 463 1415 501 enim
1443 463 1538 514 ipsa,

135 531 230 569 quae
263 518 434 557 inanima
462 518 648 564 diximus,
681 519 864 569 pleraque
891 523 980 556 sunt
1007 518 1211 556 hominum
1240 519 1368 569 operis
1397 520 1539 567 effecta,

135 587 230 625 quae
251 586 322 613 nec
344 575 594 621 haberemus,
625 574 699 612 nisi
720 586 857 612 manus
881 579 917 613 et
940 586 1003 612 ars
1025 574 1266 621 accessisset,
1295 586 1367 614 nec
1387 575 1432 613 iis
1454 576 1537 614 sine

134 631 338 669 hominum
382 630 713 669 administratione
750 635 958 668 uteremur.
1014 630 1143 681 Neque
1178 631 1279 669 enim
1314 631 1538 670 valetudinis

136 687 280 725 curatio
308 699 433 738 neque
460 687 648 736 navigatio
678 699 801 737 neque
829 686 907 736 agri
935 686 1083 725 cultura
1112 699 1237 737 neque
1260 688 1414 737 frugum
1434 689 1538 727 frue-

132 748 319 794 tuumque
361 743 601 793 reliquorum
636 743 832 793 perceptio
869 748 905 780 et
941 742 1178 781 conservatio
1216 743 1298 781 sine
1333 744 1539 783 hominum

134 811 249 850 opera
285 799 359 837 ulla
395 811 481 837 esse
515 798 719 848 potuisset.
773 798 853 836 Iam
888 810 977 836 vero
1025 803 1060 836 et
1097 811 1228 837 earum
1265 811 1413 845 rerum,
1452 801 1537 851 qui-

132 855 205 893 hus
250 854 555 900 abundaremus,
603 854 819 905 exportatio
862 860 898 892 et
944 866 1092 899 earum,
1141 854 1280 904 quihus
1323 867 1536 905 egeremus,

131 910 294 949 invectio
318 915 417 948 certe
439 910 542 949 nulla
564 915 681 957 esset,
703 910 777 948 nisi
798 910 858 948 his
881 910 1105 948 muneribus
1128 910 1309 948 homines
1332 912 1537 961 fungeren-

131 972 205 1004 tur.
245 967 466 1017 Eademque
488 967 636 1005 ratione
653 979 726 1005 nec
741 966 884 1017 lapides
903 980 947 1005 ex
963 971 1062 1004 terra
1080 966 1344 1005 exciderentur
1361 968 1405 1005 ad
1423 980 1535 1006 usum

130 1028 311 1061 nostrum
343 1023 568 1067 necessarii,

131 1079 286 1118 deretur
315 1079 468 1130 penitus
498 1079 668 1117 abditum
698 1079 780 1117 sine
801 1079 1004 1117 hominum
1027 1078 1155 1117 labore
1178 1084 1214 1117 et
1234 1079 1381 1117 manu'.
1424 1080 1537 1118 Tecta

132 1148 239 1181 vero,
271 1135 411 1186 quibus
435 1141 470 1174 et
492 1135 679 1186 frigorum
702 1135 756 1173 vis
779 1135 981 1185 pelleretur
1003 1141 1038 1173 et
1059 1135 1230 1173 calorum
1252 1135 1451 1174 molestiae
1474 1149 1537 1174 se-

133 1192 325 1238 darentur,
346 1192 447 1230 unde
469 1197 533 1230 aut
554 1191 662 1229 initio
686 1191 817 1241 generi
839 1192 1007 1229 humano
1031 1191 1113 1229 dari
1134 1191 1356 1241 potuissent
1378 1197 1441 1230 aut
1462 1205 1536 1243 po—

133 1254 212 1286 stea
234 1248 444 1295 subveniri,
468 1248 499 1285 si
521 1253 585 1286 aut
606 1247 641 1285 vi
662 1248 902 1297 tempestatis
920 1252 985 1285 aut
1004 1252 1123 1285 terrae
1141 1252 1249 1285 motu
1269 1252 1332 1285 aut
1351 1253 1537 1286 vetustate

131 1303 369 1350 cecidissent,
391 1304 465 1342 nisi
488 1303 706 1342 communis
730 1303 802 1342 vita
824 1304 868 1342 ab
886 1303 1108 1342 homissihus
1125 1303 1261 1342 haruin
1281 1315 1411 1342 rerum
1429 1304 1535 1342 auxi-

128 1359 174 1397 lia
197 1364 325 1410 petere
346 1358 571 1398 didicisset?
612 1359 716 1398 Adde
744 1360 883 1398 ductus
906 1371 1110 1410 aquarum,
1133 1359 1384 1398 derivationes
1406 1360 1536 1399 flumi-

136 1428 250 1463 num,
286 1428 466 1466 agrorum
497 1416 753 1466 irrigationes,
790 1416 912 1454 moles
944 1416 1143 1466 oppositas
1173 1416 1369 1462 fluctibus,
1397 1421 1534 1467 portus

129 1483 246 1510 manu
268 1472 407 1518 factos,
431 1485 528 1522 quae
548 1472 650 1510 unde
672 1472 754 1510 sine
776 1472 976 1511 hominum
1001 1484 1116 1522 opere
1138 1472 1277 1510 habere
1298 1471 1536 1523 possemus?

132 1528 187 1566 Ex
215 1528 354 1578 quibus
381 1528 588 1579 multisque
616 1528 696 1566 aliis
725 1528 975 1579 perspicuum
997 1534 1074 1573 est,
1105 1529 1169 1578 qui
1193 1529 1339 1567 fructus
1364 1541 1536 1579 quaeque

129 1663 299 1694 mittelbar
332 1665 411 1694 nach
445 1664 506 1694 den
541 1663 695 1695 Giittern.
740 1664 798 1694 Die
872 1661 1031 1707 φήσαιεν
1071 1661 1116 1696 ἂν
1153 1661 1338 1707 πάροιθεν
1380 1662 1537 1708 ἐξευρεῖν

129 1707 349 1748 Hiiusungder
358 1708 548 1750 Synonyma
557 1708 728 1740 vei-starkt
737 1709 797 1740 den

129 1753 266 1792 Begriff3
287 1763 312 1784 s.
333 1764 361 1784 z.
379 1752 402 1793 l,
423 1753 476 1793 34,
501 1753 573 1784 124.

178 1797 226 1828 12.
254 1798 334 1829 deos
351 1808 470 1830 nocere
493 1808 559 1829 non
584 1800 727 1841 putant:
746 1797 796 1837 ΙΙΙ,

130 1842 182 1882 28,
204 1841 277 1874 102.

173 1889 259 1918 em'm
289 1888 385 1919 leitet
413 1888 464 1918 die
493 1887 714 1927 Begriindung
739 1888 796 1917 des

128 1942 255 1972 ganzen
278 1932 570 1973 vorhergehenden
598 1932 716 1963 Satzes
734 1932 796 1972 ein,

127 1977 191 2007 und
210 1986 302 2008 zwar
318 1976 402 2017 folgt
419 1977 577 2008 zuniiehst
596 1978 655 2007 der
668 1977 796 2007 Beweis

128 2021 182 2052 fiir
205 2022 266 2053 den
285 2027 397 2054 ersten
416 2021 510 2053 Theil
531 2022 721 2053 hominibus
737 2023 796 2053 Ιιο-

126 2068 234 2098 υιίηθε
251 2068 400 2099 maoeime
416 2067 518 2099 utiles
536 2077 618 2107 esse,
635 2068 718 2097 dann
733 2077 796 2097 von

127 2110 159 2152 ἓ.
178 2111 216 2141 16
235 2122 274 2142 an
294 2113 405 2153 Atque
429 2115 466 2143 ut
487 2122 633 2153 magnas
657 2114 717 2142 eet.
742 2111 797 2142 fiir

130 2157 190 2186 den
210 2157 351 2187 zweiten
371 2156 478 2187 Theil.

177 2199 227 2231 13.
253 2211 312 2232 nec
329 2202 487 2243 fenum,
509 2212 574 2242 aes,
593 2211 726 2240 aarum,
742 2211 798 2232 ar-

124 2248 269 2287 gentum
289 2264 333 2268 —
358 2248 391 2277 et
410 2256 523 2277 manu.
566 2245 631 2276 Cic.
656 2246 711 2276 hat
728 2245 799 2276 hier

128 2290 212 2321 zwei
240 2289 406 2322 Trimeter
434 2291 525 2322 eines
556 2284 736 2330 Tragikers
766 2290 796 2320 in

128 2334 378 2375 Wortstellung
391 2336 455 2367 nnd
468 2335 643 2366 Ausdruck
661 2336 711 2366 ein
727 2346 756 2366 xx
760 2345 795 2365 e-

129 2380 184 2420 nig
200 2381 426 2422 umgedndert,
446 2380 717 2411 wahrseheinlich
736 2390 794 2411 aus

128 2425 199 2455 dem
231 2425 446 2457 Prometheus
480 2426 537 2456 des
570 2425 696 2463 Attius,
736 2426 796 2456 der

129 2469 513 2512 hierinAesehyl.P1-om
519 2470 582 2501 580
594 2451 793 2505 nachahmte

131 2512 168 2545 ἔι
171 2517 256 2545 εοθε
271 2513 308 2546 δὲ
323 2512 474 2566 χᾘοιὸς
482 2511 710 2566 Κεκρυαιιέι’
729 2512 793 2546 ἀι-

131 2546 344 2610 αρώποισιι
381 2546 608 2604 ωᾳελήιιατα
633 2546 793 2611 χαλκόν,

131 2590 300 2645 σίδηρον,
323 2599 500 2648 ἰὶωγυρον,
520 2601 664 2648 χουσόν
684 2615 719 2636 τε
742 2607 795 2640 τις

201 2657 260 2685 [ic.
274 2658 307 2684 de
320 2658 397 2687 offic.

873 1709 974 1752 ἐμοῦ.
1002 1709 1044 1739 So
1063 1714 1187 1741 musste
1206 1719 1241 1740 es
1259 1710 1340 1740 auch
1359 1709 1411 1740 bei
1425 1710 1535 1742 Attius

870 1756 1020 1786 sinemeo
1030 1754 1142 1785 labore
1150 1754 1291 1785 heissen.
1303 1754 1362 1785 Die
1371 1754 1537 1786 Trimeter

872 1799 994 1830 liessen
1012 1799 1078 1829 sich
1093 1799 1215 1829 danaeh
1230 1799 1538 1830 leiehtwiederher-

871 1844 1002 1874 stellen.
1024 1862 1064 1865 ffi—
1087 1843 1161 1883 Ygl.
1178 1844 1217 1874 de
1234 1847 1298 1874 nat.
1319 1845 1409 1874 deor.
1428 1843 1463 1885 11,
1483 1843 1534 1884 60,

874 1888 931 1919 151
952 1890 1049 1927 aeris,
1068 1898 1172 1929 al‘gen
1179 1889 1214 1929 1‘1',
1232 1890 1311 1919 auri
1325 1899 1425 1920 renas
1440 1891 1535 1932 peni-

871 1936 925 1965 tus
942 1933 1086 1965 abditas.

1572 357 1608 388 12

1570 805 1626 850 13,

602 1017 689 1061 ‘nec
712 1023 874 1069 ferrum,
912 1036 993 1068 aes,
1020 1035 1175 1069 aurum,
1207 1029 1409 1072 argentum
1440 1025 1537 1062 effer
1563 1023 1588 1061 4

1570 1309 1608 1340 14

915 1973 954 2009 4.
984 1978 1034 2009 14.
1059 1979 1238 2009 subreniri.
1255 1978 1467 2018 DasSubject
1479 1979 1536 2009 des
1573 1978 1576 1982 “

869 2023 1164 2063 vorhergehenden
1176 2022 1292 2054 Satzes
1306 2033 1395 2054 muss
1409 2034 1481 2054 inan
1495 2024 1537 2054 im

870 2068 967 2099 Dativ
986 2068 1169 2108 ergiinzen:
1189 2078 1253 2097 s.z.
1270 2067 1365 2108 321.
1380 2067 1464 2105 L2ss,
1481 2067 1534 2098 91.

914 2114 1102 2144 eonmnmz's
1119 2113 1186 2143 rita
1199 2127 1243 2137 Ξ
1255 2113 1343 2143 vitae
1358 2112 1535 2143 eommuni-

870 2162 931 2197 tas,
950 2158 1007 2188 das
1026 2156 1330 2187 Zusammenleben.

916 2212 1032 2244 opere:
1046 2212 1138 2244 opus,
1154 2202 1211 2232 das
1224 2201 1346 2239 W'erk3
1363 2212 1473 2244 opera,
1484 2202 1535 2233 die

870 2246 1070 2286 Tliiitigkeit,
1080 2246 1275 2277 namentlicli
1286 2247 1336 2277 die
1347 2246 1537 2287 Tli'zitigkeit

870 2292 927 2322 des
945 2291 1131 2332 Menseheu,
1155 2292 1310 2322 wiihrend
1329 2302 1413 2334 opus
1430 2292 1460 2322 in
1478 2291 1536 2322 ab-

869 2341 1026 2367 stractem
1045 2336 1144 2368 Sinne
1168 2337 1259 2367 mehr
1276 2337 1328 2367 die
1347 2336 1539 2376 Thtitigkeit

868 2382 926 2412 des
936 2381 1073 2413 Thieres
1088 2381 1289 2415 bezeichnet,
1305 2381 1371 2423 s.§.
1384 2381 1416 2412 11
1432 2392 1440 2418 ς
1456 2381 1536 2411 doch

867 2427 956 2458 steht
982 2437 1017 2457 es
1040 2427 1119 2458 auch
1142 2437 1177 2457 so
1196 2436 1258 2457 von
1278 2426 1455 2457 Mensehen
1474 2426 1537 2457 wie

868 2471 936 2502 hier
966 2472 1029 2502 und
1055 2472 1094 2502 de
1120 2476 1185 2502 nat.
1210 2472 1300 2502 deor.
1327 2471 1361 2511 H,
1387 2471 1439 2510 41»,
1475 2470 1531 2501 151

869 2518 1024 2559 operibus
1039 2518 1220 2556 hominium,
1237 2516 1273 2547 z‘a'
1286 2519 1345 2556 est,
1363 2526 1477 2547 manu.
1497 2515 1535 2546 de

868 2571 916 2591 or.
934 2560 986 2601 Ill,
1009 2561 1057 2602 15,
1083 2561 1124 2592 56
1149 2564 1187 2592 ut
1214 2561 1366 2592 homines
1394 2579 1439 2582 —
1462 2570 1536 2592 cum

866 2608 1075 2649 temptes-latis
1087 2616 1189 2638 eausa
1198 2616 1297 2649 opere.
1304 2606 1535 2649 prohibentur.

1249 2662 1267 2693 ς
