1684 2819
183 164 265 205 236
646 162 703 194 DE
727 162 908 196 NATURA
933 163 1117 197 DEORUM

184 266 221 303 in
249 265 457 317 geometria
487 264 669 314 quiddam
696 264 786 302 novi
806 265 1033 312 invenisset,
1061 266 1181 304 Musis
1208 265 1346 304 bovem
1368 265 1591 304 immolasse

182 321 330 360 dicitur.
372 321 446 359 Sed
468 320 504 358 id
528 320 682 371 quidem
704 332 784 358 non
808 321 936 367 credo,
958 321 1140 371 quoniam
1163 322 1222 360 ille
1243 334 1291 360 ne
1311 321 1479 372 Apollini
1502 321 1589 372 qui-

182 377 271 416 dem
292 377 396 415 Delio
419 376 586 415 hostiam
615 376 816 415 immolare
842 377 977 423 voluit,
1007 388 1056 415 ne
1083 389 1187 416 aram
1215 378 1401 428 sanguine
1429 378 1590 428 adsper-

181 439 296 482 geret.
338 432 394 471 Ad
416 444 497 471 rem
519 438 646 471 autem
668 440 710 471 ut
731 433 903 478 redeam,
932 432 1113 471 iudicium
1142 433 1218 472 hoc
1244 434 1418 472 omnium
1442 439 1590 472 morta-

180 488 272 527 lium
294 494 370 535 est,
399 489 594 527 fortunam
622 501 641 527 a
665 489 736 527 deo
764 489 988 540 petendam,
1017 502 1036 527 a
1065 501 1106 527 se
1134 489 1219 539 ipso
1248 490 1477 528 sumendam
1505 502 1590 528 esse

180 544 420 595 sapientiam.
463 543 647 592 Quamvis
669 545 756 583 licet
775 545 891 584 Menti
914 545 1071 584 delubra
1093 551 1130 583 et
1152 544 1289 584 Virtuti
1310 552 1345 584 et
1366 546 1471 584 Fidei
1492 559 1588 585 con—

179 613 396 648 secremus,
418 606 544 639 tamen
566 602 661 640 haec
681 601 720 639 in
742 602 855 640 nohis
877 601 973 653 ipsis
997 601 1069 640 sita
1090 601 1281 639 videmus:
1311 601 1413 652 Spei,
1436 602 1588 649 Salutis,

180 656 288 707 Opis,
312 657 498 696 Victoriae
520 658 677 696 facultas
699 670 718 696 a
741 658 813 696 diis
835 659 1048 709 expetenda
1070 663 1138 696 est.
1180 657 1455 708 Improhorum
1477 658 1590 707 igitur

178 713 457 764 prosperitates
488 714 754 765 secundaeque
782 727 843 752 les
871 714 1107 765 1eda1guunt
1135 717 1192 763 (ut
1213 714 1402 764 Diogenes
1424 713 1588 763 dicebat)

100 768 152 808 37
178 770 254 808 vim
272 782 427 808 omnem
447 770 608 808 deorum
630 783 674 809 ac
694 776 936 821 potestatem.
979 745 1027 810 Χῖ
1043 782 1339 821 nonnumquam
1361 770 1488 808 bonos
1510 770 1589 808 exi-

107 830 149 862 89
178 832 240 864 tus
261 826 401 865 habent
422 826 529 865 boni.
571 826 649 864 Eos
671 827 857 877 quidem
849 827 1056 878 arlipimus
1079 827 1400 876 attribuimusque
1418 826 1501 864 sine
1517 825 1591 864 ulla

177 882 324 921 ratione
347 882 418 921 diis
440 883 738 921 immortalibus.
780 885 827 921 At
842 884 1038 933 Diagoras,
1060 896 1178 933 quum
1199 883 1504 921 Samothraciam
1525 895 1589 920 ve-

177 938 316 985 nisset,
339 939 473 977 atheos
495 939 556 977 ille
578 939 640 989 qui
663 939 818 986 dicitur,
845 947 957 990 atque
979 940 1011 978 ei
1034 940 1189 990 quidam
1212 939 1379 985 amicus,
1403 939 1501 985 „Tu,
1525 938 1590 989 qui

177 995 271 1033 deos
293 1001 406 1045 putas
429 995 596 1033 humana
619 995 829 1045 negligere,
858 1007 989 1034 nonne
1011 995 1283 1034 animadvertis
1307 1008 1351 1033 ex
1374 1000 1430 1033 tot
1451 994 1589 1032 tabulis

176 1050 301 1100 pictis,
324 1063 438 1101 quam
461 1051 569 1089 multi
588 1051 686 1089 votis
710 1051 784 1089 vim
808 1051 1047 1102 tempestatis
1070 1051 1273 1101 ell'ugerint
1294 1050 1333 1088 in
1354 1056 1590 1101 portumque

176 1106 266 1145 salvi
283 1105 590 1157 pe1·venerint⁶?“,
611 1108 686 1154 „lta
704 1108 778 1153 fiv‘,
796 1107 937 1158 inquit,
959 1107 1032 1154 „illi
1050 1107 1151 1145 enim
1171 1119 1365 1158 nusquam
1380 1106 1471 1157 picti
1488 1111 1590 1153 sunt,

174 1163 238 1213 qui
260 1163 455 1213 naufragia
480 1164 650 1202 fecerunt
671 1164 708 1202 in
731 1165 904 1215 marique
926 1164 1163 1214 pe1·ierunt.“
1199 1163 1392 1214 Idemque,
1415 1175 1535 1214 quum
1557 1163 1589 1201 ei

175 1218 366 1269 naviganti
388 1224 580 1265 vectores,
613 1220 770 1259 adversa
792 1225 1022 1270 tempestate
1044 1220 1165 1259 timidi
1188 1226 1224 1258 et
1245 1219 1457 1270 perterriti,
1486 1219 1589 1257 dice—

176 1281 263 1313 rent
283 1287 363 1313 non
385 1275 523 1314 iniuria
552 1276 622 1315 sihi
651 1276 740 1315 illud
769 1277 957 1322 accidere,
989 1277 1053 1327 qui
1081 1276 1187 1314 illum
1210 1276 1250 1314 in
1272 1276 1429 1314 eandem
1453 1287 1587 1313 navem

176 1331 432 1381 recepissent,
459 1333 629 1371 ostendit
656 1333 710 1371 eis
741 1333 778 1371 in
800 1334 935 1371 eodem
959 1345 1074 1371 cursu
1097 1332 1234 1371 multas
1257 1332 1347 1371 alias
1369 1331 1588 1370 laborantes

177 1382 459 1438 quaesivitque,
482 1400 576 1427 num
599 1389 712 1427 etiam
738 1389 775 1427 in
796 1390 841 1427 iis
863 1389 1022 1427 navibus
1044 1389 1248 1439 Diagoram
1268 1388 1355 1426 vehi
1378 1388 1587 1426 crederent.

179 1443 242 1482 Sic
269 1444 372 1482 enim
401 1458 442 1483 se
469 1457 531 1483 res
558 1445 692 1491 hahet,
721 1451 762 1483 nt
790 1446 835 1484 ad
858 1458 1087 1496 prosperam
1110 1446 1356 1483 adversamve
1379 1446 1587 1490 fortunam,

106 1506 148 1538 90
179 1500 300 1551 qualis
329 1500 382 1539 sis
411 1506 475 1539 aut
504 1502 834 1552 quemadmodum
868 1502 1024 1547 vixeris,
1059 1501 1153 1539 nihil
1187 1501 1348 1539 intersit.
1391 1500 1479 1538 Non
1505 1500 1589 1538 ani-

177 1557 435 1604 madvertunt,
453 1557 586 1608 inquit,
610 1558 739 1596 onmia
757 1558 826 1596 dii:
849 1571 896 1596 ne
913 1570 1023 1608 reges
1041 1557 1206 1608 quidem.
1245 1557 1345 1604 Quid
1362 1562 1420 1594 est
1437 1554 1590 1595 simile?

96 1613 149 1653 38
175 1612 297 1663 Reges
320 1614 423 1652 enim
446 1614 478 1652 si
501 1614 667 1653 scientes
689 1615 1016 1665 praetermittunt,
1045 1626 1184 1664 magna
1208 1613 1318 1664 culpa
1339 1619 1407 1652 est.
1449 1613 1497 1652 At
1518 1612 1588 1651 deo

917 1771 970 1802 60.
1007 1770 1085 1802 Tac.
1104 1771 1187 1802 Hist.
1206 1769 1259 1811 IV,
1280 1770 1337 1801 75:
1361 1769 1407 1801 ad
1422 1780 1461 1801 ea
1479 1769 1589 1803 Ceria-

917 1816 956 1848 lis
976 1816 1071 1848 Citv'lt'
1087 1819 1120 1847 et
1138 1815 1284 1847 Classico
1300 1815 1392 1846 nihil.

173 1770 233 1801 der
273 1780 342 1809 sog.
680 1771 842 1803 Lehrsatz

173 1815 254 1845 oder
270 1815 431 1854 magister
443 1817 641 1847 matheseos.
656 1835 701 1839 —
715 1815 842 1849 Cotta's

377 1770 638 1813 Pyfflagorisehc

173 1859 347 1890 Bedenken
378 1860 559 1900 beseitigen
591 1861 708 1902 Einige
741 1862 842 1893 durch

172 1904 225 1935 die
254 1904 405 1944 Angabe,
446 1906 506 1936 der
533 1906 704 1947 geopferte
735 1906 841 1937 Ochse

173 1949 220 1980 sei
239 1959 301 1980 nur
319 1959 381 1980 von
400 1948 483 1989 Teig
501 1960 666 1990 gewesen.

219 2007 256 2036 ut
276 2004 445 2046 Diogenes
468 2006 607 2038 (Iit-ebat.
654 2007 841 2048 Beziehung

171 2049 231 2081 auf
251 2050 310 2081 den
336 2050 418 2081 oben
437 2062 464 2082 c.
484 2050 541 2093 34,
560 2051 600 2083 83
619 2052 838 2092 angeliihrten

173 2095 375 2137 Ausspruch.

216 2156 285 2196 37.
319 2163 372 2194 89.
403 2163 585 2205 Diagoras.
625 2166 657 2196 S.
679 2176 719 2196 zu
738 2165 765 2205 l,
789 2165 840 2208 23,

171 2208 223 2239 63.
271 2208 325 2239 Bei
346 2208 437 2249 Diog.
455 2208 491 2240 L.
511 2208 571 2247 Vl,
597 2210 639 2241 59
669 2211 751 2241 wird
770 2211 840 2242 die-

171 2253 260 2284 selbe
280 2253 454 2285 Anekdote
481 2255 626 2294 erziililt,
656 2255 737 2286 abet·
759 2261 842 2288 statt

170 2299 227 2329 des
248 2298 407 2339 Diagoras
432 2300 490 2330 der
508 2298 654 2341 Cyniker
678 2300 841 2341 Diogenes

170 2348 324 2383 germunt.

214 2401 313 2440 atque
329 2400 361 2430 εί
371 2398 505 2440 qnidam
519 2401 658 2431 amicus.
683 2399 743 2431 Die
754 2399 840 2431 Aus-

171 2443 306 2484 lassung
329 2444 385 2475 des
411 2444 501 2475 verbi
527 2445 654 2475 dicendi
686 2445 729 2475 ist
753 2445 841 2477 nicht

170 2498 206 2519 so
239 2489 328 2525 hart,
366 2489 441 2520 dass
474 2500 546 2520 inan
580 2490 754 2529 ‹lesu-egon
789 2491 839 2521 die

170 2533 275 2565 Stelle
294 2534 348 2564 fiir
365 2535 563 2576 eorrumpirt
587 2535 696 2566 haltvn
716 2535 836 2565 diirl'te.

170 2577 244 2618 Vgt.
263 2578 300 2610 F.
316 2579 355 2610 A.
373 2578 470 2610 wolt'
483 2590 585 2611 verm.
606 2580 696 2611 Schr.
712 2580 744 2610 S.
764 2580 837 2610 159.

963 1872 1007 1893 az·
1025 1864 1074 1892 tot
1092 1861 1215 1892 tabulis
1231 1862 1341 1903 pictis,
1360 1861 1389 1891 d.
1406 1861 1434 1890 h.
1450 1870 1509 1891 aus
1517 1859 1586 1891 Vo-

916 1906 1150 1946 tivgemiilden.
1184 1905 1293 1937 Schol.
1308 1906 1404 1946 Cruq.
1418 1906 1458 1936 ad
1473 1904 1586 1936 Horat.

915 1951 984 1982 Sat.
1006 1950 1049 1989 ll,
1079 1950 1111 1989 l,
1130 1950 1189 1981 32:
1226 1950 1353 1982 Varii-a
1383 1949 1495 1981 tabula
1524 1953 1585 1990 est,

914 2006 999 2038 quae
1024 2006 1068 2026 em
1095 1998 1170 2026 volo
1191 1997 1304 2038 posita
1328 1998 1376 2026 est
1399 1996 1431 2026 1'11
1464 1995 1585 2037 templo

913 2043 975 2072 aut
997 2040 1107 2081 aliquo
1124 2040 1194 2071 loeo
1216 2040 1367 2082 publico,
1391 2042 1423 2071 in
1448 2050 1513 2081 qua
1529 2039 1585 2071 de-

914 2088 1042 2128 scripta
1058 2086 1088 2116 Ιι.
1105 2096 1131 2115 e.
1151 2085 1283 2127 depicta
1300 2086 1509 2126 estsortuna
1526 2084 1586 2115 ali-

914 2133 1021 2162 cuius.
1073 2130 1125 2161 lta
1157 2130 1265 2161 solent
1291 2130 1461 2171 naufragi
1485 2140 1585 2161 suum

913 2177 1141 2217 mausz-aginta
1165 2176 1199 2206 in
1221 2175 1339 2206 tabella
1356 2174 1526 2218 depictum.
1542 2192 1586 2197 -—

914 2222 946 2252 1'11
979 2221 1109 2263 templis
1138 2220 1240 2251 alieni
1265 2220 1326 2251 deo
1353 2222 1586 2252 consecratum

914 2265 1131 2308 srzzspemlere.
1188 2265 1246 2296 Die
1280 2264 1583 2296 Samothracischen

916 2310 1108 2343 Gottheiteu
1146 2310 1326 2341 besonders
1355 2310 1490 2341 wurden
1520 2319 1582 2339 von

915 2355 1159 2387 Seel'ahreuden
1178 2355 1228 2386 als
1247 2354 1364 2386 Retter
1379 2354 1571 2395 angerusen.

959 2402 1013 2431 90.
1039 2402 1158 2442 iuquit.
1193 2400 1255 2431 Mit
1270 2400 1457 2439 Bezieliung
1474 2398 1533 2430 aut'
1546 2397 1583 2437 ll,

914 2445 965 2486 60,
988 2444 1058 2482 167,
1077 2446 1157 2476 doeh
1177 2455 1225 2481 so,
1245 2445 1321 2475 dass
1341 2445 1428 2475 nicht
1446 2443 1582 2485 speciell

913 2490 1050 2527 Balbus,
1075 2491 1217 2521 sondern
1242 2490 1354 2529 irgend
1380 2490 1430 2520 ein
1452 2488 1585 2529 Gegner

913 2535 953 2566 im
973 2535 1200 2575 Allgemeinen
1225 2535 1374 2574 getadelt
1392 2535 1489 2565 wird:
1521 2533 1583 2564 wie

912 2581 1018 2622 inquit
1034 2579 1144 2620 liiiuflg
1162 2579 1260 2610 steht.
