1684 2819
206 157 258 196 62
778 151 836 184 DE
861 150 1044 184 ormcns

208 257 296 296 dam
318 253 572 306 ignominiam
599 253 736 292 timere
757 259 794 291 et
820 253 1032 292 infamiam.
1074 252 1173 293 Sunt
1192 254 1315 300 enim,
1345 254 1409 306 qui
1438 254 1477 292 in
1504 254 1620 294 rebus

207 311 411 352 contrariis
433 321 570 361 parum
593 309 665 348 sibi
688 314 888 357 constent,
915 309 1150 360 voluptatem
1174 311 1418 350 severissime
1440 316 1618 350 contem-

203 374 316 415 nant,
339 368 378 406 in
401 366 535 404 dolore
557 365 635 404 sint
655 365 869 411 molliores,
892 365 1054 416 gloriam
1073 366 1286 418 neglegant,
1308 368 1536 419 frangantur
1555 367 1616 406 in-

136 433 176 465 72
207 425 332 471 samia,
353 429 466 474 atque
488 434 533 461 ea
553 421 708 473 quidem
730 434 811 461 non
833 421 925 460 satis
943 427 1177 461 constanter.
1214 422 1290 462 Sed
1311 423 1371 471 iis,
1394 424 1458 475 qui
1479 423 1621 462 habent

206 494 227 519 a
248 485 383 519 natura
405 478 626 518 adiumenta
647 490 779 517 rerum
801 478 1070 529 gerendarum,
1091 478 1235 517 abiecta
1254 480 1360 518 omni
1376 480 1620 519 cunctatione

206 535 443 587 adipiscendi
465 535 714 585 magistratus
738 540 776 573 et
797 534 963 585 gerenda
983 547 1046 573 res
1063 535 1215 585 publica
1236 541 1311 574 est:
1333 546 1404 574 nec
1426 536 1528 575 enim
1549 536 1619 575 ali-

206 599 263 631 ter
284 597 350 632 aut
370 591 450 642 regi
468 591 598 630 civitas
620 596 683 630 aut
705 591 886 630 declarari
909 591 1028 630 animi
1050 592 1277 642 magnitudo
1295 597 1437 643 potest.
1475 592 1618 644 Capes-

208 649 383 688 sentibus
410 653 537 687 autem
571 660 653 686 rem
681 647 874 698 publicam
902 648 1021 686 nihilo
1056 647 1185 686 minus
1212 661 1329 699 quam
1356 648 1618 700 philosophis,

206 706 307 744 1131111
330 705 410 744 5610
433 717 481 744 311
509 704 631 755 magis
660 704 772 743 etiam
796 710 833 742 et
859 704 1141 754 magnificentia
1169 710 1205 743 et
1232 704 1481 756 despicientia
1510 705 1619 744 adhi-

207 761 330 801 benda
352 767 410 800 est
438 773 567 800 rerum
589 761 864 806 humanarum,
893 773 1006 811 quam
1036 773 1152 812 saepe
1174 761 1279 808 dico,
1309 768 1345 800 et
1366 761 1619 812 tranquillitas

207 819 325 857 animi
353 823 467 869 atque
496 817 700 864 securitas,
735 817 766 855 si
795 816 950 868 quidem
978 830 1048 855 ncc
1075 817 1175 856 anxii
1203 818 1320 857 futuri
1349 823 1440 857 sunt
1467 823 1505 856 et
1531 829 1620 857 cunt

138 882 177 913 73
210 874 390 926 gravitate
412 874 704 924 constantiaque
726 873 873 912 victuri.
915 873 1021 920 Quae
1050 873 1216 913 faciliora
1239 879 1330 913 sunt
1358 874 1618 925 philosophis,

207 943 283 982 quo
306 931 436 969 minus
464 930 583 969 multa
604 935 736 981 patent
763 930 801 967 in
830 942 966 968 corum
993 931 1086 974 vita,
1118 943 1215 981 quae
1244 931 1397 969 fortuna
1426 930 1554 977 feriat,
1584 935 1621 968 et

206 1000 282 1038 quo
312 987 441 1025 minus
470 986 601 1024 multis
630 986 745 1024 rebus
775 991 887 1036 egent
908 991 944 1024 et
966 986 1072 1036 quia,
1101 987 1132 1024 si
1163 986 1254 1036 quid
1283 986 1434 1025 adversi
1462 986 1620 1033 eveniat,

205 1049 282 1082 tam
306 1043 470 1094 graviter
491 1042 627 1080 cadere
649 1054 729 1080 111111
751 1049 931 1093 possunt.
974 1042 1164 1088 Quocirca
1192 1053 1273 1081 non
1295 1042 1379 1081 sine
1401 1055 1515 1081 causa
1536 1054 1619 1081 lna-

204 1099 308 1138 iores
330 1104 461 1138 motus
485 1098 705 1137 animorum
729 1098 973 1141 concitantur
993 1098 1195 1149 maiorque
1220 1098 1410 1138 efficiendi
1432 1110 1522 1138 cura
1539 1111 1618 1137 rem

205 1155 397 1206 publicam
420 1154 639 1206 gerentibus
669 1167 784 1206 quam
814 1155 973 1205 quietis,
1002 1168 1078 1205 11110
1107 1155 1227 1206 inagis
1258 1155 1304 1193 iis
1332 1161 1368 1194 et
1395 1155 1619 1206 magnitudo

205 1216 264 1250 est
285 1211 403 1251 animi
425 1211 638 1250 adhibenda
660 1217 697 1249 et
717 1211 885 1250 vacuitas
908 1211 953 1249 ab
970 1211 1192 1261 angoribus.
1228 1212 1285 1250 Ad
1307 1224 1390 1250 rem
1411 1211 1620 1262 gerendam

204 1273 332 1307 autem
361 1267 425 1319 qui
453 1267 597 1306 accedit
626 1272 754 1306 caveat
775 1279 822 1305 nc
843 1268 881 1306 id
910 1267 1028 1306 modo
1058 1268 1296 1313 consideret,
1325 1280 1440 1319 quam
1469 1267 1528 1306 illa
1558 1280 1619 1306 res

206 1325 372 1363 honesta
393 1323 452 1370 sit,
477 1324 544 1362 sed
561 1324 674 1362 etiam
692 1329 733 1362 ut
751 1324 889 1362 habeat
906 1324 1095 1363 efficiendi
1114 1324 1349 1363 facultatem:
1371 1324 1411 1362 in
1433 1336 1509 1375 quo
1533 1324 1619 1375 ipso

207 1380 534 1419 considerandum
555 1387 613 1419 est
633 1392 681 1418 ne
710 1386 775 1419 aut
797 1387 941 1419 temere
964 1380 1142 1431 desperet
1165 1387 1325 1432 propter
1344 1380 1532 1431 ignaviam
1556 1386 1621 1419 aut

204 1437 320 1475 nimis
345 1436 514 1476 confidat
534 1441 695 1488 propter
723 1436 982 1487 cupiditatem.
1024 1437 1067 1475 ln
1090 1437 1271 1475 omnibus
1294 1444 1422 1476 autem
1444 1436 1619 1487 negotiis,

205 1493 430 1544 priusquam
452 1493 693 1543 adgrediare,
716 1493 930 1532 adhibenda
952 1499 1009 1531 cst
1031 1494 1272 1544 praeparatio
1295 1493 1469 1544 diligens.

125 1549 178 1587 252
319 1549 394 1588 Sed
417 1562 504 1588 cum
521 1549 694 1601 plerique
716 1549 948 1589 arbitrentur
963 1562 1024 1588 rcs
1046 1549 1197 1589 bellicas
1216 1550 1381 1589 maiores
1397 1562 1482 1588 esse
1504 1561 1620 1600 11113111

134 1610 175 1642 74
205 1606 388 1653 urbanas,
403 1606 612 1645 minuenda
626 1611 684 1644 est
697 1606 794 1645 haec
808 1607 954 1657 opinio.
983 1606 1089 1645 Multi
1106 1606 1208 1645 enim
1226 1606 1320 1645 bella
1338 1619 1452 1658 saepe
1467 1605 1618 1657 quaesi-

202 1667 340 1702 verunt
352 1668 513 1714 propter
528 1662 671 1713 gloriae
687 1662 946 1713 cupiditatem,
963 1669 1076 1714 atque
1088 1663 1124 1701 id
1140 1663 1178 1701 in
1195 1663 1344 1713 magnis
1356 1663 1495 1702 animis
1511 1662 1615 1712 inge·

202 1719 354 1770 niisque
369 1719 597 1770 plerumque
614 1719 804 1769 contingit
817 1731 939 1770 eoquo
957 1720 1090 1770 magis,
1105 1719 1137 1758 si
1153 1725 1243 1758 sunt
1259 1720 1304 1758 ad
1321 1732 1402 1758 rem
1416 1719 1619 1758 militarem

204 1776 282 1826 apti
305 1783 341 1814 ct
362 1775 491 1826 cupidi
513 1775 701 1814 bellorum
723 1776 996 1826 gerendorum.
1041 1776 1134 1814 Vere
1156 1781 1282 1815 autem
1305 1776 1335 1815 si
1358 1776 1536 1815 volumus
1559 1774 1618 1814 iu-

202 1899 273 1930 bier
289 1898 370 1930 aber
387 1898 417 1929 111
432 1897 648 1939 Verbindung
666 1899 724 1930 mit
738 1898 874 1941 repulsa

200 1944 258 1975 das
273 1943 484 1983 vergebliche
498 1943 661 1974 Beiniihcn
678 1954 739 1974 zur
752 1943 872 1975 Erlan-

201 1999 289 2029 gung
305 1989 398 2019 einer
415 1988 530 2027 836116,
558 1989 753 2020 nainentlicli
780 1989 872 2020 eines

200 2034 326 2065 Amtes.
366 2033 498 2064 Ebenso
529 2043 577 2074 pr.
607 2033 717 2065 Plane.
747 2033 799 2070 21,
831 2034 872 2064 55

201 2078 485 2120 offensiunculam
500 2079 660 2121 accipet-e.
680 2089 728 2120 pr.
748 2078 768 2109 l.
785 2078 871 2110 Man.

204 2124 254 2164 10,
273 2123 315 2155 28
343 2134 408 2156 non
438 2124 684 2165 offensionibus
714 2123 787 2155 belli
813 2123 875 2156 secl

199 2170 362 2201 victoriis.

245 2214 440 2246 adiumenta
473 2224 590 2246 rerum
625 2225 719 2256 ger„
766 2214 869 2246 sowol

200 2259 408 2301 kiit·1›et·lit·l1‹¹
424 2260 486 2290 und
501 2260 641 2299 geistige
656 2260 804 2299 Anlagen
821 2260 871 2290 als

200 2305 390 2336 lleirhthuni
420 2305 485 2335 und
514 2305 690 2335 vorm-lune
716 2304 870 2336 Δ411513111-

199 2360 306 2390 inung.

245 2394 297 2426 72.
330 2394 423 2426 haud
443 2396 512 2426 scio
537 2406 594 2426 (ιη.
622 2395 651 2425 d.
678 2395 696 2425 i.
717 2395 870 2435 fortasse,

199 2439 368 2471 adverbia!
389 2440 646 2480 cingesclioben,
675 2440 737 2470 1116
760 2442 870 2471 neseio

198 2496 253 2517 nn.
294 2485 393 2516 Tnsc.
420 2484 462 2524 ll,
490 2484 545 2524 18,
573 2484 613 2515 64
639 2487 669 2515 el
693 2487 803 2516 neseio
827 2495 868 2516 (ιιι

197 2530 309 2572 paullo
337 2531 528 2573 plusquam
558 2530 664 2562 liceat.
699 2530 766 2561 1)1ϊ
783 2529 869 2561 Con-

195 2576 324 2615 junctiv
350 2578 395 2607 ,s-t't
418 2576 507 2607 stelit
530 2576 643 2607 darum
664 2574 870 2615 selbstiindig

946 1900 1027 1931 oder
1041 1900 1163 1931 kiinnte
1178 1911 1240 1931 nur
1252 1900 1351 1931 durch
1367 1900 1439 1931 eine
1455 1900 1517 1930 Art
1530 1899 1619 1930 Ana-

947 1944 1095 1976 koluthie
1121 1955 1184 1975 von
1202 1945 1293 1977 haud
1309 1946 1377 1976 scio
1395 1955 1438 1976 an
1457 1944 1618 1984 abhiingig

945 1990 1085 2029 gedacht
1102 1990 1183 2020 sein.

992 2043 1044 2074 73.
1094 2045 1269 2085 maiorque
1313 2042 1485 2085 elflce'endi
1525 2053 1616 2083 cura,

945 2089 1050 2128 sorge
1065 2099 1117 2119 um
1132 2089 1192 2119 111-11
1210 2088 1327 2128 Erl'olg
1341 2088 1392 2119 bei
1407 2089 1468 2120 den
1485 2089 1618 2120 Bostre-

945 2133 1086 2173 bungeu.
1102 2133 1618 2175 essioereistabsolutgebraucht

946 2179 1009 2209 wie
1027 2181 1058 2210 in
1078 2178 1248 2221 efficiendi
1252 2179 1422 2221 facultas.

992 2237 1140 2266 vacuitas
1153 2237 1194 2267 ab
1211 2237 1416 2277 angoribus:
1441 2247 1552 2277 angor
1569 2236 1613 2266 ist

947 2281 997 2311 dic
1023 2279 1101 2312 111-11·
1127 2281 1400 2321 Bekiimmcrniss,
1426 2281 1543 2321 Angst,
1562 2280 1614 2311 die

946 2326 987 2356 1111
1007 2324 1195 2365 Gegensatz
1214 2337 1254 2357 zu
1273 2336 1355 2357 cut-a
1372 2330 1456 2357 stets
1474 2326 1523 2356 als
1539 2336 1616 2368 per·—

946 2372 1095 2402 wrbatio
1111 2373 1233 2402 mentis
1249 2370 1434 2410 aul'gcl'asst
1452 2371 1546 2401 wird.

989 2421 1054 2458 22.
1084 2427 1135 2458 74.
1163 2426 1264 2458 Mam
1282 2427 1368 2457 enim
1394 2437 1511 2470 saepe:
1539 2437 1563 2458 5.
1584 2438 1613 2458 z.

946 2472 979 2514 ll,
997 2474 1027 2508 (5,
1048 2472 1100 2503 20.

987 2531 1019 2560 in
1036 2529 1169 2570 magnis
1183 2529 1305 2559 annuis
1319 2529 1536 2570 ingeniisque,
1551 2527 1581 2558 d.
1592 2528 1613 2558 i.

941 2576 973 2604 e'n
1010 2574 1201 2605 lzona'm'bus
1230 2584 1353 2615 mag-110
1388 2575 1500 2605 animo
1536 2574 1614 2614 iuga,
