1684 2819
180 139 256 178 184
546 137 702 171 [ABER
722 137 777 170 lv.
802 139 853 180 ιτ,
877 140 931 172 39.
953 140 1008 172 40.

1070 140 1122 179 18,
1143 139 1197 171 41.

176 254 360 295 adhibent
382 254 535 293 modum
559 253 774 305 quendam,
809 266 920 306 quem
943 254 1041 294 ultra
1063 253 1245 308 progredi
1269 268 1344 294 non
1378 260 1565 308 oporteat.

112 319 154 352 39
175 312 332 352 Modum
357 318 397 350 tu
419 308 577 350 adhibes
601 309 724 349 vitio?
755 322 803 348 an
833 310 966 349 vitium
999 310 1144 351 nullum
1168 319 1224 352 est
1249 326 1325 351 non
1348 324 1483 364 parere
1505 324 1568 350 ra-

177 368 303 408 tioni?
333 381 381 407 an
412 365 512 405 ratio
542 380 675 419 parum
700 366 908 420 praecipit,
941 379 1012 406 nec
1033 367 1175 408 bonum
1198 368 1289 408 illud
1322 382 1436 417 esse,
1469 367 1568 421 quod

179 432 245 465 aut
267 424 398 477 cupias
421 422 604 462 ardenter
625 429 691 463 aut
713 422 872 475 adeptus
896 422 1036 464 efferas
1060 430 1097 463 te
1113 423 1344 475 insolenter,
1365 438 1435 465 nec
1453 438 1569 478 porro

176 481 345 530 malum,
377 493 451 532 quo
482 486 547 518 aut
575 493 784 533 oppressus
813 480 942 520 iaceas
970 485 1059 529 aut,
1093 493 1141 519 ne
1163 481 1406 534 opprimare,
1441 488 1569 521 mento

176 537 247 577 vix
270 536 458 576 constes?
488 548 610 589 eaque
632 537 786 585 omnia,
818 544 884 576 aut
914 536 1026 576 nimis
1057 536 1181 576 tristia
1214 544 1279 577 aut
1308 538 1422 578 nimis
1452 539 1567 587 laeta,

178 607 314 634 errore
336 593 446 633 fieri?
478 592 548 643 Qui
571 595 603 633 si
626 606 738 633 error
758 593 886 634 stultis
909 600 1144 633 extenuetur
1167 593 1227 632 die
1242 624 1252 642 ,
1286 601 1340 642 ut,
1368 609 1485 647 quum
1507 608 1570 635 res

178 651 335 691 eaedem
358 656 555 699 maneant,
581 650 695 690 aliter
717 652 842 691 ferant
867 650 1111 700 inveterata,
1146 650 1258 690 aliter
1278 651 1475 691 recentia:
1510 664 1574 691 sa-

112 716 153 747 40
176 707 327 762 pientes
357 720 406 746 ne
439 707 603 760 attingat
634 707 785 760 quidem
810 708 979 748 omnino.
1012 707 1166 747 Etenim
1199 708 1282 760 quis
1315 707 1390 748 erit
1419 707 1573 747 tandem

175 765 310 805 modus
332 764 434 804 iste?
456 763 693 814 Quaeramus
716 764 816 805 enim
840 764 994 804 modum
1017 764 1296 816 aegritudinis,
1327 765 1364 804 in
1387 778 1460 817 quo
1483 777 1572 818 ope-

176 835 243 862 rae
276 820 481 874 plurimum
512 822 682 875 ponitur.
731 821 860 875 Aegre
893 821 1028 862 tulisse
1056 822 1100 861 P.
1127 821 1318 875 Rupilium
1350 822 1482 862 fratris
1512 835 1574 861 re-

177 879 325 932 pulsam
358 877 608 927 consulatus,
644 878 828 933 scriptum
863 879 959 931 apud
991 878 1180 918 Fannium
1214 886 1286 919 cst.
1341 878 1413 918 Sed
1446 886 1573 918 tamen

176 936 367 976 transisse
397 935 553 975 videtur
582 936 760 986 modum,
796 935 932 989 quippe
964 936 1027 989 qui
1057 935 1103 975 ob
1135 950 1218 975 eam
1249 949 1423 976 caussam
1451 949 1473 975 a
1494 934 1574 975 vita

175 992 409 1040 recesserit,
443 993 684 1033 moderatius
712 994 833 1047 igitur
856 995 960 1032 serre
982 992 1124 1032 debuit.
1161 992 1286 1043 Quid?
1318 993 1365 1042 si,
1398 1006 1512 1045 quum
1537 992 1574 1032 id

176 1050 300 1088 ferret
320 1048 494 1098 modice,
529 1063 633 1091 mors
665 1049 877 1090 liberorum
900 1050 1162 1091 accessisset?
1194 1055 1282 1088 nata
1314 1056 1415 1089 esset
1447 1048 1576 1102 aegri-

176 1107 268 1146 tudo
292 1120 407 1145 nova.
444 1106 516 1145 Sed
540 1120 585 1146 ea
609 1107 771 1147 modica.
820 1106 961 1160 Magna
987 1114 1113 1146 tamen
1139 1108 1235 1146 facta
1258 1112 1362 1146 esset
1383 1105 1572 1146 accessio.

179 1162 302 1213 Quid?
333 1163 363 1202 si
388 1163 526 1202 deinde
548 1163 702 1204 dolores
725 1178 867 1218 graves
890 1164 1090 1217 corporis,
1124 1164 1155 1204 si
1185 1163 1375 1203 bonorum
1398 1162 1572 1210 amissio,

177 1220 209 1260 si
228 1220 412 1268 caecitas,
439 1220 470 1259 si
494 1220 708 1260 exsilium?
738 1221 777 1261 Si
812 1235 882 1274 pro
905 1221 1067 1275 singulis
1090 1221 1202 1260 malis
1224 1219 1490 1274 aegritudines
1513 1232 1577 1258 ac-

177 1276 376 1324 cederent,
403 1291 550 1317 summa
574 1291 619 1317 ea
642 1277 766 1326 lieret,
793 1292 888 1330 quae
910 1292 988 1317 nou
1009 1277 1288 1317 sustineretur.

108 1333 162 1377 18
296 1333 367 1385 Qui
392 1334 544 1373 modum
568 1334 689 1388 igitur
712 1334 807 1374 vitio
830 1336 996 1388 quaerit,
1022 1334 1202 1374 similiter
1225 1334 1329 1382 facit,
1356 1340 1395 1373 ut
1412 1333 1443 1373 si
1463 1346 1576 1386 posse

112 1399 150 1430 41
177 1397 285 1444 putet
317 1404 428 1440 eum,
463 1390 527 1443 qui
559 1404 601 1430 se
637 1404 657 1430 c
693 1392 864 1432 Leucata
900 1391 1240 1446 praecipitaverit,
1281 1390 1477 1430 sustinere
1514 1403 1572 1438 se,

178 1462 293 1501 quum
317 1447 423 1487 velit.
460 1447 508 1487 Ut
529 1448 630 1487 enim
652 1448 689 1488 id
712 1463 790 1488 non
813 1456 959 1502 potest,
989 1449 1044 1488 sie
1075 1448 1226 1488 animus
1259 1446 1506 1501 perturbatus
1539 1453 1574 1485 et

218 1559 319 1590 quem
339 1549 451 1587 altra,
472 1550 694 1592 Anastrophe,
717 1550 780 1581 wie
800 1549 838 1581 ll.

173 1596 204 1631 6,
230 1595 268 1625 15
288 1596 380 1625 liano
394 1599 488 1637 posl.
529 1594 631 1628 Ultra
651 1596 753 1627 findet
771 1595 840 1626 sich

172 1645 265 1672 sonst
285 1651 346 1671 nur
364 1641 416 1672 bei
432 1641 588 1672 Diclitern
608 1642 672 1673 und
690 1641 742 1673 bei
757 1640 837 1673 Tac.

174 1696 208 1717 so
231 1686 427 1726 gebrant-ht.

219 1734 273 1763 2311.
304 1743 433 1774 parum
463 1733 584 1774 „nicht
611 1733 758 1766 deutlich
785 1743 841 1774 ge-

174 1779 280 1817 nug·‘.

219 1826 282 1854 [1111
303 1841 340 1845 —-
359 1827 474 1854 mente
488 1827 547 1855 viat
561 1828 697 1855 constes
714 1839 759 1850 Ξ
777 1828 842 1855 aut

171 1871 412 1910 pertitueseas,
435 1880 476 1899 ue
494 1872 709 1911 opprimar-e.
746 1869 839 1901 Denn

173 1914 235 1945 wie
266 1913 383 1945 Cicero
414 1915 539 1946 voi-her-
564 1916 741 1956 capidibus
774 1915 837 1946 und

175 1959 312 1991 laetitia
334 1959 373 1990 im
395 1959 496 1990 Sinne
515 1961 627 1998 hatte,
657 1971 692 1992 so
720 1962 751 1991 in
772 1961 841 1991 (lie-

175 2015 242 2037 sem
254 2004 410 2046 Sa.1ze(in
422 2005 653 2045 umgekelirter
665 2006 838 2047 Ordnung)

176 2051 364 2092 aegritudo
384 2051 448 2082 und
467 2055 592 2084 metus.

221 2097 289 2134 (lie,
309 2096 371 2128 wie
391 2096 448 2128 lll.
469 2098 525 2136 311,
547 2097 599 2127 71.

220 2143 275 2174 11».
305 2145 339 2174 in
359 2152 428 2183 quo
447 2142 490 2174 ist
514 2152 572 2173 aus
599 2143 660 2174 ‹lcn
687 2145 840 2184 geringe-

177 2198 234 2219 ren
256 2187 396 2219 Hdsclir.
429 2187 482 2218 fiir
511 2190 542 2218 ιἰι
562 2198 632 2228 qua
651 2190 841 2227 anl'genom-

176 2244 262 2274 men,
277 2234 317 2264 (la
330 2234 388 2264 ‹ler
399 2233 539 2264 Sinndie
550 2234 841 2273 Bezieliungniclit

178 2280 238 2310 aul*
253 2279 442 2320 aegritudo
457 2304 465 2316 ,
496 2280 637 2311 sondern
663 2279 724 2311 anf
739 2290 842 2320 quae-

179 2335 256 2356 rere
283 2324 424 2356 modum
445 2325 683 2366 negt-studium
704 2325 841 2356 l'ordert.

220 2373 380 2413 ponitur,
413 2370 511 2400 n'aml.
539 2380 601 2401 von
621 2371 652 2401 d.
675 2370 843 2413 Peripate-

181 2416 302 2448 tikern.

224 2463 263 2494 P.
284 2461 446 2503 Rupilius
466 2461 604 2503 Lupus,
631 2461 691 2492 1:32
710 2471 740 2491 v.
764 2460 842 2492 Chr.

182 2508 317 2539 Consul.
354 2507 446 2539 Lael.
478 2508 540 2544 20,
572 2508 632 2537 725:
661 2506 778 2545 Scipio
805 2507 842 2539 P.

181 2554 355 2596 Rupilium
369 2555 490 2595 polm'l·
507 2552 680 2584 consulem
697 2553 841 2593 efficere,

172 2602 331 2641 fratrem
361 2602 434 2631 eius
452 2599 598 2631 Lucium
624 2609 689 2629 non
710 2601 840 2639 poluit.

912 1548 998 1580 Plin.
1019 1548 1058 1580 H.
1081 1546 1119 1579 N.
1142 1547 1214 1578 Vll.
1236 1548 1295 1577 :⁵62
1324 1546 1379 1588 (P.
1396 1545 1578 1588 Rupilias)

910 1594 1033 1625 morbo
1069 1594 1135 1625 levi
1167 1593 1376 1635 impeditus,
1410 1594 1578 1623 nunciata

902 1641 1041 1682 fratris
1068 1639 1208 1680 repulsa
1236 1641 1270 1670 in
1297 1638 1503 1670 consulatus
1518 1649 1578 1679 pe-

913 1688 1058 1726 titione,
1085 1686 1179 1717 illico
1206 1686 1416 1726 zzz-spiravit.
1459 1683 1580 1715 Dieser

911 1731 1051 1771 llruder,
1069 1731 1206 1764 Lucius,
1223 1740 1294 1761 war
1312 1730 1373 1761 1⁴10
1391 1728 1510 1760 Pr'ator
1523 1740 1578 1770 ge-

910 1788 1034 1809 wesen.
1057 1796 1096 1799 —-
1118 1776 1176 1807 Die
1196 1776 1399 1817 ‹lialogische
1411 1775 1522 1815 Form,
1545 1775 1577 1806 in

911 1823 969 1854 der
987 1823 1059 1854 hier
1071 1822 1191 1853 Cicero
1206 1822 1258 1853 die
1271 1821 1377 1864 Perip.
1396 1820 1577 1863 bek'aimpl't,

911 1869 950 1899 ist
972 1869 1075 1899 leiclit
1094 1879 1133 1899 zu
1154 1868 1334 1899 erkenuen.

959 1915 994 1945 Γ.
1015 1914 1170 1945 Fannius
1190 1914 1339 1952 Strabo,
1361 1912 1502 1943 Schiiler
1519 1911 1578 1943 des

911 1960 1062 1991 Stoikers
1093 1958 1271 1996 l'aniitius,
1303 1958 1576 1997 Schwiegersohn

910 2005 966 2036 des
987 2005 1023 2036 C.
1047 2004 1160 2035 Liilius
1179 2004 1331 2046 Sapiens,
1362 2003 1493 2035 selu-iel)
1510 2003 1578 2034 An-

912 2051 1014 2082 nales.
1037 2049 1112 2089 vgl.
1136 2051 1296 2089 151·111.21;,
1314 2050 1369 2080 1111
1393 2061 1426 2080 u.
1451 2049 1576 2086 21,⁴01.

955 2094 1018 2132 18.
1040 2098 1094 2127 ⁴ll.
1121 2100 1158 2127 u!
1177 2098 1218 2129 si.
1242 2096 1321 2126 nach
1341 2095 1579 2136 sirnililwsa-

911 2145 969 2177 cit,
994 2142 1046 2173 fiir
1064 2153 1104 2173 ar·
1121 2145 1165 2174 ss.
1186 2142 1247 2173 wie
1268 2142 1306 2172 de
1326 2141 1380 2172 off.
1402 2140 1424 2172 l.
1445 2141 1498 2179 25,
1513 2141 1574 2171 87:

910 2188 1211 2226 sim{litet-,farere
1227 2198 1283 2218 eos
1298 2206 1340 2209 —
1353 2190 1393 2218 ut
1404 2189 1436 2218 si
1448 2190 1580 2217 nautae

912 2237 1099 2273 certat-ant,
1124 2236 1201 2274 quis
1219 2244 1338 2265 eornm
1352 2234 1576 2274 polz'sse'nmm

909 2281 1138 2322 gubernaret.

958 2325 1128 2358 Leucata,
1156 2320 1347 2364 Λεινκάτη,
1373 2324 1461 2365 jetzt
1488 2323 1576 2364 Capo

914 2371 1060 2405 Ducato.
1094 2371 1153 2401 das
1172 2369 1375 2411 Vol-gebirgc
1403 2369 1461 2399 der
1491 2369 1576 2400 lnscl

916 2415 1081 2448 Loucadia
1102 2417 1198 2457 (jetzt
1219 2415 1320 2447 Santa
1340 2413 1494 2457 Maura).
1515 2425 1576 2445 von

915 2460 1071 2493 welcliein
1107 2462 1235 2504 Sappho
1277 2461 1346 2492 sich
1391 2461 1442 2492 ins
1486 2460 1579 2492 Meev

916 2507 1055 2538 stiirztc.

961 2552 997 2583 id
1015 2563 1080 2583 non
1098 2557 1215 2595 potes!
1229 2578 1237 2593 ‚
1267 2553 1328 2584 wie
1349 2552 1372 2584 l.
1398 2552 1430 2583 11
1448 2577 1456 2592 ,
1488 2553 1528 2583 23
1548 2554 1580 2583 se*

913 2602 1044 2640 posset.
