1684 2819
591 174 754 207 LIBER
776 175 811 206 ll.
838 176 890 217 14,
913 176 966 209 33.
985 176 1041 208 34.
1460 177 1513 216 93

107 290 209 331 Num
230 289 350 343 igitur
372 290 511 329 fortem
534 288 660 328 virum
676 321 685 339 ,
711 303 802 329 num
825 303 965 343 magno
989 290 1136 339 animo,
1169 303 1261 330 num
1285 289 1512 343 patientem,
1538 298 1579 331 33

109 361 196 386 num
230 360 414 399 gravem,
459 361 551 386 num
581 346 751 386 humana
781 353 1095 387 contemnentem
1136 353 1246 400 potes
1287 346 1418 387 dicere
1449 354 1514 387 aut

108 402 362 442 Philoctetam
395 403 533 443 illum?
563 429 618 432 —
649 410 730 443 ate
753 402 857 442 enim
880 403 981 443 malo
1004 403 1230 453 discedere3
1268 428 1317 433 -
1352 403 1420 443 sed
1449 403 1514 444 ille

107 468 213 501 certe
235 474 313 500 non
336 460 462 510 fortis,
489 460 554 513 qui
576 461 680 501 iacet

660 518 702 555 in
726 522 831 555 tecto
854 515 1033 563 hzZmz'do,

330 572 447 625 Quod
466 572 639 622 adulata,
666 571 826 626 questu,
847 573 1026 625 gemitu,
1044 570 1296 623 ,frontitibus

327 627 569 669 Resona'mlo
595 636 745 668 matum
756 627 929 680 fle'be‘les
951 626 1068 666 voce's
1089 627 1234 679 refert.

106 685 197 726 Non
219 699 291 738 ego
315 685 488 725 dolorem
511 685 684 724 dolorem
708 697 795 723 esse
818 695 942 735 neg03
977 696 1046 722 cur
1068 683 1169 722 enim
1201 683 1388 723 fortitudo
1412 683 1515 723 desi-

109 743 340 782 deraretur?
369 742 437 781 sed
461 754 547 780 eum
570 739 735 794 opprimi
757 739 840 778 dico
863 739 1076 792 patientia,
1109 739 1143 778 si
1166 740 1279 779 modo
1303 747 1363 779 est
1384 740 1515 793 aliqua

107 797 318 851 patientia·
308 827 319 860 .⁷
345 797 377 836 si
399 796 506 836 nulla
528 803 602 845 est,
629 796 717 849 quid
740 808 980 835 exornamus
1003 794 1308 848 philosophiam,
1335 803 1402 835 aut
1424 796 1516 848 quid

107 854 191 894 eius
213 853 371 893 nomine
401 852 565 906 gloriosi
589 854 753 893 sumus?
784 851 927 906 Pungit
949 852 1059 891 dolor
1081 877 1133 880 —
1156 852 1221 891 vel
1252 852 1373 891 fodiat
1394 866 1512 903 sane,

107 911 139 950 si
162 910 288 950 nudus
319 923 384 958 65,
401 884 465 948 t³113
498 909 699 962 iugulum,
734 908 794 949 sin
826 914 953 948 tectus
975 907 1178 948 Vulcaniis
1208 908 1350 957 armis,
1384 908 1423 948 id
1456 915 1517 948 est

106 965 350 1014 fortitudine,
376 965 533 1006 resiste.
570 966 674 1006 Haec
696 966 799 1006 enim
823 972 874 1013 te,
899 965 976 1005 nisi
996 964 1049 1004 ita
1074 964 1209 1015 facies,
1236 971 1368 1005 custos
1391 964 1515 1018 digni-

107 1023 199 1062 tatis
230 1022 426 1075 lelinquet
465 1029 503 1062 et
532 1022 702 1062 deseret.
751 1023 912 1062 Cretum
945 1021 1099 1074 quidem
1131 1022 1261 1075 leges,
1305 1035 1400 1074 quas
1431 1021 1517 1061 sive
1540 1027 1582 1059 34

107 1079 253 1132 Iupiter
275 1079 359 1120 sive
380 1079 510 1119 Minos
532 1079 667 1118 sanxit
688 1081 734 1119 de
758 1078 862 1119 Iovis
886 1078 1039 1131 quidem
1063 1078 1285 1127 sententia,
1317 1085 1359 1117 ut
1380 1082 1516 1131 poetae

108 1136 262 1184 ferunt,
297 1135 467 1188 itemque
489 1136 665 1189 Lycurgi
697 1135 896 1175 laboribus
928 1135 1113 1174 erudiunt
1142 1135 1410 1183 iuventutem,
1448 1148 1515 1174 ve-

107 1191 261 1241 nando,
298 1193 517 1241 currend0‚
552 1192 787 1242 esuriendo,
823 1191 1015 1241 sitiendo,
1052 1191 1244 1244 algendo,
1279 1191 1512 1231 aestuando.

107 1247 272 1301 Spartae
294 1262 389 1288 vero
413 1248 524 1301 pueri
546 1249 592 1288 ad
615 1263 723 1289 aram
747 1249 803 1289 sic
825 1247 1054 1288 verberibus
1077 1248 1339 1302 accipiuntur,

154 1337 209 1369 33.
237 1342 304 1370 aut
320 1339 556 1370 Philoctetam
579 1340 693 1371 illum.
729 1339 774 1371 Es

108 1383 206 1415 sollte
233 1383 319 1414 wohl
355 1388 419 1415 aut
437 1385 686 1416 Prometheum
715 1384 777 1416 sol-

109 1439 184 1469 gen,
205 1428 285 1460 aber
303 1439 337 1460 es
365 1430 574 1470 unterbheb,
606 1430 683 1462 weil
702 1430 774 1462 Cic.

108 1484 148 1505 zu
166 1474 262 1515 lange
286 1474 337 1505 bei
357 1474 525 1506 Philoctet
546 1475 713 1507 verweilt.

154 1522 259 1551 tecto.
296 1520 372 1551 Alle
392 1519 533 1551 Hdschr.
556 1521 663 1551 haben
691 1521 777 1560 hier,

109 1563 158 1595 als
170 1564 405 1604 Bezeiehnung
423 1565 483 1596 der
500 1565 604 1596 Ho'hle
624 1566 682 1596 des
702 1565 776 1605 Ph„

109 1610 211 1641 tecto.
241 1609 293 1640 Da
312 1610 393 1641 aber
410 1610 590 1641 einerseits
609 1610 669 1641 das
688 1609 778 1641 Neu-

108 1659 195 1685 trum
224 1655 349 1685 lectam
379 1665 442 1685 nur
477 1655 530 1686 bei
558 1654 675 1696 Ulpian
702 1665 780 1685 vor—

109 1699 246 1739 kommt,
267 1700 475 1731 andrerseits
495 1705 577 1731 statt
594 1700 691 1741 quod
708 1700 778 1731 sich

108 1755 171 1775 nur
196 1745 228 1775 in
256 1744 452 1785 geringeren
472 1745 615 1777 Hdschr.
636 1748 698 1787 qui
720 1745 780 1776 fin-

109 1790 166 1820 det
198 1790 263 1820 und
293 1790 364 1821 dies
392 1790 496 1821 daher
520 1791 570 1822 als
597 1791 672 1822 eine
696 1790 779 1822 Cor-

109 1835 430 1866 recturanzusehen
449 1835 509 1873 ist,
538 1846 573 1866 so
602 1835 665 1875 ist,
694 1836 777 1866 nach

107 1879 273 1920 Tregders
282 1879 471 1921 Vorgange,
487 1880 649 1912 Bouhiers
660 1880 780 1912 Emen-

109 1925 223 1956 dation
260 1928 353 1956 tecto
387 1925 652 1965 aufgenommen.
710 1925 779 1956 Fiir

109 1970 200 2001 diese
234 1970 361 2011 sprieht
395 1971 478 2002 auch
518 1971 579 2002 (las
621 1970 777 2011 folgende

107 2015 305 2046 resonando
341 2016 407 2046 und
443 2016 494 2046 die
519 2016 719 2047 Ausdriicke
746 2016 778 2046 in

108 2059 207 2101 Soph.
220 2060 363 2091 Philoct.
385 2061 432 2101 (z.
445 2061 482 2092 B.
499 2072 532 2092 v.
548 2061 588 2092 31
610 2062 777 2102 οἴκησις).

107 2103 291 2145 Uebrigens
315 2106 422 2146 vergi.
444 2106 483 2137 de
504 2106 557 2137 fin.
578 2106 617 2137 ΙΙ.
637 2106 693 2147 29,
714 2107 776 2137 94:

111 2149 227 2192 Turpe
256 2151 460 2192 putandum
488 2156 562 2192 est,
600 2162 669 2183 non
698 2152 777 2183 dieo

109 2195 250 2236 dolere,
291 2196 353 2227 sed
390 2207 554 2228 saxum
586 2197 682 2228 illud
707 2197 778 2229 Le-

108 2242 245 2272 mnium
263 2241 418 2273 clamore
435 2242 653 2274 Philocteteo
667 2243 778 2284 sune·

107 2289 227 2326 stare,
267 2286 393 2327 Quod
425 2287 604 2319 eiulatu
638 2305 684 2310 —-
717 2298 778 2319 re-

97 2331 211 2372 fert.
238 2330 301 2362 Die
314 2331 418 2363 Ver-se
437 2332 509 2363 sind
530 2342 590 2364 aus
609 2333 680 2364 dem
700 2331 779 2363 Phi-

107 2375 210 2407 loetet
227 2377 287 2408 des
307 2376 446 2416 Accius,
474 2388 525 2408 wo
544 2378 592 2409 sie
612 2378 778 2409 natiirlich

107 2430 155 2451 vo
168 2431 184 2452 1·
202 2421 264 2452 den
283 2422 365 2453 oben
386 2422 473 2462 7,19
492 2423 625 2455 citirten
645 2427 780 2464 gestan-

109 2465 171 2497 den
189 2466 296 2498 haben
316 2467 462 2498 werden.

154 2515 294 2543 mutum
329 2512 465 2553 „selbst
497 2513 644 2545 stum1n“
689 2513 780 2553 giebt

110 2554 214 2587 neben
239 2557 439 2589 resonando
464 2568 562 2590 voces
587 2559 700 2600 refert
726 2559 780 2589 ein

111 2600 250 2632 sehones
282 2598 488 2648 ὀξὺμωρον,
531 2613 691 2644 wogegen
725 2604 778 2634 die

847 1339 950 1370 andre
962 1338 1086 1370 Lesart
1099 1340 1254 1371 multum
1269 1340 1346 1371 sehr
1360 1344 1444 1370 matt
1460 1339 1518 1369 ist.

893 1385 979 1426 quid
997 1395 1213 1416 ewornamzzs
1228 1385 1521 1427 philosophiam?

848 1429 891 1461 So
917 1430 999 1462 oben
1028 1431 1059 1469 5,
1083 1430 1145 1461 12:
1181 1441 1224 1461 ne
1255 1430 1520 1471 philosophiam

836 1476 944 1516 salsa
960 1476 1085 1516 gloria
1104 1486 1268 1507 eoeornes.

894 1534 967 1562 eins
986 1534 1125 1562 nomine
1148 1533 1304 1573 gloriosi
1328 1542 1451 1563 suynus
1476 1546 1521 1557 =

848 1586 888 1607 ea
912 1577 1128 1617 gloriamur.
1166 1576 1243 1617 Vgl.
1270 1577 1309 1608 de
1337 1577 1392 1608 fin.
1415 1576 1440 1608 Ι.
1466 1577 1519 1616 15,

847 1622 911 1652 49:
947 1631 1008 1652 1166
1032 1623 1257 1663 patientiam
1287 1622 1434 1653 laudari
1455 1632 1520 1653 suo

849 1669 1009 1703 nomin&
1054 1666 1096 1698 ΙΙ.
1126 1667 1158 1707 7,
1178 1667 1241 1698 21:
1293 1670 1374 1708 qui,
1412 1677 1521 1708 quum

849 1712 1032 1743 luxuriose
1050 1714 1226 1752 viverent,
1249 1723 1316 1744 non
1335 1713 1521 1754 reprehen-

850 1756 1022 1788 derantur
1048 1767 1086 1788 eo
1113 1759 1272 1797 nomitze5
1309 1758 1351 1788 ad
1377 1757 1456 1789 fam.
1477 1757 1519 1789 ΙΙ.

851 1802 882 1832 1:
903 1804 1041 1833 nomine
1059 1802 1300 1843 7zegl1‘gerztlae
1318 1803 1433 1834 alicui
1450 1813 1522 1834 esse

847 1851 1051 1888 suspectam
1072 1858 1104 1878 u.
1127 1847 1194 1887 dgl.

882 1892 1013 1933 fodiat
1032 1892 1237 1932 „wiihlen“.
1272 1891 1349 1933 Vgl.
1369 1892 1455 1924 Phil.
1478 1891 1520 1924 ll.

849 1937 904 1976 34,
926 1937 989 1968 86:
1015 1937 1111 1968 Num
1139 1942 1345 1979 eoespectas,
1376 1938 1460 1969 [lum
1486 1941 1520 1969 te

847 1983 1003 2013 stimulis
1012 1982 1187 2024 fodiam?
1213 1984 1298 2014 haec
1317 1987 1351 2015 te
1368 2000 1412 2006 —
1430 1984 1521 2014 lace—

846 2031 918 2067 rat,
940 2028 1025 2059 llaec
1043 2031 1211 2060 cruentat
1227 2031 1359 2063 oratio.

893 2084 938 2115 da
964 2084 1147 2125 iugulum,
1182 2085 1245 2116 wie
1272 2085 1325 2115 ein
1353 2085 1522 2125 besiegter

849 2127 1028 2161 Gladiator
1046 2129 1171 2161 seinem
1192 2129 1338 2170 Gegner.

894 2185 1080 2219 Vulcaniz's
1100 2188 1225 2227 armis,
1253 2187 1318 2218 wie
1336 2185 1449 2217 Achill
1467 2186 1521 2217 bei

848 2230 970 2262 Homer
988 2231 1067 2271 (und
1088 2233 1219 2263 Aeneas
1237 2231 1291 2263 bei
1309 2231 1457 2273 Vergil).

893 2288 950 2319 34.
978 2289 1319 2329 utpooUtaeferunt.
1346 2288 1441 2320 Hom.
1456 2287 1518 2319 od.

848 2332 944 2364 XIX.
964 2333 1026 2364 179
1050 2333 1156 2364 heisst
1173 2333 1280 2366 Minos
1299 2331 1388 2371 Διὸς
1402 2330 1520 2378 μεγά-

848 2378 911 2409 λου
928 2373 1112 2422 ὀαριστής.

894 2423 942 2455 ad
966 2433 1088 2464 ar,am
1119 2434 1166 2456 56.
1193 2425 1331 2456 Deanae
1360 2425 1515 2456 Orthiae.

848 2466 923 2510 Vgl.
946 2467 985 2500 V.
1006 2469 1061 2509 27,
1083 2470 1135 2500 77.

893 2514 1094 2545 verber-ibus
1119 2517 1360 2556 accipiuntur.
1403 2513 1520 2544 Aebu-

848 2558 913 2590 lich
935 2558 990 2591 lV.
1012 2559 1068 2599 36,
1089 2560 1151 2590 78:
1186 2560 1260 2600 Quo
1286 2562 1321 2589 te
1338 2558 1442 2590 modo
1461 2568 1520 2589 ao-

849 2606 1029 2645 cepz'ssem,
1040 2606 1171 2646 inquit,
1186 2606 1256 2635 m'sz’
1264 2606 1319 2635 ira
1325 2607 1383 2635 tus
1394 2606 1520 2635 essem!
