1684 2819
157 152 235 191 166
655 148 1062 190 1.113E1z1v.4,s.9.

151 265 424 319 scripsissent,
460 262 612 302 ltaliam
640 269 759 302 totam
790 270 1104 317 occupaverunt,
1140 263 1321 316 quodque
1345 261 1559 302 maximum

153 328 427 375 argumentum
461 325 546 363 est,
585 332 663 357 non
695 318 767 358 diei
796 318 864 358 illa
887 320 1105 368 subtiliter,
1140 320 1239 372 quod
1269 325 1306 359 et
1338 327 1416 359 tam
1449 317 1560 358 facile

153 378 378 417 ediscantur
408 382 446 414 et
472 374 519 414 ab
540 374 707 414 indoctis
729 374 968 428 probentur,
1001 376 1038 415 id
1068 375 1123 416 illi
1156 377 1439 416 firmamentum
1473 388 1561 415 esse

155 433 379 486 disciplinae
403 438 554 484 putant.

102 490 131 534 4
267 488 342 528 Sed
361 487 541 527 defendat
559 487 657 540 quod
677 487 839 541 quisque
858 487 1001 537 sentit,
1027 495 1114 528 sunt
1133 489 1234 528 enim
1253 488 1394 528 iudicia
1412 488 1560 534 libera,

154 558 226 584 nos
248 544 469 584 institutum
495 543 742 593 tenebimus,
776 544 972 597 nullisque
1004 544 1118 584 unius
1151 544 1378 598 disciplinae
1411 544 1562 597 legibus

154 600 350 650 adstricti,
386 600 524 653 quibus
555 602 594 640 in
618 600 862 654 philosophia
885 601 1111 641 necessario
1135 614 1366 654 pareamus,
1401 601 1491 653 quid
1514 600 1565 640 sit

153 657 193 697 in
224 669 377 710 quaque
409 671 451 697 re
481 657 653 697 maxime
682 657 903 711 probabile,
949 670 1106 711 semper
1147 657 1407 710 requiremus.
1453 656 1564 706 Quod

154 728 272 767 quum
296 726 413 766 saepe
443 713 564 763 alias,
601 721 681 754 tum
713 728 836 768 nuper
866 715 905 754 in
930 714 1155 754 Tusculano
1187 714 1362 754 studiose
1394 712 1561 765 egimus.

153 771 289 823 ltaque
312 770 506 823 expositis
528 770 647 811 tridui
671 770 1021 825 disputationibus,
1057 777 1222 824 quartus
1255 770 1338 810 dies
1372 769 1442 809 hoe
1466 768 1564 808 libro

153 827 414 867 concluditur.
451 827 499 868 [t
521 828 623 867 enim
647 828 685 867 in
704 827 930 868 inferiorem
948 827 1252 867 ambulationem
1274 825 1562 874 descendimus,

156 884 259 937 quod
284 885 506 924 feceramus
529 884 629 924 idem
653 884 922 938 superioribus
945 884 1097 932 diebus,
1123 891 1207 923 acta
1231 897 1296 924 res
1319 891 1379 923 est
1400 883 1470 922 sic.

108 948 127 979 S
267 940 332 980 JI.
358 939 485 988 Dicat,
512 941 545 980 si
570 941 654 993 quis
676 941 775 990 vult,
802 954 874 992 qua
897 941 942 980 de
965 954 1007 980 re
1031 940 1225 994 disputari,
1241 941 1351 980 velit.
1377 939 1437 980 A.
1462 938 1565 979 Non

153 995 272 1035 mihi
317 997 534 1036 videtur
583 998 718 1036 omni
768 997 920 1036 animi
968 997 1373 1050 perturbatione
1413 1008 1565 1048 posse

154 1052 358 1106 sapiens
389 1066 446 1092 va
462 1065 593 1092 care.
636 1052 701 1092 M.
726 1053 985 1106 Aegritudine
1007 1053 1162 1106 quidem
1187 1054 1372 1093 hesterna
1395 1052 1566 1104 disputa-

152 1108 262 1148 tione
284 1109 507 1158 videbatur,
543 1109 618 1150 nisi
642 1110 743 1149 forte
768 1110 955 1163 temporis
978 1124 1119 1151 caussa
1142 1111 1254 1150 nobis
1276 1109 1562 1150 assentiebare.

155 1166 214 1206 A.
247 1165 411 1205 Minime
442 1178 567 1215 vero,
603 1180 690 1206 nam
725 1166 819 1206 mihi
850 1166 1009 1219 egregie
1039 1166 1201 1220 probata
1234 1174 1294 1207 est
1328 1165 1455 1206 oratio
1481 1172 1562 1205 tua.

153 1221 219 1263 M.
252 1221 341 1261 Non
374 1222 497 1275 igitur
528 1223 734 1262 existimas
767 1223 908 1263 cadere
940 1223 980 1263 in
1013 1223 1230 1277 sapientem
1254 1222 1567 1277 aegritudinem?

154 1279 214 1319 A.
249 1277 419 1319 Prorsus
451 1292 529 1318 non
552 1279 739 1318 arbitror.
781 1280 845 1320 JI.
878 1279 1016 1332 Atqui,
1051 1281 1082 1320 si
1113 1281 1185 1320 ista
1219 1279 1451 1334 perturbare
1482 1278 1567 1318 ani-

153 1348 257 1374 mum
282 1335 471 1388 sapientis
495 1349 572 1375 non
596 1343 738 1388 potest,
764 1334 870 1375 nulla
901 1337 1058 1389 poterit.
1095 1337 1193 1387 Quid
1226 1336 1356 1377 enim?
1386 1342 1565 1375 metusne

154 1389 391 1431 conturbet?
427 1398 467 1430 at
499 1405 634 1432 earum
668 1406 800 1432 rerum
843 1400 902 1433 est
939 1392 1159 1433 absentium
1202 1400 1354 1441 metuS,
1400 1405 1565 1445 quarum

153 1447 423 1500 praesentium
460 1456 519 1488 est
555 1449 775 1502 aegritudo.
823 1448 984 1489 Sublata
1015 1450 1137 1503 igitur
1169 1450 1417 1504 aegritudine
1448 1448 1564 1488 etiam

153 1502 331 1544 sublatus
344 1511 405 1544 est
417 1510 562 1544 metus.
589 1505 753 1546 Restant
766 1506 865 1545 duae
878 1507 1209 1560 perturbationes,
1227 1505 1374 1547 laetitia
1394 1505 1566 1558 gestiens

155 1566 193 1599 et
215 1559 332 1599 libido
347 1591 357 1607 ‚
389 1573 488 1614 quae
511 1562 543 1602 si
567 1576 645 1601 non
668 1562 807 1602 cadent
828 1562 869 1602 iu
890 1562 1132 1615 sapientem,
1167 1576 1322 1617 semper
1352 1575 1462 1602 mens
1493 1561 1569 1601 erit

107 1623 128 1654 9
155 1616 362 1669 tranquilla
385 1617 588 1671 sapientis.
616 1618 671 1658 A.
699 1618 763 1658 Sic
786 1633 949 1672 prorsus
973 1619 1168 1673 intelligo,
1200 1619 1262 1660 M.
1289 1619 1425 1660 Utrum
1448 1618 1569 1671 igitur

156 1673 309 1713 mavis?
340 1674 526 1714 statimne
549 1688 620 1714 nos
643 1675 733 1715 vela
755 1676 901 1726 facere,
932 1690 980 1716 an
1003 1677 1115 1729 quasi
1139 1691 1161 1718 e
1182 1683 1296 1731 portu
1319 1675 1567 1729 egredientes

153 1774 328 1806 derselben
349 1774 520 1816 Schule‘ffi
550 1788 581 1808 z.
602 1776 638 1807 B.
668 1776 826 1810 Rabirius
943 1779 1223 1811 concluditur:
1238 1777 1565 1820 comprehenditur.

153 1819 221 1850 und
240 1819 358 1851 Catius
375 1821 515 1852 Insuber
533 1825 575 1862 (s.
591 1823 643 1853 die
654 1821 824 1861 Einleit.).

200 1867 235 1895 et
263 1868 333 1896 tam
352 1866 484 1907 saec'le,
515 1867 566 1898 die
586 1867 827 1900 Davisiussehe

153 1908 409 1952 Verbesserung
451 1911 507 1943 des
549 1915 658 1943 etiam
692 1914 824 1954 ¹fac-lle,

154 1954 301 1986 welches
329 1955 382 1987 die
402 1956 517 1988 besten
537 1957 678 1988 Ildschr.
701 1958 824 1990 bieten.
944 1953 976 1980 5·

200 1996 239 2034 4.
270 2000 366 2041 quod
391 2004 541 2043 quisque
567 2005 686 2034 sentit.
733 2002 825 2035 Nach
898 1993 1040 2044 ‘'effi''ffil
1079 1993 1156 2040 ”lm
1183 1991 1315 2032 Drange
1351 1992 1410 2023 (1³⁵
1429 1994 1569 2043 -Augfflb

155 2044 228 2076 dem
242 2044 430 2077 Deutsehen
450 2047 564 2078 wiirde
584 2058 657 2079 man
678 2051 827 2091 quisque
897 2038 1057 2070 bl¹⁰k⁵⁸‘·
1090 2038 1166 2078 55¹·
1202 2037 1306 2069 ΛΕΜ·
1336 2037 1376 2069 Η·
1404 2037 1460 2077 3⁰²
1482 2038 1567 2068 113³

943 1844 976 1872 tn
997 1843 1203 1883 insertor-em
1227 1840 1505 1872 ambulationem
1525 1854 1570 1864 =

897 1889 930 1917 ιή
952 1887 1203 1922 Aeademz'am;
1229 1896 1256 1917 s.
1279 1896 1319 1916 zu
1341 1885 1382 1916 ll.
1405 1887 1436 1923 3,
1458 1885 1489 1915 9.

1006 1950 1177 1990 temporis
1205 1957 1330 1977 caussa
1356 1949 1571 1987 :tempori

153 2090 185 2120 in
205 2090 267 2121 den
287 2089 471 2132 Hauptsatz
492 2093 652 2129 nehmen,
685 2094 744 2126 der
764 2094 826 2125 La-

154 2135 265 2166 teiner
291 2135 373 2166 aber
397 2136 575 2168 verbindet
599 2148 634 2169 es
660 2149 739 2179 geru
767 2140 827 2171 mit

153 2179 228 2211 dem
248 2179 448 2212 Relativum.
477 2180 552 2223 Vgl.
582 2182 677 2215 Lael.
707 2184 740 2223 9,
762 2185 824 2216 292

153 2228 197 2255 nt
209 2227 270 2264 sit,
286 2237 350 2267 pet·
367 2237 467 2268 quem
484 2232 714 2269 assequatur,
733 2230 828 2270 quod

153 2272 306 2310 qut'squa
340 2271 528 2303 desideret.
576 2272 619 2303 So
648 2274 731 2306 auch
768 2275 827 2307 dus

155 2314 292 2346 lndefin.
315 2318 414 2357 qtle'55
443 2327 470 2347 s.
492 2316 516 2348 1.
537 2318 569 2357 4,
589 2319 620 2348 7.

202 2362 411 2392 “nstitutum
426 2362 826 2400 „unsernG1·u11dsatz“.

201 2405 380 2447 nullisque
406 2409 510 2438 unius
536 2413 603 2440 etc.
624 2409 828 2448 „durctnaus

156 2449 247 2481 nicht
262 2460 303 2481 an
319 2451 371 2483 die
383 2450 525 2483 Gesetze
543 2453 636 2485 eines
653 2455 826 2487 einzelnen

155 2494 307 2537 Systems
322 2496 539 2537 gebunden“.
564 2497 684 2539 Vng.
701 2500 755 2534 21).
772 2501 825 2532 53:

155 2543 321 2580 quoniam
355 2546 389 2574 te
418 2543 515 2574 nulla
548 2545 686 2576 vincula
722 2548 828 2588 impe-

156 2585 263 2617 diunt
289 2587 396 2618 ullius
423 2592 542 2619 certae
568 2589 791 2632 disciptinae.

897 2094 957 2115 nee
975 2084 1052 2115 dieo
1074 2085 1244 2125 temporis
1263 2093 1403 2123 caussa,
1424 2082 1486 2114 sed
1514 2085 1568 2114 ita

894 2129 1002 2171 plane
1024 2130 1149 2171 probo.

943 2191 1134 2232 aegritudo
1163 2208 1201 2214 -—
1222 2195 1339 2222 metus
1361 2209 1406 2213 —
1425 2190 1568 2222 laetitia

894 2239 1052 2278 gestiens
1065 2255 1105 2259 ——
1120 2237 1242 2275 libido,
1259 2248 1286 2267 s.
1301 2235 1359 2268 Ill.
1374 2237 1428 2276 11,
1440 2236 1497 2267 24.
1512 2235 1567 2267 25.

944 2301 1049 2329 etiam
1080 2299 1124 2329 ist
1144 2298 1243 2339 (nach
1265 2297 1386 2339 Davis)
1413 2307 1473 2328 vor
1490 2298 1570 2328 sub-

900 2344 996 2374 latus
1015 2347 1067 2375 est
1093 2344 1292 2385 eingesetzt‚
1321 2343 1361 2374 da
1381 2343 1433 2374 die
1452 2342 1568 2374 besten

898 2388 1034 2431 Mscrpt.
1065 2389 1137 2420 hier
1162 2393 1197 2420 et
1222 2389 1348 2425 haben,
1379 2392 1412 2419 et
1438 2388 1502 2419 und
1533 2390 1570 2419 2³!

898 2434 979 2465 aber
998 2435 1075 2466 sehr
1094 2435 1206 2475 hiiufig
1224 2433 1445 2466 verwechselt
1465 2433 1550 2465 sind.

943 2504 977 2533 9.
1012 2502 1088 2533 vela
1105 2503 1233 2543 sut-ere
1269 2501 1323 2533 fiir
1346 2519 1390 2525 —
1410 2501 1570 2543 pandere

898 2546 954 2588 (C.
975 2548 1011 2586 5)
1039 2547 1081 2578 ist
1109 2547 1239 2585 selteu3
1275 2546 1305 2577 in
1329 2545 1428 2578 Verr.
1449 2545 1489 2577 V.
1511 2546 1566 2586 34,

899 2592 960 2623 ⁴:⁴3:
991 2592 1063 2623 vela
1081 2594 1173 2633 fieri
1199 2594 1401 2634 imperarit.
