1684 2819
142 183 219 224 182
604 180 661 211 DE
686 179 869 212 NATURA
894 180 1076 214 DEORUM

196 296 363 336 ausaque
384 285 577 334 funestum
594 282 727 332 prima
747 287 799 320 est
817 281 1055 332 fabricarier
1075 294 1219 327 ensem,

195 349 229 380 et
247 348 402 392 qustare
423 350 544 376 manu
564 339 735 375 vinctum
757 337 1010 388 domitumque
1030 339 1244 377 iuvencum.

139 398 260 436 Tanta
287 396 493 447 putabatur
520 393 661 432 utilitas
690 392 837 444 percipi
864 405 908 431 ex
935 392 1077 440 bobus,
1105 400 1147 432 ut
1173 405 1308 432 eorum
1334 392 1545 432 visceribus

62 457 117 496 64
142 454 241 493 vesci
268 451 393 490 scelus
415 450 631 489 haberetur.
672 448 851 500 Longum
873 454 931 488 est
951 448 1146 488 mulorum
1167 449 1346 501 persequi
1368 449 1546 488 utilitates

49 520 111 552 160
142 516 179 548 et
205 509 424 554 asinorum,
454 519 549 557 quae
577 511 677 545 certe
704 506 751 544 ad
779 505 984 544 hominum
1010 518 1126 544 usum
1152 510 1306 556 paratae
1328 512 1429 544 sunt.
1471 505 1546 544 Sus

52 1022 110 1054 161

141 577 228 604 vero
251 564 342 616 quid
359 563 474 602 habet
490 567 642 614 praeter
658 559 817 600 escam?
858 562 925 601 Cui
943 562 1110 612 quidem,
1133 574 1180 599 ne
1197 567 1444 612 putresceret,
1465 561 1547 600 ani-

139 634 243 660 mam
270 621 396 672 ipsam
425 632 497 671 pro
527 618 604 657 sale
625 619 751 657 datam
774 618 864 657 dicit
884 631 970 657 esse
992 618 1243 669 Chrysippus.
1286 618 1369 664 Qua
1393 618 1548 667 pecude,

139 678 243 730 quod
271 683 350 717 erat
371 677 416 716 ad
438 676 671 715 vescendum
693 674 916 714 hominibus
938 680 1042 726 apta,
1071 674 1165 713 nihil
1187 673 1317 723 genuit
1337 679 1473 712 natura
1494 673 1550 711 se-

140 734 316 774 cundius.
355 733 457 780 Quid
480 731 764 771 multitudinem
783 731 1084 782 suavitatemque
1101 730 1266 781 piscium
1284 727 1438 769 dicam?
1461 729 1551 779 quid

140 789 296 830 avium‘?
318 803 362 828 ex
387 789 526 841 quibus
544 793 646 827 tanta
665 787 876 839 percipitur
892 788 1081 838 voluptas,
1104 793 1146 825 ut
1163 783 1355 825 interdum
1373 785 1552 824 Pronoea

140 853 272 886 nostra
287 847 477 898 Epicurea
495 845 615 884 fuisse
631 844 816 883 videatur.
846 845 970 895 Atque
988 845 1058 883 liae
1075 856 1122 882 ne
1139 848 1366 894 caperentur
1383 841 1549 892 quidem.

140 903 217 943 nisi
246 903 452 942 hominum
479 901 628 940 ratione
649 905 762 951 atque
784 900 966 948 sollertia;
988 912 1218 951 quamquam
1241 912 1327 938 aves
1350 898 1549 949 quasdam,

143 964 177 997 et
201 960 307 999 alites
330 964 366 997 et
389 958 556 1004 oscines,
578 963 620 996 ut
640 957 765 995 nostri
788 969 953 1006 augures
976 957 1184 1007 appellant,
1209 968 1337 993 rerum
1359 965 1551 1004 auguran-

144 1016 280 1055 darum
310 1027 447 1054 caussa
474 1027 560 1052 esse
588 1018 696 1051 natas
724 1018 918 1063 putamus.
961 1013 1041 1051 Iam
1070 1024 1159 1050 vero
1187 1012 1374 1049 immanes
1397 1011 1552 1048 etseras

145 1072 284 1110 belluas
313 1071 577 1110 nanciscimur
605 1069 798 1114 venandO,
826 1075 869 1107 ut
897 1075 933 1107 et
963 1080 1160 1106 vescamur
1181 1067 1228 1105 iis
1249 1073 1285 1105 et
1307 1077 1553 1105 exerceamur

144 1129 182 1166 in
203 1128 378 1167 venando
397 1127 442 1166 ad
460 1126 751 1165 similitudinem
770 1125 926 1164 bellicae
945 1124 1179 1175 disciplinae,
1203 1129 1239 1162 et
1256 1129 1410 1161 utamur
1426 1120 1553 1160 domi-

142 1185 191 1223 tis
214 1191 250 1223 et
273 1183 569 1228 condocesactis,
592 1188 635 1221 ut
651 1181 878 1232 elephantis,
900 1181 1094 1231 multaque
1111 1193 1155 1218 ex
1172 1192 1302 1218 earum
1321 1177 1553 1230 corporibus

142 1241 311 1280 remedia
326 1239 475 1279 morbis
489 1244 526 1277 et
541 1238 760 1277 vnlnerilms
777 1238 983 1283 eliciamus,
1000 1237 1095 1275 sicut
1113 1249 1157 1274 ex
1173 1235 1404 1286 quibusdam
1421 1233 1554 1284 stirpi-

143 1298 218 1336 bus
236 1304 272 1336 et
288 1297 432 1343 herbis,
455 1308 619 1346 quarum
637 1294 816 1333 utilitates
834 1293 1033 1344 longinqui
1057 1292 1243 1343 temporis
1262 1304 1334 1330 usu
1352 1297 1387 1329 et
1404 1290 1557 1341 pericli-

145 1354 288 1392 tatione
306 1352 566 1404 percepimus.
603 1352 741 1389 Totam
759 1350 847 1389 licet
863 1351 1012 1395 animis,
1030 1356 1223 1400 tamquam
1242 1348 1375 1391 oculis,
1394 1347 1556 1385 lustrare

143 1414 285 1448 terram
315 1409 510 1459 mariaque
539 1408 688 1453 omnia3
718 1418 851 1445 cernes
880 1407 954 1445 iam
985 1406 1107 1457 spatia
1136 1405 1315 1454 frugifera
1342 1410 1454 1453 atque
1481 1402 1555 1440 inl-

189 1531 304 1553 eorum
325 1522 519 1552 visceribus.
551 1519 584 1549 S.
606 1530 646 1549 zu
664 1529 690 1549 c.
711 1518 740 1555 6,
763 1517 814 1549 18.

142 1584 183 1589 -
205 1566 289 1597 Dass
313 1566 375 1596 den
402 1564 579 1604 Pssugstier
604 1574 644 1594 zu
668 1563 817 1594 schlach-

145 1617 198 1643 ten
234 1621 294 1642 vor
327 1610 441 1641 Alters
475 1609 506 1640 in
541 1608 655 1640 ltalicn
688 1608 751 1639 wie
785 1608 817 1638 in

933 1518 1032 1549 alites
1062 1519 1093 1547 cl
1124 1519 1263 1548 oscines.
1324 1515 1444 1546 Festus
1478 1524 1507 1554 p.
1539 1514 1557 1543 3

889 1562 1020 1594 Muell.:
1053 1561 1149 1592 alites
1179 1561 1288 1592 relatu
1317 1560 1473 1602 auspicia
1495 1559 1560 1600 sa-

890 1609 1026 1639 ct'enles.
1052 1605 1096 1637 Id.
1112 1617 1140 1648 p.
1164 1606 1240 1637 196:
1261 1606 1390 1637 oscines
1407 1614 1484 1635 ares
1502 1613 1561 1635 ore

145 1656 386 1688 Griechenland
411 1654 464 1686 fiir
488 1653 638 1685 siindlich
663 1653 817 1693 gehalten
890 1654 1077 1695 auspicium
1090 1652 1269 1692 facientes.

144 1702 210 1732 und
239 1701 292 1732 bei
322 1702 491 1731 schwerer
514 1698 625 1730 Strafc
655 1697 817 1729 verboten

144 1756 300 1785 gewesen
321 1746 384 1785 sei,
405 1746 574 1784 bezeugen
594 1743 702 1775 Varro
721 1742 758 1774 R.
778 1742 816 1773 R.

145 1790 188 1829 II,
215 1792 245 1822 5.
286 1790 414 1822 Aetian.
442 1790 482 1821 V.
509 1789 548 1820 H.
568 1789 608 1829 V,
636 1788 676 1819 14
700 1799 731 1818 u.
758 1787 816 1818 Aa.

146 1836 210 1866 und
235 1835 287 1866 bci
311 1834 393 1865 Ptin.
415 1834 451 1865 H.
472 1833 510 1865 N.
530 1832 619 1873 wll,
639 1833 680 1863 45
706 1844 734 1874 p.
755 1832 818 1862 556

146 1880 230 1911 uird
258 1879 403 1916 erzfihlt,
434 1879 496 1909 wie
520 1878 607 1908 einst
630 1878 763 1907 Jcmand
789 1877 818 1907 in

148 1925 227 1956 Rom
246 1935 270 1954 u
280 1934 360 1963 egen
381 1924 491 1955 dicses
511 1923 744 1954 Vcrbrechens
763 1922 821 1952 mit

148 1971 219 2001 dem
230 1969 305 2001 Exit
322 1968 462 1999 bcstral‘t
474 1968 533 1999 sei.
552 1967 644 1998 Auch
659 1965 821 2007 alsOpl'er

148 2015 209 2046 den
229 2013 369 2045 Giittern
395 2013 613 2053 dargchracht
631 2012 744 2042 uurde
762 2011 822 2041 der

149 2059 326 2099 Pllugstier
345 2069 404 2089 nur
417 2056 697 2088 ausnahmsxx'cisc
717 2056 747 2086 in
764 2056 820 2086 bc-

150 2105 317 2136 stiininten
336 2103 464 2134 Fiillen.
508 2102 541 2133 S.
562 2102 725 2133 Hermann
745 2105 820 2141 got—

151 2150 234 2180 tcsd.
254 2149 397 2180 Alterth.
418 2148 447 2188 ς’.
468 2146 521 2186 26,
542 2146 594 2177 20.

196 2233 265 2270 64.
303 2238 374 2269 160.
410 2240 558 2268 amimam
582 2246 643 2279 pro
668 2236 737 2267 sale
760 2237 819 2266 etc.

152 2284 229 2315 Dies
247 2283 330 2314 wird
348 2283 398 2313 als
417 2282 608 2323 Ausspruch
627 2282 684 2312 des
702 2280 825 2312 h'lcan·

155 2330 225 2360 thcs
251 2339 314 2359 von
335 2328 486 2359 Clemens
505 2327 603 2357 Alex.
625 2326 745 2356 Stroni.
766 2324 823 2355 Vll

153 2384 183 2415 p.
201 2373 263 2403 304
285 2372 395 2415 Syn»,
421 2372 470 2403 als
489 2372 677 2413 Ausspruch
698 2370 825 2410 einiger

154 2419 290 2450 Stoiker
319 2428 381 2448 von
414 2417 581 2448 Plutarch.
613 2416 764 2458 Synipos.
785 2413 823 2453 V,

157 2463 212 2502 10,
232 2462 250 2493 3
275 2463 338 2493 und
358 2473 420 2493 von
440 2462 549 2492 vielen
567 2461 698 2492 Andcrn
722 2470 823 2500 ange-

153 2508 254 2539 siihrt.
275 2508 307 2539 S.
320 2507 484 2539 Villoisou
501 2506 600 2538 thcol.
617 2505 823 2547 1›lin.Stoic.

154 2553 263 2584 hintcr
289 2552 420 2583 Osanns
445 2552 545 2592 Ausg.
578 2551 635 2582 dcs
660 2551 825 2581 Cornutus

154 2608 183 2638 p.
203 2597 279 2628 396.

937 1708 992 1729 res
1015 1706 1190 1737 augurare
1214 1695 1385 1727 cntweder
1408 1704 1471 1725 von
1494 1692 1561 1724 Ge—

891 1742 1096 1783 genstiinden
1115 1741 1166 1772 (lie
1185 1751 1256 1772 inan
1274 1739 1399 1771 mittels
1416 1740 1476 1770 der
1493 1738 1561 1770 Au-

891 1786 1241 1827 gurionbeobachtung
1264 1789 1363 1816 unter
1383 1784 1434 1815 die
1453 1783 1563 1814 Obhut

893 1833 952 1863 dcr
967 1832 1088 1863 Giittcr
1103 1831 1196 1862 stellt
1209 1831 1272 1861 und
1288 1829 1462 1860 einweiht:
1482 1828 1563 1859 oder

893 1888 956 1907 von
983 1876 1308 1915 [nternclnnungem
1339 1874 1392 1904 fiir
1413 1874 1465 1904 die
1489 1883 1561 1903 man

894 1922 961 1952 sich
987 1921 1088 1952 durch
1108 1921 1278 1959 Auguricn
1303 1920 1362 1949 dci·
1379 1917 1561 1957 glittlichcn

894 1965 1141 2004 Gcnclnnigung
1151 1966 1357 2002 (aut-lorium)
1369 1973 1380 1991 x
1391 1962 1563 1993 crsichert.

944 2010 1016 2041 1131.
1044 2019 1265 2041 arci-ceantur
1281 2011 1312 2039 1'11
1333 2007 1481 2039 venando
1500 2010 1560 2038 etc.

895 2055 1049 2086 llicselbc
1068 2054 1205 2085 Ansicht
1220 2065 1282 2084 von
1300 2054 1359 2084 dci·
1372 2053 1453 2091 Jagd
1470 2062 1563 2093 spre-

895 2102 974 2131 chcn
994 2101 1075 2131 auch
1094 2100 1225 2131 Andcrc
1243 2109 1319 2135 aus,
1347 2109 1375 2128 z.
1395 2097 1428 2128 B.
1448 2097 1564 2128 Xeno-

894 2146 978 2186 phon
1010 2145 1048 2175 dc
1078 2155 1151 2175 ven.
1179 2144 1211 2182 l,
1234 2142 1271 2174 15
1302 2154 1332 2173 u.
1351 2142 1420 2173 bes.
1454 2142 1507 2182 12,
1531 2141 1563 2172 l:

895 2188 937 2221 τὰ
958 2188 995 2221 δὲ
1017 2186 1111 2233 πρὸς
1129 2186 1191 2220 τὸν
1215 2184 1381 2232 πόλεμον
1402 2183 1564 2230 μάλιστα

897 2231 1080 2266 :mult-1²51:
1111 2244 1178 2264 was
1204 2234 1288 2264 dunn
1314 2233 1355 2263 im
1380 2232 1562 2265 Einzelncn

896 2279 1093 2319 ausgcl'iihrt
1113 2279 1206 2310 wird.

942 2324 1091 2356 remedia
1114 2343 1156 2346 —
1181 2323 1365 2355 eliciamus:
1407 2321 1484 2352 wir
1506 2330 1564 2359 ge-

897 2370 1026 2400 winncn
1053 2370 1147 2399 ihncn
1175 2367 1355 2399 Hcilmittcl
1379 2366 1435 2404 ab,
1465 2366 1564 2396 durch

896 2414 1168 2451 Mensam-hung
1191 2413 1255 2443 und
1274 2412 1476 2451 Beniiihung,
1501 2410 1564 2440 wie

898 2459 979 2489 oben
999 2470 1025 2489 c.
1046 2459 1102 2498 (50,
1128 2458 1204 2488 151:
1236 2469 1252 2487 ‹-
1277 2460 1390 2487 terrae
1414 2456 1566 2486 carcrm's

893 2505 1030 2545 serrum
1065 2503 1245 2534 ‹elic-ianam.
1303 2502 1367 2532 Das
1400 2500 1566 2542 eligamus

898 2549 958 2579 der
981 2548 1117 2579 Hdschr.
1148 2548 1191 2578 ist
1219 2547 1297 2577 wcit
1321 2546 1469 2585 wenigcr
1492 2555 1566 2587 pas-

899 2594 988 2634 send,
1010 2593 1072 2624 und
1090 2593 1211 2633 gcwiss
1231 2602 1292 2622 nur
1309 2590 1566 2622 Schreibsehler.
