1684 2819
670 169 748 202 LIB.
767 169 805 202 ΙΙ.
843 171 932 204 ΟΑΡ.
952 173 982 204 5.
1000 172 1031 204 6.
1477 180 1490 216 1
1507 181 1554 218 17

153 287 243 313 vero
271 272 448 311 interitus
478 272 731 319 exercituum,
759 280 801 312 ut
828 274 1005 324 proxime
1032 275 1167 323 trium,
1197 289 1311 328 saepe
1324 279 1555 328 multorum,

153 330 274 370 clades
301 328 597 379 imperatorum,
624 336 666 368 ut
685 342 809 380 nuper
831 331 974 369 summi
996 337 1032 370 et
1053 333 1256 383 singularis
1278 334 1365 382 viri,
1396 335 1556 376 invidiae

150 391 345 438 praeterea
366 385 622 424 multitudinis
644 392 756 436 atque
779 386 826 425 ob
845 400 909 425 eas
927 387 1023 426 bene
1039 389 1266 429 meritorum
1285 403 1400 442 saepe
1417 392 1555 432 civium

150 442 409 494 expulsiones,
431 442 676 489 calamitates,
695 444 815 493 fugae,
832 455 1049 495 rursusque
1067 447 1261 485 secundae
1276 460 1350 489 res,
1367 448 1552 496 honores,

149 498 319 550 imperia,
343 498 536 543 victoriae,
560 511 794 549 quamquam
812 499 967 540 fortuita
984 508 1084 549 sunt,
1100 508 1230 541 tamen
1248 503 1330 542 sine
1346 504 1553 544 hominum

151 555 289 606 opibus
318 560 355 593 et
382 554 518 593 studiis
550 560 724 594 neutram
754 556 791 593 in
821 562 970 606 partem
993 558 1089 596 effici
1112 567 1291 609 possunt.
1334 560 1418 599 Hoc
1437 561 1552 612 igitur

150 611 302 661 cognito
327 611 530 650 dicendum
553 617 611 650 est
632 623 800 662 quonam
822 613 941 651 modo
963 613 1169 653 hominum
1193 616 1319 654 studia
1341 617 1387 655 ad
1410 618 1550 656 utilita—

148 674 203 706 tes
220 673 374 706 nostras
397 667 544 706 allicere
568 673 680 718 atque
697 668 859 707 excitare
876 670 1087 719 possimus.
1127 672 1230 718 Quae
1251 672 1280 710 si
1298 672 1451 723 longior
1468 674 1551 712 fue—

146 725 195 762 rit
224 723 365 770 oratio,
401 736 489 762 cum
516 723 776 774 magnitudine
805 724 976 763 utilitatis
1008 735 1272 777 comparetur:
1307 728 1358 766 ita
1387 730 1551 768 fortasse

145 780 256 819 etiam
278 780 430 818 brevior
449 779 648 818 videbitur.
1454 825 1458 826 ⁷

258 837 530 886 Quaecumque
546 835 660 886 igitur
677 836 858 874 homines
875 836 1024 875 homini
1042 838 1213 877 tribuunt
1233 839 1279 877 ad
1298 851 1385 878 eum
1403 853 1547 892 augen-

143 893 235 931 dum
257 897 368 943 atque
389 892 695 938 honestandum,
727 898 790 930 aut
819 892 1102 932 benevolentiae
1125 895 1242 945 gratia
1271 896 1431 942 faciunt.
1462 909 1551 936 cum

142 949 263 999 aliqua
287 949 332 987 de
353 961 467 987 eausa
484 949 703 999 quempiam
722 948 892 999 diligunt7
917 955 981 988 aut
996 950 1172 997 honoris,
1195 951 1228 989 si
1246 952 1353 990 cuius
1370 953 1549 991 virtutem

143 1005 361 1056 suspiciunt
394 1017 583 1056 quemque
618 1005 775 1055 dignum
805 1006 959 1043 fortuna
988 1019 1103 1057 quam
1133 1008 1373 1058 amplissima
1401 1015 1549 1059 putant,

144 1067 208 1100 aut
242 1061 301 1100 cui
328 1062 441 1100 fidem
470 1061 611 1099 babent
637 1068 673 1099 et
699 1061 795 1100 bene
823 1061 939 1100 rebus
968 1063 1048 1101 suis
1078 1064 1277 1102 consulere
1305 1064 1549 1112 arbitrantur,

143 1125 207 1157 aut
234 1118 341 1157 cuius
365 1130 457 1168 opes
480 1123 678 1162 metuunt.
707 1125 769 1156 aut
792 1124 940 1164 contra⁷
970 1132 989 1157 a
1012 1119 1151 1169 quibus
1175 1120 1314 1170 aliquid
1337 1126 1549 1171 expectant,

142 1181 183 1213 ut
216 1187 304 1213 cum
338 1186 447 1224 reges
481 1174 733 1224 popularesve
759 1174 940 1212 homines
969 1175 1189 1224 largitiones
1219 1175 1365 1226 aliquas
1398 1189 1547 1227 propo—

141 1237 254 1277 nunt,
285 1236 347 1269 aut
370 1235 570 1280 postremo
591 1230 721 1281 precio
744 1243 786 1268 ac
807 1230 985 1268 mercede
1007 1231 1216 1277 ducuntur,
1240 1244 1336 1282 quae
1357 1232 1547 1271 sordidis-

140 1287 237 1326 sima
265 1293 322 1325 est
342 1286 401 1325 illa
424 1286 577 1337 quidem
599 1286 694 1324 ratio
717 1292 751 1324 et
774 1286 1083 1337 inquinatissima
1105 1294 1141 1326 et
1166 1288 1229 1333 115,
1263 1289 1327 1338 qui
1348 1301 1388 1326 ea
1411 1295 1547 1327 tenen-

142 1351 218 1390 tur,
249 1350 283 1381 et
311 1343 400 1388 illis.
432 1343 495 1393 qui
523 1343 567 1380 ad
597 1355 678 1381 eam
710 1343 918 1393 confugere
941 1350 1141 1382 minantur.
1182 1344 1276 1382 Male
1297 1344 1398 1382 enim
1423 1358 1463 1383 se
1484 1357 1545 1383 res

138 1399 270 1445 habet,
299 1412 397 1445 cum,
421 1400 523 1450 quod
546 1398 681 1437 virtute
705 1399 803 1437 effici
828 1399 949 1445 debet,
971 1399 1006 1437 id
1032 1406 1241 1451 temptatur
1257 1401 1430 1451 pecunia.
1469 1400 1548 1440 Sed

141 1456 325 1507 quoniam
351 1467 432 1494 non
458 1468 672 1505 numquam
700 1455 774 1493 hoc
803 1456 1020 1494 subsidium
1044 1457 1305 1495 necessarium
1327 1463 1403 1503 est,
1432 1469 1545 1508 quem

140 1513 185 1551 ad
209 1513 370 1551 modum
393 1512 441 1550 sit
463 1512 650 1550 utendum
674 1524 718 1550 eo
743 1512 932 1555 dicemus,
962 1513 993 1550 si
1016 1513 1124 1563 prius
1146 1512 1193 1551 iis
1216 1513 1262 1551 de
1283 1512 1420 1559 rebus,
1451 1526 1547 1564 quae

138 1569 267 1607 virtuti
291 1569 496 1619 propiores
520 1574 628 1615 sunt,
650 1567 870 1606 dixerimus.
912 1569 1034 1619 Atque
1057 1569 1168 1608 etiam
1194 1569 1389 1607 subiciunt
1410 1582 1450 1607 se
1472 1570 1546 1607 ho-

139 1625 263 1663 mines
284 1624 448 1675 imperio
472 1624 624 1663 alterius
647 1630 683 1663 et
704 1624 885 1674 potestati
909 1625 953 1663 de
976 1625 1101 1663 causis
1125 1625 1310 1675 pluribus.
1346 1625 1548 1664 Ducuntur

138 1681 240 1719 enim
262 1687 325 1720 aut
346 1680 608 1719 benevolentia
630 1686 665 1718 et
685 1680 960 1719 beneficiorum
984 1681 1247 1731 magnitudine
1270 1687 1333 1720 aut
1351 1681 1545 1731 dignitatis

183 1782 236 1813 20.
261 1783 420 1825 prooez'me
442 1784 562 1813 trium:
589 1781 641 1812 bei
661 1780 802 1812 Pharsa-

137 1827 200 1867 1115,
219 1826 380 1868 Thapsus,
395 1825 526 1858 Munda.
543 1827 703 1870 procm’me
716 1827 804 1858 steht

89 1868 102 1887 ‘⁹
137 1872 269 1903 zeitlich
287 1871 340 1902 ffir
356 1882 473 1915 nuper.

181 1927 282 1959 saepe
298 1916 498 1956 multorum,
523 1916 552 1946 d.
570 1916 590 1946 i.
615 1916 801 1955 multorum,

136 1971 273 2003 quorum
296 1961 381 1992 alius
406 1961 469 1992 alio
494 1965 641 2002 tempore
665 1961 801 1999 interiit,

135 2007 186 2038 ein
206 2007 283 2037 sehr
296 2006 445 2046 hiiufiger
456 2005 688 2039 pleonasmus:
707 2005 730 2045 17
749 2005 802 2043 22,

136 2051 188 2083 74.
215 2051 269 2092 44,
291 2051 364 2082 155.
393 2050 446 2089 111,
467 2051 518 2090 10,
536 2051 589 2082 44.

180 2097 307 2128 summi
339 2099 371 2127 et
401 2096 590 2138 singularis
623 2097 704 2136 riri,
744 2096 802 2126 des

98 2156 102 2158 ·
135 2141 321 2182 pompejus.

182 2187 300 2229 opibus
329 2188 361 2217 et
383 2185 522 2226 studz·1·s‚
555 2186 588 2216 in
614 2185 803 2216 demselben

136 2230 247 2270 Sinne,
265 2231 327 2262 wie
346 2241 405 2273 ope
422 2233 521 2271 atque
538 2240 651 2272 opera.

181 2278 339 2307 neutram
346 2277 378 2306 in
386 2278 532 2318 partem.
552 2275 585 2306 S.
594 2285 623 2305 o.
632 2276 664 2306 in
676 2286 695 2306 ιι
701 2278 805 2306 tram-

136 2331 197 2362 que
211 2323 353 2363 pat-tem,
372 2320 423 2351 vel
438 2319 603 2352 secundas
620 2320 665 2351 ad
680 2330 736 2352 res
753 2319 805 2351 vel

135 2365 304 2397 adversas.

181 2409 234 2442 21.
263 2413 324 2442 aut
351 2410 530 2452 vulfidem
558 2411 690 2441 liabent.
729 2409 803 2442 Von

137 2455 420 2496 derConjunction
433 2455 516 2486 wird
530 2466 602 2486 zum
617 2454 803 2486 Relativum

134 2499 405 2541 iibergegangen3
425 2511 450 2532 s,
465 2499 488 2540 Ι,
503 2501 534 2540 5,
552 2499 601 2531 16.
621 2500 682 2532 Ε111
702 2499 803 2531 zwei-

137 2549 190 2575 ter
206 2544 365 2576 VVechsel
387 2546 446 2577 der
469 2545 625 2577 Structur
648 2545 722 2577 tritt
745 2545 804 2575 mit

136 2592 196 2621 aut
209 2593 381 2633 postremo
399 2591 466 2630 ein3
485 2590 551 2631 vgl.
571 2590 665 2632 §.37.
683 2609 726 2612 —
743 2589 802 2620 Die

878 1783 897 1811 ὕ
911 1782 1129 1821 angel'tihrten
1143 1781 1276 1813 Griinde
1285 1782 1420 1813 werden
1434 1782 1465 1812 in
1475 1782 1547 1813 dem

877 1827 1067 1867 Folgenden
1087 1827 1116 1857 in
1136 1826 1154 1857 3
1172 1826 1277 1857 Paare
1300 1836 1548 1866 zusammenge-

876 1872 973 1907 sasst,
992 1872 1057 1903 und
1075 1882 1138 1902 von
1158 1871 1381 1903 benet-olentia
1397 1872 1463 1902 und
1479 1882 1548 1902 me-

879 1921 934 1949 tus
950 1916 1000 1947 bis
1019 1916 1049 1953 S,
1069 1916 1128 1956 30,
1159 1927 1222 1947 von
1240 1917 1347 1947 honos
1373 1917 1438 1947 und
1454 1916 1548 1958 fides

876 1962 925 1993 bis
944 1972 971 1992 c.
984 1962 1032 2002 15,
1051 1972 1114 1992 von
1129 1961 1315 1993 liberalitas
1328 1961 1393 1992 und
1407 1971 1549 2004 eorrup-

877 2007 942 2039 tela
962 2006 1091 2037 15—24
1108 2007 1323 2048 gesprochen.

921 2051 1109 2084 consulere:
1139 2052 1196 2082 das
1221 2051 1357 2090 Subject
1379 2061 1475 2092 quem
1506 2051 1550 2081 ist

876 2108 935 2129 aus
961 2097 1033 2127 dem
1062 2096 1354 2135 vorhergehenden
1379 2096 1478 2126 Dativ
1507 2105 1548 2125 zu

878 2142 1055 2182 erganzen,
1074 2151 1102 2171 z.
1120 2140 1151 2181 ξ.
1174 2140 1225 2170 14.

924 2186 976 2217 22.
1007 2185 1193 2217 ducuntur.-
1208 2195 1244 2215 es
1259 2185 1348 2224 zeigt
1360 2183 1546 2216 maweu--

879 2230 1134 2270 schweffigkest,
1167 2230 1243 2260 das's
1269 2229 1340 2260 hier
1363 2229 1414 2260 die
1444 2229 1545 2260 sehon

879 2276 909 2317 ξ.
922 2274 964 2306 20
978 2275 1210 2315 angegebenen
1221 2273 1354 2305 Griinde
1367 2274 1426 2305 mit
1437 2273 1546 2313 wenig

877 2320 1100 2352 veriinderten
1116 2318 1333 2350 Ausdriicken
1348 2318 1546 2350 wiederholt

877 2365 1023 2397 werden.

922 2410 1158 2452 beneficiorum
1191 2407 1424 2450 magnitudine
1461 2407 1546 2438 kann

876 2454 981 2486 neben
1015 2454 1239 2486 benet-olentia
1270 2453 1359 2484 nieht
1396 2457 1454 2493 gut
1495 2452 1545 2483 als

876 2499 1121 2540 selbsttindiges
1139 2498 1237 2530 Glied
1253 2497 1445 2537 ausgeffihrt
1456 2507 1546 2527 wer-

876 2545 955 2576 den:
996 2555 1031 2576 es
1066 2544 1249 2586 entspricht
1283 2543 1312 2584 ξ.
1332 2542 1371 2573 21
1409 2544 1546 2574 benevo-

875 2590 998 2622 lentiae
1012 2591 1144 2632 gratia.
1167 2599 1241 2621 eum
1258 2588 1370 2631 aliq-aa
1386 2586 1427 2619 de
1443 2596 1547 2619 eausa

1579 847 1617 879 21

1577 1351 1618 1383 22
