1684 2819
606 171 684 204 Llss.
696 160 726 204 i.
764 171 854 204 CAP.
876 168 1030 201 22-24.
1471 171 1525 210 65

232 274 400 314 Omnino
429 274 520 313 illud
542 274 776 321 honestum,
807 275 912 326 quod
940 286 984 312 ex
1011 271 1140 311 animo
1169 270 1320 310 excelso
1347 272 1526 322 magnifi-
1553 275 1606 315 23

120 344 242 384 coque
268 331 506 381 quaerimus,
534 331 651 370 animi
679 331 858 378 efficitur,
886 342 968 369 non
996 328 1174 380 corporis
1200 327 1358 366 viribus.
1404 328 1526 367 Exer-

120 389 286 428 cendum
303 392 433 426 tamen
451 400 595 438 corpus
617 395 653 426 et
674 388 724 426 ita
741 387 996 426 adliciendum
1013 391 1084 432 est,
1106 389 1148 424 ut
1166 384 1348 423 oboedire
1365 384 1526 423 consilio

117 443 336 495 rationique
363 444 491 495 possit
517 444 557 482 in
585 443 821 495 exequendis
849 443 1015 494 negotiis
1044 446 1080 480 et
1101 442 1139 479 in
1160 441 1290 480 labore
1310 441 1527 480 tolerando.

118 501 336 540 Honestum
360 506 488 539 autem
510 501 561 547 id,
584 501 685 551 quod
710 500 958 552 exquirimus,
980 504 1105 538 totum
1122 503 1181 537 est
1196 497 1368 548 positum
1385 497 1426 536 in
1444 497 1528 536 ani-

118 557 172 595 mi
195 569 283 595 cura
305 562 341 594 et
363 556 612 608 cogitatione:
642 557 679 595 in
704 569 779 608 quo
802 569 882 595 non
910 556 1103 594 minorem
1130 554 1330 593 utilitatem
1352 554 1529 593 adferunt

120 613 184 664 qui
205 613 323 663 togati
345 613 399 651 rei
420 612 595 664 publicae
616 619 802 664 praesunt
824 625 939 663 quam
961 612 1024 663 qui
1044 611 1186 650 bellum
1208 617 1356 661 gerunt.
1396 610 1528 661 Itaque

119 681 255 708 eorum
279 669 440 708 consilio
466 682 578 720 saepe
605 681 686 708 non
709 672 890 720 suscepta
910 674 974 707 aut
996 668 1169 706 confecta
1196 667 1292 705 bella
1313 672 1420 713 sunt,
1448 678 1530 705 non

118 737 332 776 numquam
361 725 473 764 etiam
502 725 619 771 illata,
647 733 689 764 ut
717 726 766 764 M.
790 724 945 764 Catonis
972 724 1113 762 bellum
1142 723 1297 762 tertium
1324 723 1528 769 Punicum,

119 781 158 819 111
181 793 256 832 quo
280 781 394 820 etiam
415 782 560 820 mortui
583 781 698 820 valuit
715 781 935 820 auctoritas.
973 781 1056 826 Qua
1076 792 1117 818 re
1139 780 1351 830 expetenda
1374 779 1529 829 quidem

119 837 239 888 magis
268 842 326 875 est
353 837 586 876 decernendi
616 838 713 876 ratio
742 849 857 888 quam
886 835 1105 875 decertandi
1133 835 1339 881 fortitudo,
1370 835 1437 873 sed
1466 847 1529 873 ca-

119 893 285 932 vendum
307 904 355 931 116
378 893 415 931 id
435 892 599 932 bellandi
628 894 750 944 magis
781 894 867 943 suga
895 906 1008 943 quam
1039 891 1208 930 utilitatis
1236 891 1385 930 ratione
1415 890 1530 929 facia-

117 961 217 988 mus.
260 949 405 988 Bellum
428 955 553 989 autem
576 950 627 989 ita
649 950 894 1001 suscipiatur,
918 955 959 988 ut
980 949 1076 988 nihil
1096 947 1196 987 aliud
1218 947 1293 985 nisi
1315 960 1389 998 pax
1411 959 1529 998 quae-

121 1005 193 1044 sita
214 1006 396 1044 videatur.

232 1061 359 1100 Fortis
380 1074 470 1100 vero
494 1062 611 1100 animi
632 1067 669 1100 et
691 1062 904 1101 constantis
928 1066 985 1100 est
1011 1072 1092 1099 non
1113 1059 1330 1110 perturbari
1352 1060 1391 1098 in
1413 1059 1529 1098 relius

120 1117 266 1168 asperis
290 1130 361 1156 1166
381 1118 681 1156 tumultuantem
710 1119 756 1156 (16
785 1119 904 1169 gradu
933 1117 1047 1162 deici,
1078 1121 1119 1154 ut
1141 1115 1296 1161 dicitur⁷
1326 1116 1394 1154 sed
1416 1128 1529 1166 prae-

120 1174 220 1212 senti
242 1174 370 1214 animo
392 1174 449 1212 uti
472 1180 508 1212 et
529 1174 692 1213 consilio
724 1186 797 1213 nec
819 1187 839 1212 a
860 1174 1009 1212 ratione
1037 1172 1245 1211 discedere.
1287 1172 1529 1223 Quamquam

118 1230 195 1268 hoc
216 1230 351 1276 animi,
380 1230 472 1269 illud
495 1230 608 1269 etiam
632 1230 774 1280 ingenii
802 1230 929 1280 magni
951 1236 1026 1275 est‚
1056 1228 1279 1279 praecipere
1301 1227 1531 1278 cogitatione

118 1286 246 1324 futura
268 1291 305 1324 et
326 1285 519 1337 aliquanto
538 1291 624 1325 ante
641 1286 876 1325 constituere
893 1286 982 1337 quid
1000 1285 1170 1324 accidere
1185 1284 1311 1335 possit
1327 1284 1366 1322 iu
1382 1290 1531 1323 utram-

120 1354 193 1393 que
214 1349 362 1392 partem
385 1348 422 1380 et
443 1342 533 1393 quid
556 1343 747 1392 agendum
775 1343 842 1390 sit,
872 1355 959 1381 cum
989 1342 1080 1392 quid
1109 1341 1292 1387 evenerit,
1321 1353 1392 1379 nec
1421 1353 1531 1378 com-

120 1398 273 1437 mittere
300 1404 343 1437 ut
365 1398 569 1450 aliquando
601 1399 806 1437 dicendum
835 1399 902 1437 sit:
934 1398 1037 1445 ,Non
1059 1404 1272 1449 putai·a1n.‘
1314 1397 1415 1435 Haec
1441 1402 1533 1435 sunt

122 1467 239 1505 opera
266 1454 395 1505 magni
423 1455 540 1493 animi
569 1460 605 1493 et
632 1456 770 1494 excelsi
798 1461 834 1494 et
860 1455 1067 1506 prudentia
1096 1453 1337 1504 consilioque
1364 1452 1529 1491 fidentis.

123 1510 287 1548 Temere
309 1516 434 1548 autem
458 1510 497 1549 111
519 1511 597 1549 acie
618 1512 762 1550 versari
784 1517 820 1550 et
840 1524 958 1550 manu
987 1523 1074 1550 cum
1095 1510 1208 1548 hoste
1230 1509 1435 1560 confligere
1456 1509 1530 1547 im—

123 1578 237 1604 mane
259 1566 441 1617 quiddam
463 1573 499 1605 et
520 1567 719 1606 beluarum
743 1567 868 1606 simile
895 1573 971 1614 est,
1002 1567 1068 1606 sed
1097 1579 1185 1605 cum
1212 1571 1366 1616 tempus
1394 1577 1531 1604 neces-

123 1622 292 1672 sitasque
314 1622 494 1673 postulat,
517 1623 794 1663 decertandum
816 1636 935 1662 manu
951 1630 1010 1662 est
1030 1629 1066 1661 et
1087 1635 1194 1661 mors
1214 1622 1384 1661 servituti
1405 1621 1531 1673 turpi-

122 1679 321 1729 tudinique
342 1680 626 1730 anteponenda.

235 1735 288 1774 De
309 1735 523 1774 evertendis
553 1741 679 1774 autem
703 1735 1005 1787 diripiendisque
1027 1734 1188 1774 urbibus
1218 1735 1322 1773 valde
1352 1733 1531 1773 conside-

166 1818 233 1858 23.
261 1826 314 1857 79.
340 1828 477 1858 mortui.
510 1826 590 1858 Cato
614 1827 705 1858 starb
726 1826 790 1858 605

124 1870 213 1910 (149)
246 1870 264 1901 3
294 1871 392 1902 Jahre
417 1881 478 1902 vor
501 1872 560 1902 der
583 1871 793 1912 Zerstb'rung

863 1827 959 1858 mend
978 1827 1050 1866 (vor
1067 1825 1211 1857 Schreck
1225 1825 1290 1856 und
1304 1825 1534 1865 Verwirrung)

864 1872 925 1902 den
940 1869 1030 1913 Hopf
1043 1871 1220 1902 verlieren.
1249 1870 1314 1901 Das
1329 1870 1401 1901 Bild
1415 1870 1459 1902 ist
1470 1880 1535 1901 von

123 1915 316 1955 Carthagos.

168 1959 220 1991 80.
253 1960 455 1993 decernendi
479 1980 521 1983 —
551 1972 648 2003 quam
678 1961 792 1993 decer-

122 2005 225 2045 tandi,
251 2006 325 2037 eine
344 2010 448 2037 etwas
467 2007 624 2046 gesuchte
642 2006 791 2039 Pareno-

120 2060 234 2082 masie.

167 2094 296 2127 Bellum
312 2098 438 2127 aulem.
464 2095 625 2127 Dasselbe
644 2097 687 2128 ist
703 2096 735 2138 ξ.
750 2096 793 2127 34

121 2141 388 2181 ausgesproehen
407 2141 471 2171 und
489 2141 612 2173 konnte
630 2142 703 2173 hier
720 2141 793 2182 fiig-

121 2185 185 2216 lich
203 2184 324 2215 fehlen.

167 2228 200 2260 F
200 2231 282 2261 ortis
304 2230 410 2261 (1712'77127
425 2233 458 2261 et
480 2233 665 2262 constantis
684 2234 794 2263 631-

119 2276 296 2317 praesenti
317 2276 370 2305 11ΐί
391 2277 516 2307 animo.
557 2275 680 2307 Zuerst
705 2276 795 2307 steht

124 2320 260 2351 animus
271 2318 326 2350 fiir
334 2320 439 2359 homo,
451 2321 513 2351 wie
522 2321 603 2352 auch
613 2321 677 2351 wir
685 2321 790 2361 86616,

124 2363 220 2396 Geist
237 2374 356 2404 sagen,
380 2375 440 2406 pro
458 2365 557 2397 Arch.
579 2366 635 2405 11,
660 2365 702 2397 29
720 2367 793 2397 ani—

122 2419 198 2440 mus
213 2419 273 2440 nec
288 2411 392 2441 tantis
410 2421 445 2441 36
462 2411 631 2443 laboribus
638 2411 792 2453 frange—

123 2456 184 2494 161,
192 2464 298 2496 neque
312 2457 361 2485 tot
372 2458 481 2487 causis
489 2457 677 2498 vigiliisque
688 2466 794 2497 ange-

124 2500 238 2538 retur,
262 2510 367 2540 neque
391 2501 490 2532 toties
509 2501 549 2532 de
568 2503 634 2533 vita
650 2504 725 2545 ipsa
743 2500 792 2531 di-

124 2544 274 2574 micaret.

171 2587 429 2622 tumultuantem
442 2590 606 2632 degrada
621 2591 710 2632 deici,
727 2591 792 2622 liii·—

198 2639 257 2667 Cic.
274 2640 308 2666 de
320 2641 398 2670 ol'lic.
419 2640 446 2670 2.
463 2643 538 2671 Auss.

865 1917 926 1947 (1611
943 1915 1160 1948 Gladiatoren
1170 1925 1374 1956 genommen.
1392 1915 1458 1946 Das
1468 1914 1535 1948 Ge-

864 1961 1011 2002 gentheil
1025 1961 1068 1992 ist
1080 1962 1115 1992 in
1130 1961 1282 2003 gradzmz
1295 1962 1427 2001 reverti,
1443 1960 1535 1992 561116

863 2006 1012 2038 Ρο5111011
1029 2006 1340 2046 wiedergewinnen.

911 2051 963 2083 81.
978 2052 1038 2083 lzoc
1051 2052 1164 2093 animi,
1180 2051 1264 2082 illud
1275 2052 1375 2082 etiam
1389 2052 1538 2092 ingenii:

864 2098 1042 2138 ingenium
1066 2097 1271 2136 angebornes
1296 2095 1433 2136 Talent,
1463 2097 1536 2127 αηί-

864 2152 941 2173 mus
960 2141 1164 2181 Gesinnung.

912 2185 985 2218 Non
993 2189 1174 2229 putaram:
1189 2185 1302 2217 valer.
1313 2185 1535 2225 Max.vss‚2,2

866 2230 977 2274 Scipio
992 2232 1185 2272 Africanus
1205 2234 1304 2274 turpe
1321 2241 1395 2262 6336
1414 2232 1535 2272 aiebat.

866 2278 897 2307 ἰη
916 2286 953 2308 re
969 2276 1112 2308 militari
1127 2275 1236 2308 debere
1256 2287 1332 2317 ‚non
1348 2279 1535 2320 putaram&

913 2324 1044 2365 tempus
1074 2323 1336 2363 necessitasque,
1374 2322 1431 2352 das
1464 2322 1536 2352 sind

866 2371 1013 2408 tempora
1023 2367 1229 2405 necessaria3
1245 2367 1302 2397 das
1312 2363 1420 2397 ἓνδιὲιε
1431 2365 1537 2398 δυοῖν

864 2411 950 2442 kann
969 2422 1030 2442 nur
1046 2413 1262 2452 arigewendet
1276 2411 1421 2448 werden,
1440 2421 1535 2442 wenn

865 2457 925 2487 der
942 2461 1032 2487 61516
1047 2456 1172 2497 ssegriff
1185 2457 1265 2487 auch
1284 2456 1337 2487 i'iir
1355 2455 1422 2487 51611
1437 2456 1535 2487 11116111

866 2502 982 2532 51611611
1000 2502 1135 2533 ko'nnte.

911 2540 974 2578 24.
1003 2546 1054 2577 52.
1080 2545 1536 2588 DiesHapitelzeichnetsich

865 2592 1062 2623 namentlirh
1092 2592 1235 2623 dadum-h
1261 2601 1331 2630 auS‚
1361 2591 1436 2622 dass
1462 2601 1538 2623 ver-

1250 2659 1267 2679 υ

1557 338 1598 369 79

1558 786 1600 819 80

1560 1181 1597 1212 81

1557 1712 1611 1750 24

1562 1772 1602 1804 82
