1684 2819
147 138 201 177 42
597 137 754 170 [ABER
777 139 802 170 l.
822 139 877 179 27,
895 140 949 172 67.
987 140 1042 180 25,
1060 140 1114 171 ὃς.

147 246 265 286 terita
287 253 419 286 teneat
440 253 480 287 et
502 246 632 286 futura
654 247 862 299 provideat
883 254 922 286 et
942 247 1145 301 complecti
1165 247 1288 300 possit
1305 247 1556 300 praesentia:

145 316 242 356 quae
265 302 350 343 sola
371 302 505 343 divina
526 310 633 351 sunt,
667 316 741 343 nec
761 303 988 343 invenietur
1011 317 1209 356 umquam,
1239 304 1343 344 unde
1364 303 1411 343 ad
1434 303 1560 343 homi-

148 373 236 400 nem
259 359 396 400 venire
418 359 586 413 possint,
613 359 691 398 nisi
712 372 735 398 a
757 359 846 399 deo.
888 359 1109 413 Singularis
1139 367 1199 400 est
1226 360 1348 414 igitur
1369 360 1561 413 quaedam

147 422 289 456 natura
311 422 426 469 atque
449 415 510 455 vis
532 414 675 465 animi,
709 414 889 456 seiuncta
908 415 955 456 ab
977 416 1037 456 his
1060 416 1215 457 usitatis
1238 417 1422 470 notisque
1445 424 1560 458 natu-

147 472 218 513 ris.
261 472 341 520 lta,
377 471 555 524 quicquid
580 478 641 512 est
660 471 778 522 illud,
810 472 913 525 quod
935 473 1070 521 sentit,
1103 473 1206 525 quod
1228 473 1346 526 sapit,
1378 473 1480 526 quod
1502 474 1561 514 vi-

146 529 218 579 vit,
255 527 357 581 quod
378 528 500 582 viget,
537 528 709 570 caeleste
732 536 770 570 et
793 529 967 569 divinum
991 529 1039 568 ob
1062 541 1225 581 eamque
1247 543 1330 569 rem
1353 537 1559 570 aeternum

146 585 198 625 sit
219 597 384 625 necesse
407 592 482 625 est.
525 584 609 626 Nec
631 599 728 626 vero
751 587 845 626 deus
876 586 985 639 ipse,
1019 586 1083 638 qui
1114 585 1348 638 intelligitur
1375 599 1398 626 a
1427 586 1557 636 nobis,

145 641 221 682 alio
243 641 358 681 modo
379 641 546 696 intelligi
569 649 718 696 potest,
752 642 829 683 nisi
859 655 970 682 mens
996 642 1124 683 soluta
1147 642 1337 694 quaedam
1360 649 1398 682 et
1419 642 1558 692 libera,

145 705 356 752 segregata
378 697 426 737 ab
449 699 556 739 omni
578 699 831 740 concretione
853 699 1033 750 mortali,
1067 699 1198 739 omnia
1220 699 1395 739 sentiens
1418 706 1454 739 et
1479 712 1562 739 mo-

147 768 261 804 vens,
286 755 447 808 ipsaque
470 755 648 809 praedita
670 762 777 796 motu
799 757 1097 810 sempiterno.“
1131 755 1212 795 Hoc
1234 768 1254 795 e
1277 769 1422 809 genere
1445 763 1562 808 atque

146 811 283 852 eadem
305 825 326 851 e
349 818 492 852 natura
515 820 574 853 est
595 811 764 853 humana
786 826 912 853 mens.

261 868 332 909 Ubi
355 869 478 922 igitur
499 876 567 909 aut
588 870 715 922 qualis
739 877 798 910 est
819 869 895 910 ista
920 869 1121 909 mens?—
1137 868 1208 909 [bi
1232 875 1296 908 tua
1319 875 1387 908 aut
1409 867 1562 921 qualis?

147 931 312 977 potesne
331 925 492 966 dicere?
514 939 578 974 an,
597 926 631 966 si
654 927 783 966 onmia
806 927 853 966 ad
875 925 1172 979 intelligendum
1196 939 1274 965 non
1298 923 1437 973 habeo,
1464 937 1563 978 quae

147 981 291 1022 hahere
322 982 490 1032 vellem,
527 996 576 1023 ne
608 983 656 1024 iis
688 983 869 1036 quidem,
904 997 1003 1036 quae
1035 982 1180 1032 habeo,
1215 981 1309 1021 mihi
1339 994 1408 1034 per
1439 987 1476 1020 te
1506 980 1563 1020 uti

149 1037 307 1078 licebit?
347 1037 436 1078 Non
457 1039 565 1080 valet
596 1047 747 1080 tantum
778 1039 955 1089 animus,
992 1047 1034 1079 ut
1065 1052 1108 1079 se
1139 1040 1261 1093 ipsum
1292 1038 1376 1092 ipse
1407 1037 1560 1087 videat3

147 1101 189 1134 at
210 1102 252 1134 ut
274 1095 410 1135 oculus
425 1126 435 1145 ,
469 1096 527 1136 sic
548 1096 704 1137 animus
728 1110 770 1137 se
793 1111 871 1137 non
892 1097 1030 1137 videns
1054 1096 1131 1135 alia
1162 1095 1303 1135 cernit.
1344 1094 1434 1135 Non
1455 1094 1565 1134 videt

145 1158 291 1201 autem,
316 1152 418 1204 quod
440 1152 643 1193 minimum
667 1160 742 1203 est,
768 1155 932 1194 formam
949 1167 1084 1202 suam3
1111 1152 1302 1192 sortasse!
1332 1164 1564 1204 quamquam

146 1208 182 1247 id
205 1222 385 1261 quoque3
421 1210 488 1249 sed
517 1210 812 1263 relinquamus,
846 1210 927 1251 vim
951 1217 1073 1258 certe,
1107 1208 1381 1263 sagacitatem,
1416 1221 1564 1248 memo-

146 1265 268 1314 riam,
303 1273 476 1315 motum,
509 1267 750 1307 celeritatem
782 1267 903 1307 videt.
948 1266 1053 1307 Haec
1085 1280 1252 1319 magna,
1289 1265 1382 1306 haec
1412 1265 1561 1312 divina,

148 1321 243 1361 haec
265 1322 505 1376 sempiterna
528 1331 635 1364 sunt.
672 1323 755 1374 Qua
778 1324 875 1364 facie
899 1323 1058 1377 quidem
1078 1323 1131 1363 sit
1151 1330 1217 1362 aut
1237 1321 1302 1362 ubi
1326 1321 1489 1370 habitet,
1514 1334 1564 1361 ne

147 1379 412 1430 quaerendum
436 1380 590 1432 quidem
613 1389 687 1421 est.

74 1433 134 1478 28
267 1435 339 1485 Ut,
376 1450 493 1489 quum
515 1437 693 1478 videmus
722 1439 894 1491 speciem
931 1437 1097 1490 primum
1128 1436 1417 1488 candoremque
1448 1434 1561 1484 caeli,

86 1499 128 1530 63
147 1490 235 1531 dein
263 1494 537 1534 conversionis
567 1495 811 1535 celeritatem
843 1501 1015 1542 tantam,
1058 1500 1241 1546 quantam
1279 1493 1454 1546 cogitare
1484 1506 1563 1531 non

148 1562 382 1601 possumus,
416 1557 497 1589 tum
519 1551 812 1591 vicissitudines
839 1551 989 1590 dierum
1020 1564 1064 1589 ac
1094 1549 1266 1590 noctium
1290 1549 1563 1589 commutatio—

146 1618 294 1658 nesque
318 1613 537 1660 temporum
559 1607 866 1661 quadripartitas
890 1607 938 1646 ad
959 1606 1228 1646 maturitatem
1260 1607 1415 1660 frugum
1449 1612 1489 1645 et
1517 1605 1564 1645 ad

147 1663 472 1716 temperationem
497 1678 704 1718 corporum
727 1671 860 1718 aptas,
897 1676 1113 1717 eorumque
1143 1662 1316 1703 omnium
1339 1662 1564 1703 moderato-

84 763 127 794 67

188 1765 265 1796 sola
292 1766 410 1806 gehiirt
438 1766 530 1798 nicht
555 1777 596 1798 zu
618 1777 722 1808 quae,
742 1776 819 1798 son—

144 1809 226 1840 dern
241 1820 282 1841 zu
294 1811 438 1849 divina,
458 1812 529 1843 also
541 1827 586 1837 ==
597 1823 687 1853 qnae
698 1814 818 1844 οηιηία

144 1855 297 1887 de'vz'nam
326 1856 437 1887 solam
465 1856 527 1898 (=
546 1856 679 1898 solum)
707 1859 819 1898 origi-

934 1770 1073 1798 motmn
1100 1767 1229 1805 „scine
1257 1765 1565 1808 Empstinglichkeit

890 1812 944 1844 fiir
957 1812 1061 1853 jeden
1081 1811 1294 1843 Eindruck“.

939 1858 1014 1898 Qua
1030 1857 1134 1897 stu-ic
1159 1857 1299 1898 quidem
1323 1859 1385 1888 sit.
1416 1856 1561 1898 Quidem

144 1910 223 1931 nem.
242 1902 384 1933 liabent.

190 1946 246 1977 67.
271 1945 335 1979 Ubi·
351 1949 467 1990 ‘z'gz'tm-
481 1952 563 1986 etc.,
583 1946 742 1978 Einwurf
758 1958 819 1979 aus

145 1992 217 2023 dem
244 1991 346 2024 Sinne
382 1992 498 2033 irgend
532 1993 624 2025 eines
652 1991 816 2033 Gcgners,

144 2037 278 2069 woraul'
301 2037 375 2069 Cic.
411 2038 515 2069 durch
551 2038 603 2069 die
640 2037 817 2078 folgenden

144 2082 382 2124 (legenfragen
401 2088 595 2115 antwortet.

186 2132 335 2170 potesne
351 2145 397 2155 =
414 2140 500 2161 num
514 2133 630 2171 potest,
656 2129 720 2160 wie
740 2128 816 2161 Cat.

144 2173 188 2205 M.
213 2175 266 2212 16,
289 2176 352 2208 56:
381 2175 581 2207 Poteratne
601 2178 724 2206 tantus
744 2178 819 2205 (ιηί-

144 2229 222 2251 mus
248 2231 317 2251 non
344 2222 480 2261 efficere
506 2220 698 2252 iucundam
725 2231 820 2251 sene-

144 2268 276 2296 ctutem
288 2268 303 2296 [²
315 2264 519 2307 Umgekehrt
531 2266 556 2297 l.
571 2267 625 2307 34,
639 2266 680 2297 Sl
692 2269 820 2298 etiam-

144 2322 198 2350 ne,
228 2310 285 2342 lll.
309 2311 364 2351 17,
385 2312 424 2343 :37
450 2315 608 2353 melone,
638 2311 678 2343 V.
699 2312 755 2349 21,
777 2312 818 2343 (52

143 2358 279 2388 satis-uc
301 2372 347 2382 =
373 2368 486 2389 nonne
505 2360 613 2389 eliam
631 2362 720 2397 etc.;
748 2358 818 2389 also

144 2401 266 2443 Zumpt
278 2400 336 2433 Gr.
359 2402 450 2444 §352
471 2403 561 2434 nicht
580 2413 665 2443 ganz
682 2403 816 2444 riclitig.

189 2457 224 2478 se
258 2450 375 2489 ipsum
410 2448 492 2479 wird
529 2449 677 2480 nachher
715 2448 817 2480 durch

133 2492 302 2533 sor-mam
321 2504 421 2525 suam
444 2494 550 2525 niiher
569 2494 749 2526 bestimmt.

190 2549 407 2581 quamquam
427 2540 464 2571 id
482 2551 640 2582 quoque,
669 2542 821 2581 sesto-m·

141 2587 274 2625 potest.

889 1903 968 1934 liebt
1001 1903 1060 1933 das
1088 1901 1187 1934 &Vort
1201 1927 1208 1937 ,
1244 1901 1352 1933 wobei
1390 1912 1426 1933 es
1460 1903 1561 1938 steht,

889 1947 983 1979 stark
999 1948 1138 1988 hermi-3
1160 1948 1202 1979 ist
1218 1958 1282 1979 nun
1299 1948 1358 1979 der
1373 1946 1562 1988 Gegensatz

889 1995 973 2025 dazu
991 1994 1093 2024 sehon
1113 2003 1405 2035 vwangegnngen,
1433 2003 1470 2024 so
1488 2003 1565 2025 ver-

889 2039 962 2070 tritt
981 2049 1017 2071 es
1037 2039 1089 2070 dic
1109 2038 1214 2071 Stelle
1234 2039 1328 2071 einer
1345 2039 1565 2071 Adversativ-

889 2084 1048 2127 pai-tikcl.
1070 2084 1112 2116 So
1131 2085 1186 2126 41,
1205 2085 1247 2117 99
1273 2085 1325 2117 dic·
1341 2085 1564 2117 immortales

888 2133 1027 2170 scium,-
1047 2132 1219 2162 hominem
1236 2131 1378 2172 quidem
1395 2133 1486 2162 scire
1503 2141 1565 2162 ar-

891 2177 1010 2207 bitror·
1024 2179 1196 2208 neminem
1208 2188 1218 2214 ;
1232 2178 1288 2216 43,
1310 2176 1370 2208 102
1389 2175 1567 2208 Theodori

890 2222 1030 2264 quidem
1052 2227 1132 2260 etc.‚
1153 2222 1220 2254 und
1239 2222 1340 2254 lister.

934 2264 1004 2302 28.
1035 2269 1090 2300 68.
1136 2267 1199 2308 (je,
1244 2278 1350 2310 quum
1391 2267 1561 2299 videmus.

889 2312 972 2344 Dcm
1016 2317 1076 2353 ut,
1120 2314 1239 2345 dessen
1283 2313 1563 2345 anakoluthische

891 2357 1116 2399 Fortsctzung
1143 2358 1160 2399 §
1182 2360 1221 2391 71.)
1238 2369 1476 2401 possumusne
1502 2359 1565 2390 du-

889 2404 1002 2435 bitare
1021 2409 1086 2435 etc.
1107 2403 1180 2445 (fiir
1205 2405 1374 2436 dabitat-e
1399 2415 1468 2436 non
1485 2415 1565 2445 pos-

889 2460 1011 2480 sumus
1030 2449 1114 2491 etc.)
1135 2450 1192 2489 ist,
1211 2450 1399 2492 entsprieht
1412 2450 1498 2481 dann
1515 2450 1564 2481 als

890 2493 1059 2527 Nachsatz
1074 2507 1080 2526 :
1097 2495 1158 2528 Sic
1171 2499 1319 2527 utentem
1333 2496 1484 2527 hominis
1496 2500 1561 2526 etc.

935 2540 983 2573 ad
1018 2544 1312 2582 temperah'onem
1355 2552 1560 2581 corporum.

891 2585 964 2627 Vgl.
989 2585 1045 2618 IV.
1070 2588 1128 2626 13,
1149 2589 1216 2618 30:
1245 2589 1405 2628 cor-poris
1433 2591 1563 2629 tempe-
