1684 2819
25 349 67 382 72

28 1023 69 1056 73

95 187 146 225 70
564 182 619 213 DE
644 182 827 215 NATURA
851 183 1032 216 DEORUM

95 288 139 327 lu
167 287 238 326 deo
268 286 358 337 quid
389 284 438 323 sit
467 284 576 334 quasi
605 296 748 335 corpus
777 290 840 323 aut
864 285 974 335 quasi
994 285 1168 336 sanguis,
1195 284 1402 336 intelligere
1423 295 1506 323 non

95 356 274 396 possum.
318 342 373 380 Ne
400 346 440 378 tu
465 339 642 390 quidem,
671 340 802 387 Vellei,
830 340 898 378 sed
920 352 1001 379 non
1021 341 1079 379 vis
1101 341 1220 380 fateri.
1261 341 1339 380 Ista
1360 341 1462 379 enim
1484 353 1505 380 a

93 399 202 439 vobis
226 397 334 449 quasi
357 396 495 435 dictata
517 395 742 442 redduntur,
772 409 870 447 quae
890 396 1081 446 Epicurus
1104 396 1270 436 oscitans
1294 397 1504 436 hallucina-

95 461 157 495 tus
180 460 249 500 est,
271 465 391 504 quum
415 452 571 503 quidem
594 453 835 503 gloriaretur,
857 458 900 491 ut
919 452 1094 491 videmus
1117 453 1155 491 in
1173 453 1340 505 scriptis,
1362 467 1403 493 se
1425 467 1508 492 ma-

97 511 261 560 gistrum
298 508 479 548 habuisse
522 509 684 548 nullum.
761 509 874 556 Quod
919 513 955 547 et
995 521 1077 547 non
1113 509 1345 560 praedicanti
1381 516 1509 549 tamen

98 566 205 605 facile
227 565 403 617 equidem
427 565 644 608 crederem.
675 566 775 605 sieut
795 565 884 604 mali
906 564 1066 604 aedilicii
1088 565 1246 604 domino
1271 566 1445 616 glorianti
1469 580 1509 605 se

96 622 347 662 auehitectum
375 634 456 660 non
483 622 681 662 habuisse.
735 622 834 661 Nihil
867 622 968 660 enim
1001 622 1077 660 olet
1098 634 1144 660 ex
1165 621 1388 668 Academia,
1417 623 1511 662 nihil

96 692 142 718 ex
167 679 311 731 Lyceo,
342 678 435 717 nihil
462 690 510 716 ne
532 692 552 717 e
573 679 786 730 puerilibus
809 679 965 729 quidem
989 678 1214 729 disciplinis.
1255 678 1512 717 Xenocratem

97 735 230 775 audire
259 735 403 786 potuit:
435 748 548 787 quem
579 735 723 782 virum,
748 736 798 774 dii
822 734 1078 774 innnortalesl
1102 740 1138 773 et
1160 741 1266 781 sunt,
1291 735 1354 785 qui
1376 740 1513 786 putent

96 792 304 831 audivisse:
328 791 412 842 ipse
433 803 515 830 non
537 792 632 831 vult:
663 792 778 831 eredo
800 792 887 843 plus
914 791 1075 830 nemini.
1118 791 1362 841 Pamphilum
1388 803 1510 842 quen-

97 848 204 895 dam,
227 847 400 887 Platonis
423 849 658 895 auditorem,
689 849 740 887 ait
761 862 779 887 a
803 862 843 887 se
866 848 970 887 Sami
993 848 1185 886 auditum:
1217 847 1267 886 ibi
1290 850 1391 886 enim
1416 848 1510 886 ado-

96 905 246 943 lescens
269 904 463 943 habitabat
485 917 571 943 cum
595 911 703 956 patre
727 911 764 944 et
785 905 986 951 fratribus,
1008 904 1112 955 quod
1134 904 1172 942 in
1195 917 1277 942 eam
1302 910 1409 955 pater
1430 904 1511 943 eius

98 960 257 999 Neocles
281 961 451 1012 agripeta
474 967 645 1000 venerat:
670 962 737 1000 sed
760 974 878 1013 quum
902 961 1043 1012 agellus
1067 974 1155 999 eum
1178 973 1258 999 non
1276 961 1367 999 satis
1385 961 1511 1005 aleret,

99 1021 141 1055 ut
177 1017 330 1067 opinor,
369 1017 446 1055 ludi
483 1018 668 1068 magister
705 1018 785 1056 suit.
844 1017 918 1055 Sed
954 1018 1058 1056 hunc
1084 1017 1324 1056 Platonicum
1354 1017 1512 1056 mirifice

98 1073 311 1111 contemnit
332 1073 542 1123 Epicurus:
579 1074 628 1112 ita
658 1074 812 1119 metuit,
842 1085 891 1111 ne
919 1073 1008 1124 quid
1037 1086 1221 1124 umquam
1252 1073 1432 1112 didicisse
1456 1074 1510 1111 vi—

99 1129 243 1168 deatur.
286 1130 327 1167 In
346 1129 597 1181 Nausiphane
615 1130 855 1169 Democriteo
879 1135 1041 1176 tenetur,
1065 1142 1180 1180 quem
1199 1142 1317 1180 quum
1335 1143 1354 1167 a
1372 1142 1414 1168 se
1431 1142 1513 1168 non

99 1191 212 1235 neget
233 1186 419 1233 auditum,
442 1192 546 1225 vexat
570 1192 697 1225 tamen
720 1186 903 1225 omnihus
926 1186 1184 1225 contumeliis.
1227 1186 1339 1237 Atqui
1367 1186 1397 1224 si
1420 1187 1513 1225 haec

98 1241 339 1280 Democritea
366 1255 447 1281 non
474 1243 664 1289 audisset,
695 1244 784 1294 quid
814 1241 1013 1281 audierat?
1042 1242 1131 1293 quid
1157 1242 1258 1280 enim
1280 1242 1317 1280 in
1340 1242 1511 1293 physicis

98 1297 255 1349 Epicuri
284 1311 363 1337 non
392 1313 412 1338 a
440 1298 692 1338 Democrito?
745 1300 841 1337 Nam
873 1299 943 1337 etsi
966 1299 1151 1350 quaedam
1175 1299 1442 1345 commutavit,
1472 1306 1513 1337 ut

99 1354 203 1405 quod
226 1355 353 1405 paullo
375 1361 461 1394 ante
484 1356 530 1393 de
552 1356 799 1394 inclinatione
821 1361 1042 1394 atomorum
1065 1355 1160 1393 dixi:
1185 1361 1312 1393 tamen
1332 1355 1511 1406 pleraque

99 1410 189 1448 dicit
211 1410 361 1457 eadem,
384 1416 555 1458 at011105‚
578 1412 703 1457 inane,
726 1412 926 1463 imagines,
948 1412 1173 1450 infinitatem
1196 1411 1371 1450 locorum
1394 1412 1511 1451 innu-

99 1466 467 1518 merabilitatemque
488 1469 740 1514 mundorum,
764 1482 898 1507 eorum
923 1474 1042 1520 ortus,
1064 1468 1253 1511 interitus,
1278 1468 1513 1515 omniafere,

101 1522 240 1573 quibus
277 1529 436 1563 naturae
468 1525 566 1562 ratio
606 1525 837 1564 continetur.
891 1525 1002 1563 Nunc
1037 1524 1138 1562 istud
1167 1524 1275 1574 quasi
1305 1536 1448 1576 corpus
1477 1531 1514 1563 et

98 1659 163 1699 set,
202 1660 240 1689 at
267 1659 296 1688 is
325 1657 366 1689 de
393 1660 545 1701 pecunias*
574 1659 770 1702 repetundis

889 1671 905 1691 e
919 1659 1108 1703 puerilibus
1126 1658 1321 1701 discvplinis.
1351 1659 1459 1690 Damit
1472 1659 1516 1690 ist

99 1705 292 1744 quaereret,
318 1714 349 1734 u.
369 1704 448 1734 uach
467 1705 529 1735 istc·
554 1704 612 1735 il›.:
640 1707 771 1736 tantam

844 1704 895 1735 (lie
911 1715 981 1745 sog.
992 1700 1179 1746 ἐγκύκλιος
1193 1702 1346 1736 παιδεία
1360 1704 1514 1744 gemeint,

99 1749 158 1778 isti
169 1748 436 1789 gratulationem
450 1750 594 1790 factam,
614 1753 650 1782 at
667 1751 698 1781 is
713 1750 771 1781 do-

99 1802 193 1824 mam
210 1803 338 1835 qaoque
355 1795 513 1826 vrte'ttm’et.

147 1836 199 1868 72.
214 1837 350 1876 dictata,
366 1838 505 1877 Stellen,
521 1839 589 1870 bes.
600 1850 659 1870 aus
672 1840 769 1871 Dich-

102 1886 185 1921 tern,
200 1882 252 1913 die
267 1883 327 1913 den
343 1883 504 1914 Sebiileru
520 1894 592 1915 zum
608 1885 771 1915 Auswen-

101 1927 272 1967 diglernen
292 1927 404 1958 (lietirt
421 1929 569 1959 wurden.
601 1929 676 1967 tgl.
693 1929 769 1960 Ilor.

101 1971 160 2013 Ep.
180 1971 202 2011 l,
226 1971 276 2011 13,
295 1972 350 2003 13:
369 1983 512 2015 pueram
533 1984 632 2006 saevo
651 1974 769 2005 eredas

100 2016 226 2048 dictata
241 2019 408 2059 ‘mag-istro
427 2018 578 2050 reddere.

145 2064 177 2092 in
192 2064 338 2105 scriptis.
367 2063 770 2103 EinerAeusserungdie-

102 2117 157 2138 ser
175 2106 238 2138 Art
256 2108 285 2138 in
305 2108 411 2139 eiuem
431 2107 538 2139 Briel'e
555 2108 697 2150 Epikurs
717 2120 770 2140 er-

102 2152 215 2183 wiibnt
227 2153 308 2183 auch
325 2152 417 2192 Diog.
430 2152 465 2183 L.
476 2152 519 2192 X,
535 2153 584 2184 13.
612 2153 771 2185 Dei-selbo

102 2197 193 2228 eitirt
210 2207 270 2228 aus
295 2197 399 2228 einein
418 2198 542 2229 andern
564 2199 614 2229 ΒΓ.
635 2198 663 2239 ξ.
684 2201 703 2229 6
721 2199 772 2231 die

102 2241 239 2292 NV'orte:
266 2241 443 2274 παιδείαν
467 2241 505 2275 δὲ
532 2244 676 2282 πᾶσαν,
699 2256 772 2288 μα-

102 2297 216 2329 mque,
235 2287 358 2330 φεῦγε.

149 2343 193 2363 ea:
210 2332 395 2364 Academia
411 2351 455 2355 —
474 2344 519 2365 eac
535 2333 661 2375 Lyceo:
689 2334 718 2365 d.
741 2335 770 2365 11.

103 2387 140 2407 er
157 2378 292 2408 verriitb
317 2377 413 2409 keine
432 2378 691 2411 Bekanntselial't
715 2380 774 2411 mit

102 2422 162 2453 der
192 2422 425 2454 Platonisehen
466 2424 547 2455 oder
578 2424 772 2456 Aristoteli-

103 2467 201 2498 seben
221 2468 357 2505 Schule,
382 2479 445 2499 von
463 2469 568 2500 denen
582 2469 662 2509 ¹jene
681 2470 772 2501 ibren

103 2511 173 2543 Sitz
198 2512 228 2543 in
253 2513 313 2544 der
338 2513 418 2553 ΑΚ,
449 2514 538 2545 ‹liese
563 2514 604 2545 im
629 2514 773 2557 Lyceum

103 2557 203 2588 batte.
248 2557 364 2589 Beides
385 2559 457 2590 sind
471 2558 596 2590 Namen
619 2570 682 2591 von
705 2560 775 2603 Gy-

102 2602 247 2633 mnasien
268 2613 308 2634 zu
326 2603 446 2635 Athen.

844 1750 873 1780 (l.
898 1751 927 1781 h.
953 1750 1012 1780 der
1036 1749 1289 1781 berkiiinmlicbe
1314 1749 1514 1789 Unterrieht,

846 1794 1042 1826 namentlieh
1062 1795 1093 1825 in
1114 1793 1319 1826 Grannnatik
1335 1805 1366 1825 u.
1390 1793 1515 1826 Rheto-

843 1840 931 1872 torik
949 1839 1139 1871 bestebend.

890 1884 1125 1916 Xenocratem.
1160 1884 1192 1915 S.
1212 1895 1252 1914 zu
1271 1895 1298 1915 e.
1323 1884 1370 1924 13,
1390 1883 1442 1915 34.

890 1931 1048 1971 agripeta
1077 1930 1106 1960 d.
1135 1930 1163 1960 11.
1193 1929 1242 1959 als
1269 1928 1434 1962 Colonist.
1464 1939 1513 1969 gr.

845 1973 1059 2016 κληροῦχος,
1089 1974 1129 2004 da
1159 1973 1210 2004 die
1240 1973 1389 2004 Atbener
1417 1974 1458 2005 im
1483 1974 1513 2004 J.

846 2018 907 2049 351
936 2030 966 2050 v.
986 2020 1059 2050 Clir.
1093 2019 1145 2049 die
1170 2028 1243 2049 vom
1263 2018 1378 2049 Staate
1404 2019 1517 2059 einge-

846 2074 992 2103 zogenen
1020 2063 1227 2094 Liindereien
1250 2064 1301 2094 aul
1328 2064 1458 2104 Samos,
1483 2064 1514 2095 in

846 2108 1096 2140 :zelloAntln-ile
1113 2108 1263 2150 (κλῆροι)
1280 2109 1447 2149 vertheilt,
1463 2110 1516 2140 'a‘r-

845 2164 956 2185 meren
978 2154 1123 2194 Biirgern
1143 2153 1323 2184 verlielien.

892 2198 941 2229 73.
971 2199 1052 2241 quid
1066 2198 1242 2231 audierat?
1267 2199 1392 2240 Epikur
1410 2199 1517 2230 schalt

846 2244 905 2275 aul'
919 2245 979 2275 (len
999 2244 1051 2283 N.‚
1071 2244 1120 2275 als
1139 2244 1307 2275 verdanke
1326 2255 1363 2275 er
1380 2244 1442 2275 ihm
1456 2253 1516 2284 gar

847 2289 962 2320 niebts.
993 2290 1061 2321 Und
1076 2290 1169 2328 doeh,
1189 2298 1282 2321 wenn
1298 2299 1335 2320 er
1351 2289 1438 2320 nicht
1451 2299 1515 2320 von

846 2334 969 2366 diesem
998 2334 1112 2366 Etwas
1140 2334 1272 2374 gelen-nt
1304 2334 1412 2373 hatte,
1447 2343 1516 2365 was

847 2379 937 2410 hiitte
963 2390 1001 2410 er
1023 2383 1117 2410 sonst
1139 2379 1292 2418 gelernt'?
1321 2379 1351 2410 d.
1375 2379 1405 2409 11.
1430 2379 1515 2410 dann

847 2425 938 2455 wiire
972 2435 1009 2455 er
1041 2425 1206 2456 (lurebaus
1241 2424 1419 2465 ungelebrt
1451 2423 1515 2454 und

847 2469 967 2500 kennte
985 2470 1066 2500 auch
1088 2469 1176 2500 nicht
1192 2469 1309 2500 eimual
1329 2469 1380 2500 die
1395 2468 1514 2500 Demo-

846 2514 1027 2546 kritiseben
1053 2514 1170 2554 Sdtze,
1199 2523 1258 2545 aus
1288 2514 1393 2546 denen
1423 2514 1514 2545 selue

848 2569 952 2599 ganze
970 2559 1095 2602 Physik
1113 2559 1254 2591 bestebt.

892 2604 989 2637 istud
1004 2605 1103 2648 quasi
1125 2614 1248 2648 corpas
1266 2622 1308 2627 ——
1325 2603 1406 2647 qaid
1420 2603 1515 2637 intel-
