1684 2819
163 168 239 206 172
622 168 675 199 DE
701 168 877 201 NATURA
901 168 1083 201 DEORUM

157 268 359 307 actionem.
399 268 485 306 lluc
505 267 601 306 adde
622 280 774 315 nervos,
797 282 817 307 a
838 269 978 320 quibus
999 275 1104 309 artus
1126 270 1381 316 continentur,
1403 281 1561 309 eorum-

157 336 230 375 que
258 323 559 375 implicationem
588 329 671 362 toto
696 336 860 375 corpore
880 325 1155 375 pertinentem:
1186 326 1249 376 qui
1270 325 1369 365 sicut
1391 338 1506 365 venae
1526 332 1564 365 et

79 380 133 418 56
157 380 315 419 arteriae
336 393 356 417 a
378 380 495 418 corde
518 380 625 418 tracti
646 386 682 419 et
701 381 864 431 profecti
885 381 923 419 in
946 393 1088 432 corpus
1112 394 1227 420 omne
1248 382 1452 421 ducuntur.
1503 382 1561 421 Ad

67 442 128 474 140
157 437 257 475 hanc
278 435 557 487 providentiam
579 442 736 475 naturae
756 442 834 476 tam
857 437 1077 487 diligentem
1102 443 1253 488 tamque
1275 439 1468 477 sollertem
1491 439 1561 477 ad-

64 1059 120 1089 141

157 492 261 542 iungi
292 492 410 531 multa
435 499 622 543 possunt,
651 506 670 531 e
692 493 831 544 quibus
853 493 1094 544 intelligatur,
1122 499 1287 544 quantae
1307 507 1369 533 res
1390 494 1560 533 homini-

156 548 229 587 bus
255 549 292 598 [a
315 548 421 598 diis‚]
453 561 643 600 quamque
669 549 829 588 eximiae
857 550 1021 589 tributae
1049 550 1143 588 sint:
1180 562 1275 600 quae
1302 550 1471 600 primum
1494 564 1560 589 eos

155 605 275 643 humo
300 605 484 644 excitatos
508 606 633 644 celsos
656 612 691 645 et
712 612 861 645 erectos
885 606 1102 652 constituit,
1126 611 1167 644 ut
1189 606 1349 645 deorum
1372 607 1560 657 cognitio—

156 673 244 699 nem
268 661 413 700 caelum
435 661 629 701 intuentes
652 675 788 714 capere
811 668 985 713 possent.
1027 663 1126 701 Sunt
1147 662 1248 701 enim
1270 675 1290 701 e
1311 668 1410 701 terra
1432 663 1561 701 homi-

155 729 243 765 nes,
278 730 359 756 non
395 724 435 756 ut
470 718 617 757 incolae
654 724 766 770 atque
801 719 1055 766 habitatores,
1093 719 1158 757 sed
1188 719 1296 770 quasi
1325 724 1562 770 spectatores

157 787 385 825 superarum
407 787 537 813 rerum
561 781 672 827 atque
695 776 926 822 caelestium,
950 788 1112 827 quarum
1132 775 1391 826 spectaculum
1411 774 1457 813 ad
1475 775 1562 814 nul-

154 830 233 869 lum
256 830 357 869 aliud
381 843 502 881 genus
524 831 775 870 animantium
794 833 971 883 pertinet.
1006 833 1154 871 Sensus
1171 838 1309 878 autem,
1332 832 1562 882 interpretes

156 899 199 925 ac
219 887 343 925 nuntii
365 899 513 933 rerum,
539 887 577 925 in
599 889 720 938 capite
742 894 935 940 tamquam
960 890 997 927 in
1021 902 1107 927 arce
1130 888 1287 926 miritice
1308 888 1353 926 ad
1377 900 1470 926 usus
1492 899 1562 926 ne-

156 944 344 981 cessarios
367 949 403 982 et
425 943 511 982 facti
531 949 567 982 et
588 945 761 983 collocati
783 951 885 983 sunt.
928 945 1023 983 Nam
1049 944 1147 983 oculi
1169 950 1364 995 tamquam
1387 944 1561 995 specula-

153 1004 258 1037 tores
287 999 515 1038 altissimum
546 1000 674 1038 locum
700 1001 892 1047 obtinent,
924 1014 968 1039 ex
990 1014 1067 1051 quo
1090 1000 1255 1051 plurima
1277 1000 1561 1051 conspicientes

154 1055 363 1106 fungantur
381 1068 451 1094 suo
470 1068 642 1095 munere.
666 1057 714 1095 Et
731 1069 854 1103 aures,
872 1070 992 1108 quum
1012 1069 1153 1095 sonum
1172 1056 1368 1107 percipere
1386 1057 1562 1103 debeant,

154 1111 216 1162 qui
246 1118 379 1150 natura
411 1112 485 1162 [in]
521 1113 684 1151 sublime
706 1114 838 1160 fertur,
866 1120 967 1152 recte
989 1113 1025 1151 in
1051 1113 1134 1152 altis
1157 1125 1364 1163 corporum
1388 1112 1560 1164 partibus

155 1167 361 1207 collocatae
383 1174 484 1207 sunt.
524 1169 695 1219 Itemque
716 1182 847 1217 nares,
877 1183 922 1208 eo
954 1170 1057 1220 quod
1080 1169 1206 1207 omnis
1231 1169 1329 1207 odor
1351 1170 1395 1207 ad
1420 1181 1562 1220 supera

153 1224 283 1271 fertur,
304 1230 405 1263 recte
427 1238 581 1264 sursum
606 1231 713 1264 sunt:
744 1231 779 1264 et
801 1226 903 1277 quod
928 1226 999 1264 cibi
1021 1231 1060 1264 et
1080 1225 1249 1276 potionis
1273 1225 1456 1264 iudicium
1478 1237 1561 1264 ma-

154 1291 271 1329 gnum
303 1294 436 1319 earum
460 1287 534 1328 est,
561 1293 641 1320 non
667 1282 748 1320 sine
770 1295 905 1320 caussa
928 1282 1156 1320 vicinitatem
1181 1282 1261 1319 oris
1285 1288 1436 1320 secutae
1457 1287 1559 1320 sunt.

153 1336 231 1374 lam
261 1342 454 1386 gustatus,
483 1337 547 1388 qui
576 1338 717 1376 sentire
746 1351 880 1376 eorum
904 1338 1041 1389 quibus
1064 1338 1255 1376 vescimur
1276 1350 1414 1387 genera
1438 1337 1560 1384 debet,

152 1391 297 1430 habitat
324 1393 361 1431 in
390 1406 431 1431 ea
459 1400 568 1444 parte
597 1394 694 1441 oris,
723 1408 795 1445 qua
817 1395 1021 1433 esculentis
1045 1400 1078 1432 et
1102 1394 1311 1444 potulentis
1334 1394 1404 1432 iter
1426 1399 1562 1432 natura

152 1449 338 1498 patefecit.
381 1450 521 1488 Tactus
552 1456 680 1489 autem
708 1456 790 1489 toto
821 1463 985 1502 corpore
1014 1450 1258 1501 aequabiliter
1280 1452 1388 1488 susus
1412 1455 1488 1495 est,
1518 1456 1562 1488 ut

154 1516 287 1543 omnes
319 1505 416 1544 ictus
447 1518 660 1557 omnesque
688 1507 872 1545 minimos
900 1514 936 1545 et
964 1507 1116 1556 frigoris
1145 1512 1181 1544 et
1208 1506 1346 1544 caloris
1374 1506 1560 1556 appulsus

153 1561 294 1600 sentire
326 1562 536 1613 possimus
591 1564 733 1614 Atque,
768 1568 808 1601 ut
840 1563 879 1601 in
920 1563 1098 1601 aediliciis
1141 1562 1336 1601 architecti
1379 1568 1554 1601 avertunt

200 1639 273 1671 139.
299 1641 356 1682 qui
372 1658 414 1662 ——
433 1651 453 1671 α
470 1640 570 1672 eorde
588 1642 699 1672 tracti.
735 1641 818 1672 Dass

152 1685 202 1716 die
220 1684 355 1716 Neu-ven
379 1696 453 1716 vom
472 1686 601 1717 Herzen
625 1686 816 1727 ausgingen,

151 1730 329 1770 widerlegt
346 1730 508 1762 ebenl'alls
528 1730 631 1762 Galen
655 1731 704 1762 als
723 1731 818 1762 einen

152 1785 214 1805 von
245 1774 379 1813 Vielen,
413 1776 494 1807 auch
525 1786 588 1806 von
619 1775 818 1808 Aristoteles

151 1820 311 1859 geliegtcn
335 1819 493 1859 Iri-thum,
524 1821 554 1851 in
579 1821 639 1851 der
663 1821 755 1852 sehr.
780 1822 819 1852 de

151 1864 303 1905 Hippocr.
331 1869 364 1895 et
387 1864 471 1896 Plat.
497 1866 604 1905 dogm.
633 1866 686 1896 lib.
713 1865 735 1896 l.
773 1866 818 1896 Es

151 1909 281 1940 heissen
300 1909 380 1940 aber
396 1911 500 1949 ner-ri,
521 1909 583 1939 wie
600 1911 718 1953 νεῦρα,
737 1911 817 1940 auch

151 1953 202 1984 die
222 1953 381 1984 Flechsen
402 1955 466 1985 und
485 1954 615 1984 Selinen
629 1979 636 1993 ,
656 1954 817 1995 hnzde'tles,

151 1994 352 2041 σύνδεσμα,
367 1999 430 2029 1111(1
445 1999 475 2029 in
491 1999 613 2030 diesem
629 1999 729 2030 Sinne
744 2004 817 2038 sagt

150 2042 233 2074 Cia:
256 2053 394 2082 nervos,
417 2054 437 2075 a
454 2045 572 2085 qm'bus
594 2046 691 2076 artus
712 2046 816 2075 conli-

149 2090 282 2119 nentur.

195 2149 263 2186 56.
293 2155 364 2187 140.
398 2156 443 2188 acl
457 2157 542 2187 lianc
557 2157 815 2199 provideulimm

150 2200 566 2240 AbgekiirzterAusdruek
583 2201 649 2233 l'iir:
667 2202 814 2241 adhaec,

150 2254 232 2285 quae
259 2245 299 2276 (le
326 2246 535 2288 providentia
563 2246 644 2278 de'oei.
674 2266 716 2269 -—
750 2247 815 2278 Das

150 2290 228 2329 folg.
254 2301 274 2321 a
296 2290 360 2321 diis
391 2292 460 2329 (od.
489 2301 510 2322 a
535 2291 595 2322 deo
625 2292 656 2322 in
686 2292 815 2323 alteren

150 2334 264 2373 Ausg.)
280 2335 324 2366 ist
337 2336 610 2367 wahrseheinlieh
625 2337 677 2367 ein
692 2337 814 2368 unech-

149 2384 202 2410 ter
219 2379 354 2411 Zusatz.

193 2445 294 2476 Immo
312 2447 476 2477 eaecz‘tatos
494 2449 553 2477 etc.
577 2445 702 2486 Vnge
713 2446 814 2487 Legg.

149 2488 171 2527 l,
186 2489 214 2531 9,
231 2489 290 2520 26:
308 2501 388 2522 nam
402 2501 501 2532 quum
516 2493 645 2522 ceteras
662 2493 815 2523 animan-

151 2537 199 2566 tes
223 2536 370 2574 (natura)
397 2537 571 2567 abz'em'sset
600 2535 646 2567 acl
664 2539 813 2579 pastum,

148 2579 257 2611 solum
273 2581 441 2612 hominem
459 2581 587 2619 erem-it,
611 2580 655 2612 ad
672 2581 816 2624 caelique

892 1643 990 1683 quasi
1013 1643 1224 1682 cognationis
1247 1641 1470 1683 domic-Illique
1490 1643 1559 1684 pri-

892 1687 975 1718 stini
990 1689 1203 1729 conspectum
1223 1689 1391 1718 ert-eilarz't.

938 1743 955 1763 e
978 1734 1069 1763 tem-a
1091 1732 1241 1762 lzorm'nes
1258 1749 1317 1762 —.
1352 1731 1417 1762 Das
1442 1741 1483 1762 an
1508 1732 1559 1762 die

893 1776 1005 1818 Spitze
1019 1776 1175 1816 gestellte
1191 1779 1314 1808 eterra
1329 1781 1420 1817 passt
1434 1777 1561 1816 cigent-

895 1821 955 1852 lieli
982 1832 1043 1852 nur
1067 1832 1105 1852 zu
1125 1822 1196 1852 dem
1224 1822 1264 1852 im
1282 1822 1422 1852 zweiten
1443 1820 1558 1852 Gliede

892 1866 1068 1905 folgenden
1086 1869 1309 1908 spectatores,
1328 1876 1396 1897 was
1414 1866 1485 1896 dem
1503 1866 1557 1896 Ci-

893 1921 980 1951 cero,
999 1911 1048 1941 als
1067 1921 1104 1940 er
1120 1911 1180 1941 den
1201 1911 1280 1942 Satz
1299 1911 1436 1949 begann,
1458 1910 1556 1940 sebon

891 1955 1137 1992 vorsehwebte,
1165 1966 1226 1985 vor
1249 1955 1394 1986 xxcleltes
1420 1966 1457 1986 cr
1479 1955 1558 1986 aber

891 2000 987 2037 (lanu,
1007 2000 1064 2030 des
1083 1998 1311 2039 Gegensatzes
1330 2010 1351 2029 11
1363 2010 1456 2040 egen,
1476 2000 1556 2030 noch

890 2045 947 2075 das
974 2044 1125 2084 negative
1153 2044 1249 2076 Glied
1278 2056 1342 2076 uon
1370 2047 1406 2076 ul
1433 2044 1559 2077 incolae

890 2107 933 2112 —-
951 2089 1116 2120 eiust-hob.

939 2134 1011 2164 141.
1040 2135 1095 2174 [in]
1114 2134 1255 2165 sublime
1279 2145 1304 2165 s.
1325 2145 1365 2165 zu
1384 2146 1410 2165 c.
1433 2134 1482 2175 16,
1502 2134 1555 2166 44.

934 2179 1094 2210 1'ude'e1'um
1134 2190 1296 2221 maguum
1339 2190 1457 2211 eurum
1494 2182 1556 2211 est.

888 2224 963 2264 „lhr
981 2223 1107 2256 Urtlieil
1133 2224 1176 2255 ist
1198 2235 1259 2255 von
1285 2234 1422 2263 grosser
1440 2223 1557 2255 wich-

888 2268 1041 2309 tigkeit.“
1075 2268 1150 2309 Vgl.
1171 2280 1197 2300 e.
1217 2269 1270 2308 58,
1292 2269 1364 2300 140.

934 2324 1114 2355 onmesque
1136 2315 1293 2345 minimos
1316 2332 1357 2336 —-
1379 2312 1554 2357 appulsus.

885 2358 990 2399 ‚,alle,
1032 2358 1138 2390 sclbst
1177 2359 1230 2390 dic
1269 2359 1434 2390 kleinsten
1474 2358 1555 2389 Ein-

887 2403 1046 2434 driickc.“
1079 2403 1153 2443 Vgt.
1170 2403 1251 2434 oben
1268 2402 1289 2442 l,
1307 2403 1357 2443 24,
1372 2403 1430 2433 67:
1446 2404 1554 2434 omni-

888 2448 950 2479 bus
964 2449 1109 2479 ηιῠιίηιὶε
1131 2451 1319 2491 temporum,
1336 2449 1482 2490 punctis.
1502 2446 1552 2487 lll,

888 2491 941 2532 35,
966 2492 1022 2524 SG:
1048 2493 1159 2524 omnia
1183 2494 1323 2524 mamma
1346 2495 1478 2524 curant.
1513 2492 1552 2523 de

887 2536 982 2568 Finn.
1002 2537 1041 2578 V,
1065 2537 1118 2578 2⁹,
1144 2538 1201 2569 δ8;
1234 2547 1294 2569 uec
1324 2537 1388 2570 ullo
1416 2539 1553 2569 minimo

886 2585 1065 2614 momento.
