1684 2819
536 169 614 201 LIB.
632 168 655 200 Ι.
693 168 784 200 CAP.
803 169 858 201 40.
877 169 930 201 41.
949 169 1002 202 42.

1419 171 1469 210 91

70 285 189 324 quum
218 271 268 310 dii
288 282 369 309 non
395 271 514 309 modo
536 271 717 309 homines
738 282 819 309 non
842 271 986 317 colant,
1016 272 1084 310 sed
1106 272 1266 311 omnino
1288 272 1383 311 nihil
1404 285 1473 312 cu-

69 333 171 375 rent,
198 327 292 366 nihil
319 325 460 377 agant‘?
499 331 547 365 At
575 332 632 365 est
660 340 794 365 eorum
822 327 959 366 eximia
987 328 1171 379 quaedam
1197 334 1474 380 praestansque

70 389 221 430 natura,
248 388 292 422 ut
319 395 361 421 ea
383 382 518 421 debeat
539 383 622 434 ipsa
643 396 713 433 per
735 396 775 422 se
797 384 844 422 ad
865 397 906 422 se
928 385 1127 423 colendam
1149 385 1297 424 allicere
1318 388 1474 436 sapien-

69 446 158 479 tem.
201 442 259 478 An
292 438 500 490 quidquam
524 439 706 478 eximium
728 445 858 490 potest
878 453 964 479 esse
986 440 1024 478 in
1046 453 1088 479 ea
1109 446 1262 487 natura,
1290 453 1385 492 quae
1406 453 1475 479 sua

70 496 261 547 voluptate
282 496 425 534 laetans
447 495 540 534 nihil
560 508 631 534 nec
652 501 782 534 actura
804 496 853 535 sit
873 509 1073 547 umquam,
1096 509 1219 548 neque
1235 503 1330 548 agat,
1350 509 1477 548 neque

70 550 216 602 egerit‘?
273 551 378 598 Quae
405 564 524 603 porro
554 552 675 602 pietas
707 552 739 590 ei
769 552 942 599 debetur,
980 566 1000 590 a
1029 565 1104 602 quo
1133 553 1227 591 nihil
1251 551 1475 604 acceperis?

71 613 135 647 aut
162 607 253 658 quid
282 608 464 655 omnino,
492 608 599 646 cuius
627 608 772 646 nullum
801 608 982 646 meritum
1011 608 1078 654 sit,
1106 608 1139 646 ei
1165 609 1293 647 deberi
1315 607 1475 660 potest?

68 664 138 702 Est
159 664 262 702 enim
289 663 410 714 pietas
433 664 574 702 iustitia
596 664 799 702 adversum
822 663 936 710 deos3
964 676 1050 702 cum
1073 664 1212 714 quibus
1236 665 1324 716 quid
1348 670 1478 716 potest

68 720 182 758 nohis
212 733 298 758 esse
324 720 439 765 iuris,
468 732 586 770 quum
614 719 764 757 homini
785 719 885 757 nulla
909 732 997 757 cum
1021 721 1091 758 deo
1114 720 1164 758 sit
1186 719 1476 759 communitas?

71 777 259 815 Sanctitas
288 781 413 814 autem
443 780 501 814 est
530 775 688 814 scientia
716 775 966 813 colendorum
990 776 1171 815 deorum:
1201 777 1265 827 qui
1287 777 1475 827 quamob-

68 844 148 871 rem
186 832 335 870 colendi
364 832 459 877 sint,
495 843 574 869 non
612 831 800 882 intelligo,
837 831 943 870 nullo
972 844 1043 870 nec
1069 838 1224 883 accepto
1254 833 1300 871 ab
1328 833 1374 871 iis
1404 845 1475 871 nec

70 892 221 938 sperato
249 887 366 926 bono.
409 887 509 934 Quid
538 892 597 925 est
624 893 771 934 autem,
803 888 906 938 quod
936 888 1030 927 deos
1058 901 1285 928 veneremur
1312 894 1475 940 propter
1500 892 1554 930 42

69 943 361 982 admirationem
399 942 480 981 eius
517 949 692 993 naturae,
729 944 767 982 in
804 957 876 994 qua
913 945 1106 995 egregium
1142 946 1235 984 nihil
1272 944 1474 984 videmus?
1507 954 1569 986 117

69 999 165 1037 Nam
189 999 473 1049 superstitione,
495 1000 596 1051 quod
620 1000 776 1050 gloriari
798 1000 942 1045 soletis,
964 1001 1069 1039 facile
1090 1007 1147 1039 est
1167 1002 1331 1048 liberari,
1356 1015 1476 1053 quum

71 1056 271 1094 sustuleris
295 1069 453 1094 omnem
477 1056 549 1094 vim
574 1056 749 1094 deorum.
791 1057 871 1095 Nisi
896 1058 993 1096 forte
1015 1057 1217 1108 Diagoram
1259 1064 1322 1097 aut
1344 1059 1468 1096 Theo-

70 1112 227 1157 dorum,
262 1112 326 1162 qui
354 1112 514 1150 omnino
544 1113 637 1150 deos
666 1125 750 1150 esse
777 1113 986 1162 negabant,
1015 1126 1148 1152 censes
1179 1115 1474 1164 superstitiosos

70 1181 155 1206 esse
182 1168 368 1218 potuisse.
408 1168 489 1218 Ego
519 1181 566 1206 ne
588 1168 840 1219 Protagoram
872 1169 1045 1219 quidem,
1076 1171 1134 1208 cui
1156 1176 1336 1208 neutrum
1358 1171 1475 1209 licue-

68 1224 130 1269 rit,
153 1236 224 1262 nec
241 1237 327 1262 esse
345 1224 439 1262 deos
456 1236 527 1262 nec
542 1237 622 1262 non
640 1237 738 1263 esse.
780 1224 929 1263 Horum
948 1226 1050 1264 enim
1069 1228 1280 1265 sententiae
1299 1227 1476 1265 omnium

67 1292 147 1318 non
170 1280 287 1318 modo
310 1280 625 1331 superstitionem
649 1281 797 1326 tollunt,
820 1280 857 1319 in
880 1295 953 1332 qua
974 1282 1075 1321 inest
1095 1283 1212 1321 timor
1233 1282 1358 1321 inanis
1382 1284 1475 1321 deo-

67 1349 172 1382 rum,
200 1337 263 1374 sed
293 1336 406 1374 etiam
432 1336 676 1386 religionem,
706 1350 803 1388 quae
831 1338 994 1376 deorum
1024 1339 1126 1377 cultu
1156 1339 1220 1389 pio
1244 1340 1474 1378 continetur.

69 1390 196 1439 Quid?
228 1392 270 1439 ii,
298 1392 361 1443 qui
389 1392 584 1438 dixerunt,
614 1398 733 1431 totam
763 1393 809 1431 de
837 1394 908 1432 diis
936 1394 1218 1433 immortalibus
1249 1396 1474 1446 opinionem
1506 1400 1568 1433 118

68 1448 194 1486 fictam
214 1461 301 1488 esse
321 1448 366 1487 ab
383 1449 607 1487 hominibus
626 1449 863 1500 sapientibus
882 1450 936 1488 rei
953 1451 1127 1502 publicae
1145 1464 1291 1498 caussa,
1313 1457 1355 1490 ut
1376 1464 1474 1502 quos

112 1596 262 1625 homines
284 1606 349 1626 non
373 1595 491 1626 colant.
524 1594 600 1635 Vgl.
626 1595 732 1627 Plaut.

71 1639 170 1671 Poen.
190 1639 230 1678 V,
252 1639 281 1679 4,
304 1639 359 1670 14:
387 1639 540 1683 Iuppiter
557 1642 735 1682 quz‘genus

69 1685 149 1716 eolis
167 1684 295 1726 alisque
317 1685 501 1716 hominum.
519 1704 564 1707 —
596 1685 675 1716 Hier
691 1686 735 1716 ist

68 1730 125 1761 das
135 1729 235 1761 VVort
249 1729 396 1761 offenbar
410 1731 657 1770 vorzugsweise
666 1740 733 1761 we-

69 1785 129 1814 gen
149 1775 206 1805 des
224 1775 378 1815 vorherg.
403 1775 556 1807 colendos
578 1775 732 1815 gewiihst,

68 1820 130 1850 wie
163 1819 290 1850 {ihnlich
320 1830 383 1850 von
413 1819 507 1851 Ovid.
539 1819 617 1851 Met.
648 1819 732 1859 Ylll,

71 1864 149 1895 724:
182 1863 271 1895 Cara
291 1866 341 1908 pz'z'
361 1864 413 1896 dis
437 1867 533 1905 sunt,
556 1867 589 1896 et
605 1865 663 1906 qui
679 1875 733 1896 co-

68 1909 159 1941 luere
175 1909 341 1941 coluntur.

115 1953 188 1984 116.
214 1955 264 1984 At
286 1957 339 1985 est
361 1964 477 1985 eorum
501 1956 561 1986 etc.
595 1954 657 1986 Mit
674 1955 735 1986 Be-

68 1998 207 2039 ziebung
231 1998 288 2029 auf
308 1999 365 2030 das
384 2010 447 2031 von
465 1999 615 2031 Velleius
634 2010 659 2030 c.
682 2000 732 2035 17,

68 2044 108 2074 45
128 2042 283 2083 Gesagte.

107 2090 227 2131 pietas,
241 2089 372 2120 iustz'tz'a
385 2088 457 2120 adv.
472 2089 562 2121 deos.
583 2089 734 2121 lnsofern

67 2133 205 2164 111111111οὴ
224 2133 276 2164 (110
292 2132 542 2174 Gerechtigkeit
554 2135 666 2166 ι1000111
681 2145 734 2166 er-

66 2178 174 2218 weist,
195 2188 262 2209 was
278 2179 339 2209 ihm
355 2179 506 2219 gebiihrt,
524 2179 568 2211 ist
581 2181 662 2211 auch
677 2180 734 2211 dns

68 2223 277 2262 gebiihrende
315 2223 497 2255 Verlialten
538 2235 642 2264 gegen
683 2225 735 2256 die

70 2267 189 2299 Giitter
205 2269 363 2300 darunter
380 2269 548 2308 begriffen.
582 2269 620 2300 [η
647 2279 737 2301 com-

69 2315 225 2344 munione
238 2316 350 2345 autem
366 2324 449 2355 quae
460 2315 574 2357 posita
588 2324 672 2358 pars
687 2317 739 2345 est

72 2357 259 2398 (virtutis),
296 2360 427 2390 iustitia
458 2359 595 2400 dicitur,
635 2370 738 2401 eaque

72 2412 153 2444 erga
166 2402 245 2435 deos
257 2404 385 2445 religio,
403 2414 484 2446 erga
495 2407 655 2448 parentes
665 2407 736 2448 pie-

74 2449 132 2488 tas,
149 2448 248 2489 vulgo
266 2452 379 2480 autem
397 2450 538 2481 bonitas.
570 2448 604 2481 C.
624 2450 736 2491 partit.

73 2500 122 2522 or.
146 2502 173 2525 c.
199 2492 251 2531 22,
277 2493 329 2525 78.
370 2494 420 2526 De
447 2497 577 2526 iustitia
600 2496 739 2527 vem'emt

70 2536 270 2579 innocentia,
288 2541 444 2580 amicitia,
462 2540 650 2579 concordia,
665 2543 737 2584 pie-

74 2583 133 2622 tas,
151 2581 278 2624 religio.
312 2584 458 2616 Macrob.
475 2585 507 2616 in
527 2595 629 2617 somn.
649 2585 735 2627 Scip.

801 2269 934 2312 fictam.

808 1596 830 1636 Ι,
849 1596 880 1635 8,
906 1597 935 1627 7.
970 1597 1126 1629 Primam
1146 1599 1299 1629 iustitiae
1323 1598 1475 1639 qf'stcium

808 1644 860 1673 est
887 1643 1047 1683 coniungi
1074 1653 1148 1674 eum
1177 1643 1253 1685 deo,
1291 1642 1475 1674 seeundum

807 1696 882 1718 eum
898 1687 1043 1718 homine.
1069 1687 1160 1719 Lact.
1176 1689 1240 1719 div.
1257 1688 1334 1719 inst.
1350 1687 1404 1726 Vl,
1423 1687 1474 1718 10.

851 1757 1024 1797 sanctitas,
1033 1758 1171 1787 seientia
1179 1756 1390 1787 colendorum
1399 1755 1476 1787 deo-

808 1810 894 1831 rum.
929 1799 1018 1831 Nach
1038 1801 1095 1831 der
1109 1801 1281 1832 Stoischen
1298 1800 1475 1831 Definition

807 1845 867 1875 der
885 1840 1047 1885 εὐσέβεια
1066 1845 1116 1876 bei
1134 1846 1226 1885 Diog.
1245 1845 1282 1877 L.
1302 1844 1376 1886 Vll,
1397 1844 1474 1875 119:

808 1887 898 1921 εἷναι
919 1888 958 1921 δὲ
978 1886 1043 1930 τὴν
1067 1886 1252 1932 εὐσέβειαν
1269 1886 1477 1933 ἐπιστήμην

806 1935 906 1966 θεῶν
926 1937 1140 1977 θεραπείας.
1154 1955 1198 1958 —
1216 1936 1299 1966 Dass
1318 1935 1475 1975 iibrigens

807 1979 1001 2010 Ausdriicke
1026 1980 1136 2011 dieser
1158 1980 1222 2012 Art
1247 1981 1343 2011 keiue
1367 1979 1482 2011 scharl'

806 2024 1028 2064 abgegrenzte
1059 2025 1250 2065 Bedeutung
1279 2025 1381 2056 haben
1412 2025 1478 2056 und

807 2069 985 2109 deswegen
1010 2070 1098 2101 nIeht
1121 2071 1246 2101 iiberall
1270 2070 1329 2101 auf*
1348 2070 1476 2110 gleiche

806 2113 924 2145 lVeise
950 2115 1130 2154 gebraucht
1154 2116 1217 2146 und
1244 2116 1372 2146 erklart
1388 2125 1477 2145 wer-

808 2159 881 2199 den,
899 2160 982 2190 wird
1000 2158 1127 2190 Heinen
1146 2159 1346 2191 befremden.

856 2218 924 2256 42.
960 2224 1031 2255 118.
1067 2228 1172 2257 totam
1205 2225 1245 2256 (le
1276 2225 1307 2257 d.
1337 2227 1358 2257 ί.
1389 2226 1476 2268 οριή.

984 2269 1083 2301 Diese
1118 2271 1329 2311 Behauptung
1364 2271 1478 2301 wurde

811 2314 1006 2345 0011100111οὴ
1032 2315 1073 2346 1111
1091 2315 1256 2346 Zeitalter
1279 2316 1336 2346 der
1361 2314 1478 2357 Sophi-

811 2359 876 2390 stik
909 2370 972 2390 von
1006 2359 1164 2391 Mancheu
1202 2361 1478 2402 ausgesprocben,

810 2405 875 2436 und
894 2405 951 2436 das
970 2405 1092 2437 alteste
1111 2405 1275 2446 Zeugniss
1294 2405 1390 2436 dafiir
1406 2405 1479 2436 sind

811 2450 917 2490 einige
937 2449 1059 2489 Verse,
1084 2452 1135 2482 die
1153 2451 1307 2482 Plutarch
1331 2451 1370 2482 de
1394 2450 1476 2492 plac.

811 2495 890 2536 phil.
921 2494 943 2535 l,
975 2495 992 2526 7
1022 2506 1081 2527 aus
1111 2497 1182 2528 dem
1208 2496 1477 2538 Euripideischen

812 2540 972 2582 Sisyphus
989 2540 1139 2582 anffihrt,
1164 2542 1295 2573 Andere
1313 2541 1385 2572 dem
1401 2539 1478 2571 Pii-i-

812 2585 877 2616 tias
895 2586 1122 2618 zuschreiben.

1505 338 1568 371 116
