1684 2819
522 156 685 189 LIBER
704 155 745 189 V.
766 157 898 198 21,62.
957 157 1011 197 22,
1031 157 1086 188 63.
1427 156 1506 195 239

218 269 316 310 Nam
339 284 455 323 quum
475 270 628 323 quidam
646 283 697 309 ex
716 271 798 311 eius
815 270 1141 320 assentatoribus,
1162 270 1379 319 Damocles,
1402 284 1506 310 com-
1519 271 1572 315 21

105 333 343 377 memoraret
362 326 403 366 in
425 339 607 367 sermone
630 327 761 380 copias
784 328 890 375 eius,
917 341 1032 381 opes,
1067 327 1311 367 maiestatem
1333 326 1507 366 domina-

106 390 166 424 tus
181 413 191 432 ,
228 397 360 423 rerum
396 383 671 423 abundantiam
687 415 696 433 ‚
737 383 1064 437 magnificentiam
1100 383 1255 425 aedium
1288 384 1504 436 regiarum,

106 446 343 492 negaretque
362 454 539 492 umquam
557 439 772 480 beatiorem
789 453 1020 493 quemquam
1038 440 1158 481 fuisse
1174 457 1183 480 e
1206 439 1254 480 V
1252 442 1339 480 isne
1356 442 1502 495 igitar,

105 495 247 548 inquit⁷
273 510 293 535 o
316 495 530 551 Damocle,
553 499 742 551 quoniam
767 504 804 536 te
825 497 926 537 leaeo
947 499 1032 537 vita
1054 497 1246 544 delectat,
1266 498 1352 550 ipse
1368 496 1507 537 eadem

106 551 336 606 degustare
358 552 626 605 etsortanam.
650 555 839 606 experiri
857 567 982 592 meam
998 557 1017 590 .⁹
1057 553 1183 604 Quum
1212 566 1254 593 se
1275 553 1342 593 ille
1365 565 1508 606 cupere

106 607 300 655 dixisset,
334 609 517 648 collocari
549 608 664 649 iussit
685 608 880 648 hominem
901 608 942 648 in
965 622 1085 649 aureo
1108 610 1209 649 lecto
1224 640 1235 659 ,
1271 617 1396 649 strato
1426 609 1509 662 pul-

107 664 299 704 cherrimo
324 665 452 705 textili
474 665 650 719 stragulo
673 665 890 718 magnificis
914 664 1096 718 operibus
1126 665 1252 718 picto,
1289 666 1509 718 abacosque

0 741 2 794 π
107 721 325 785 complures
347 721 504 761 ornavit
525 728 688 774 argento
711 735 886 784 auroque
909 721 1073 761 caelato.
1122 721 1221 761 Tum
1254 722 1300 761 ad
1334 735 1507 762 mensam

107 777 254 817 eximia
283 778 405 817 forma
434 791 577 831 pueros
611 778 783 817 delectos
814 777 931 818 iussit
961 777 1182 817 consistere
1205 792 1351 830 eosque
1373 785 1508 818 nutum

105 834 211 874 illius
242 833 441 873 intuentes
473 833 683 887 diligenter
711 834 952 873 ministrare.
994 833 1170 874 Aderant
1190 842 1411 887 unguenta,
1446 847 1510 873 co-
1533 840 1574 872 62

106 903 251 940 ronae3
285 889 597 929 incendebantur
618 890 783 938 odores3
819 903 977 931 mensae
1010 890 1351 943 conquisitissimis
1386 890 1510 943 epulis

107 945 431 986 exstruebantur.
485 946 726 986 Fortunatus
755 946 828 987 sibi
857 947 1060 987 Damocles
1091 946 1313 987 videbatur.
1366 946 1409 985 In
1438 946 1510 985 hoc

107 1002 234 1042 medio
257 1010 446 1056 apparatu
468 1003 679 1055 fulgentem
702 1003 870 1055 gladium
890 1017 909 1043 e
927 1003 1098 1043 lacunari
1117 1010 1201 1043 seta
1220 1003 1364 1056 equina
1380 1010 1508 1056 aptum

107 1058 257 1098 demitti
278 1059 408 1108 iussit,
432 1067 475 1098 ut
494 1059 738 1113 impenderet
758 1059 863 1100 illius
886 1060 991 1100 beati
1013 1059 1247 1100 cervicibus.
1282 1060 1416 1112 ltaque
1439 1072 1510 1099 nec

105 1114 289 1168 pulchros
310 1115 399 1155 illos
421 1116 710 1156 ministratores
732 1116 972 1170 adspiciebat
993 1129 1065 1156 nec
1082 1117 1238 1170 plenum
1257 1117 1351 1156 artis
1369 1128 1511 1168 argen-

109 1178 215 1220 tum,
240 1184 311 1211 nec
332 1186 486 1211 manum
510 1172 738 1226 porrigebat
757 1173 798 1212 in
820 1186 1022 1223 mensam3
1055 1173 1131 1213 iam
1162 1173 1270 1226 ipsae
1293 1172 1512 1212 defluebant

108 1241 304 1277 coronae3
340 1228 505 1281 denique
535 1230 720 1270 exoravit
751 1236 982 1283 tyrannum,
1017 1236 1060 1269 ut
1084 1229 1191 1270 abire
1213 1230 1374 1278 liceret,
1409 1229 1509 1281 quod

106 1284 182 1324 iam
214 1284 351 1324 beatus
383 1285 503 1325 nollet
533 1298 635 1326 esse.
680 1286 834 1326 Satisne
855 1286 1012 1326 videtur
1034 1286 1255 1326 declarasse
1277 1285 1508 1339 Dionysius,

107 1340 205 1379 nihil
227 1354 315 1381 esse
338 1342 372 1381 ei
395 1342 574 1391 beatum,
610 1342 671 1382 cui
694 1356 849 1396 semper
870 1343 986 1395 aliqui
1008 1349 1137 1382 terror
1157 1343 1405 1396 impendeat?
1441 1341 1511 1380 At-

109 1410 183 1449 que
214 1397 249 1437 ei
278 1412 326 1438 ne
357 1399 553 1452 integrum
577 1399 727 1451 quidem
751 1406 859 1448 erat,
893 1407 935 1439 ut
964 1400 1010 1438 ad
1039 1399 1228 1439 iustitiam
1257 1398 1507 1451 remigraret,

109 1453 259 1494 civibus
280 1453 500 1495 libertatem
524 1462 563 1495 et
583 1456 669 1495 iura
691 1456 898 1506 redderet3
932 1455 980 1494 iis
1004 1455 1107 1495 enim
1125 1469 1167 1496 se
1189 1455 1417 1495 adolescens
1440 1455 1511 1494 im-

109 1510 273 1563 provida
294 1517 422 1550 aetate
442 1511 645 1551 irretierat
671 1513 811 1551 erratis
843 1525 964 1564 eaque
995 1512 1271 1561 commiserat,
1306 1518 1348 1550 ut
1378 1510 1511 1551 salvus

111 1579 198 1606 esse
221 1580 299 1605 non
321 1574 468 1620 posset,
494 1568 525 1607 si
548 1581 667 1607 sanus
690 1581 778 1608 esse
802 1569 1010 1621 coepisset.

224 1622 377 1673 Quanto
400 1636 517 1676 opere
539 1638 635 1664 vero
658 1623 850 1664 amicitias
874 1624 1129 1673 desideraret,
1157 1637 1320 1676 quarum
1342 1623 1505 1663 infideli·
1525 1624 1584 1667 22

110 1686 230 1719 tatem
268 1679 575 1729 extimescebat,
612 1680 825 1721 declaravit
859 1680 899 1720 in
935 1681 1195 1735 Pythagoreis
1234 1679 1382 1721 duobus
1417 1679 1510 1730 illis,
1536 1687 1578 1719 63

0 908 4 1083 i

0 1100 5 1205 l

0 1208 6 1285 l

113 1778 171 1810 ΙΙΙ.
187 1778 242 1818 22,
257 1778 317 1810 86:
340 1778 560 1820 Quamquam
581 1779 618 1811 id
635 1780 779 1820 quidem

113 1823 176 1863 (sc.
205 1824 298 1855 ne'lzz'l
322 1835 393 1855 esse
419 1825 643 1865 alz'le,'qaod
675 1826 780 1855 lione-

111 1873 207 1900 stum
233 1879 299 1900 non
329 1869 440 1912 esset)
467 1880 488 1900 a
512 1869 676 1901 Fabricio
701 1874 736 1901 et
758 1880 778 1901 a

112 1917 238 1946 senatu
262 1918 386 1946 nostro
412 1914 611 1946 iudicatum
637 1918 700 1946 est.

157 1956 220 1994 21.
250 1959 447 1991 Damocles.
468 1959 545 2001 Vgt.
566 1959 644 1991 Hor.
666 1960 777 1992 Carni.

114 2004 288 2045 111.1‚17
307 2015 378 2046 sq.:

111 2051 314 2082 Destrictas
334 2053 424 2081 ensis
443 2052 502 2082 cai
516 2061 622 2092 saper
639 2053 748 2092 impia

115 2096 260 2128 Cer-vice
273 2096 415 2138 pendet,
433 2106 501 2127 non
515 2096 656 2128 Siculae
673 2097 779 2137 dapes

113 2141 259 2173 Dulcem
279 2141 514 2173 elaborabant
528 2151 692 2183 saporem
712 2146 777 2173 etc.

159 2187 333 2219 hominem
348 2186 402 2218 fiir
413 2197 504 2227 eum,
521 2198 548 2218 s.
562 2198 603 2218 zu
616 2186 642 2218 Ι.
654 2187 692 2217 21
703 2211 710 2226 ,
722 2187 778 2218 49.

156 2232 399 2273 pulcherrimo
443 2233 568 2264 tewte‘lt
599 2232 778 2273 stragulo.

113 2276 174 2309 Die
200 2276 333 2318 Adject.
363 2277 434 2308 sind
462 2278 536 2309 hier
561 2277 652 2309 nicht
677 2277 780 2308 durch

115 2323 174 2354 das
212 2328 304 2354 sonst
338 2323 470 2363 ntithige
505 2327 539 2354 et
572 2322 778 2362 verbunden,

115 2368 191 2399 weil
235 2369 357 2399 tex-tili
392 2368 555 2410 stragulo
599 2367 781 2408 gleichsam

116 2411 222 2444 Einen
233 2412 359 2454 Begriff
373 2413 489 2445 bildet.
500 2431 544 2436 —
558 2413 781 2453 Dergleichen

118 2458 278 2497 gestickte
293 2457 458 2501 Teppiche
477 2459 610 2490 hiessen
628 2458 784 2499 gewohn-

118 2502 182 2578 llilqh
194 2504 433 2579 4glgrygischffi
468 2504 534 2545 vgl.
564 2503 666 2544 Verg.
697 2504 780 2535 Aen.

166 2595 388 2636 ministrare,
416 2595 479 2626 wie
508 2595 655 2627 nachber
682 2597 784 2626 mini-

847 1783 1039 1816 stratores,
1057 1780 1102 1811 ist
1119 1780 1178 1810 der
1191 1779 1328 1819 cigenti·
1340 1778 1517 1810 Ausdruck

848 1824 903 1855 fiir
928 1823 1244 1864 Tisehhedienung‚
1281 1834 1382 1855 unser
1411 1834 1518 1865 „ser-

848 1870 992 1901 vireu“.
1016 1869 1092 1910 Vgl.
1116 1869 1141 1901 1.
1162 1869 1217 1906 26,
1240 1868 1295 1900 65.

896 1915 952 1946 62.
980 1915 1117 1955 odores,
1146 1925 1173 1946 s.
1195 1925 1236 1945 zu
1255 1914 1316 1946 III.
1340 1914 1393 1954 18,
1413 1914 1468 1945 43.

896 1961 1106 2001 cervicibus,
1146 1960 1198 1991 bei
1226 1959 1343 1991 Cicero
1380 1959 1518 1991 Plurale

850 2010 992 2037 tantum.

895 2051 1098 2093 defluebant
1109 2064 1153 2075 z
1164 2053 1292 2082 sensim
1313 2051 1519 2082 delabeban-

851 2100 922 2127 ίαν.
958 2096 1032 2127 Liv.
1056 2095 1098 2126 ΙΙ.
1121 2096 1181 2126 20:
1210 2096 1442 2127 moribundas
1462 2096 1520 2137 (de

851 2141 955 2183 equo)
983 2141 1031 2172 ad
1057 2144 1188 2172 terram
1215 2141 1380 2182 dqsluoez’t.

895 2186 1051 2223 Satisne,
1080 2196 1107 2218 S.
1128 2185 1152 2217 Ι.
1166 2186 1221 2226 27,
1238 2186 1279 2217 67
1300 2197 1341 2217 zu
1355 2189 1516 2227 potesne.

896 2232 986 2263 m'ln'l
1010 2242 1083 2262 esse
1116 2233 1148 2262 ee?
1179 2231 1319 2263 beatam
1348 2231 1453 2272 ⁷,dass
1483 2241 1518 2262 es

852 2276 907 2308 fiir
925 2277 987 2308 den
1006 2276 1083 2307 kein
1096 2275 1205 2308 Gliick
1223 2276 1313 2316 giebt
1326 2295 1370 2299 —
1383 2277 1420 2307 “.
1440 2275 1517 2317 Vgl.

854 2322 906 2359 15,
929 2323 984 2353 45.

897 2378 938 2398 ne
951 2370 1131 2408 integrum
1145 2366 1287 2407 quidem
1303 2370 1394 2408 erat,
1409 2370 1516 2407 at-——,

853 2424 879 2444 s
900 2412 1020 2454 Zumpt
1039 2410 1098 2444 Gr.
1118 2412 1231 2453 5623.

896 2458 1184 2497 salvus—sanus,
1196 2456 1446 2494 Pamnomasie,
1455 2456 1520 2486 wie

857 2503 909 2543 16,
926 2503 969 2534 46
987 2507 1051 2535 aut
1066 2505 1215 2546 gravius
1234 2505 1300 2533 aut
1313 2500 1501 2543 grandius.

899 2545 969 2583 22.
985 2549 1039 2580 63.
1061 2548 1349 2591 znPythagoree's
1369 2546 1518 2586 duobus,

855 2594 979 2625 Damon
999 2605 1030 2626 u.
1051 2593 1213 2625 Phintias.
1242 2591 1516 2623 Auss'uhrlicher·
