1684 2819
152 155 230 193 144
656 152 820 184 LIBER
839 152 895 186 lll.
925 153 979 194 22,
1001 154 1057 185 54.

143 275 186 309 ut
213 268 353 317 iisdem
383 267 496 307 malis
524 265 775 306 manentibus
803 279 883 306 non
911 266 1025 307 modo
1047 266 1219 307 leniatur
1241 266 1463 320 aegritudo,
1489 267 1558 306 sed

143 325 184 365 in
206 325 403 380 plerisque
424 322 599 363 tollatur.
634 321 988 376 Karthaginienses
1009 322 1121 363 multi
1142 323 1290 364 Romae
1311 323 1555 373 servierunt,

143 382 382 423 Macedones
404 392 500 433 rege
515 378 638 419 Perse
661 385 790 433 capto.
813 377 903 418 Vidi
925 378 1042 418 etiam
1063 378 1103 419 in
1127 379 1414 434 Peloponneso,
1440 394 1556 433 quum

142 451 271 480 essem
302 437 559 485 adolescens,
595 436 785 489 quosdam
819 434 1062 475 Corinthios.
1121 434 1170 475 Hi
1200 443 1385 490 poterant
1421 449 1557 478 omnes

143 495 280 534 eadem
302 493 366 533 illa
385 493 430 533 de
441 491 719 533 Andromacha
741 491 972 546 deplorare:
997 491 1113 531 Haec
1135 495 1270 534 onmia
1288 493 1466 540 vidi—,-
1489 493 1559 534 sed

142 552 218 591 iam
251 551 558 591 decantaverant
587 550 772 590 fortasse.
823 549 882 589 Eo
914 547 1019 589 enim
1051 553 1167 587 erant
1195 548 1329 599 vultu,
1361 550 1556 600 oratione,

143 607 250 648 omni
279 606 430 660 reliquo
460 613 569 647 motu
598 613 637 647 et
658 613 785 655 statu,
821 612 864 646 ut
885 617 953 645 eos
975 604 1147 658 Argivos
1176 611 1243 645 aut
1264 604 1471 659 Sicyonios
1502 606 1560 646 di—

143 677 279 715 ceres,
305 664 508 718 magisque
530 677 592 704 me
614 669 823 704 moverant
846 660 1028 702 Corinthi
1051 661 1181 702 subito
1203 661 1411 715 adspectae
1433 663 1560 716 parie-

143 721 265 771 tinae,
287 735 399 774 quam
423 721 530 775 ipsos
547 719 792 770 Corinthios,
812 733 976 773 quorum
1000 718 1142 758 animis
1164 718 1349 759 diuturna
1371 718 1559 772 cogitatio

82 786 123 817 54
147 778 290 819 callum
312 777 526 819 vetustatis
548 777 785 817 obduxerat.
810 776 997 830 Legimus
1020 774 1159 816 librum
1175 775 1425 826 Clitomachi,
1446 789 1559 829 quem

141 834 207 875 ille
230 848 372 876 eversa
391 834 632 888 Karthagine
650 834 757 874 misit
777 832 1009 873 consolandi
1029 845 1166 872 caussa
1186 833 1233 872 ad
1252 832 1430 886 captivos
1452 832 1559 874 cives

147 905 265 942 suos,
301 891 341 931 in
374 905 421 932 eo
451 898 513 932 est
543 890 756 944 disputatio
785 891 931 944 scripta
955 888 1185 938 Carneadis,
1219 903 1332 942 quam
1364 903 1408 929 se
1437 889 1491 929 ait
1519 889 1561 929 in

143 949 469 989 commentarium
502 947 702 988 retulisse.
749 947 873 998 Quum
896 946 950 986 ita
974 945 1144 999 positum
1167 953 1289 995 esset,
1314 945 1441 985 videri
1476 946 1560 985 fore

141 1005 182 1044 in
204 1004 452 1058 aegritudine
480 1003 700 1057 sapientem
732 1003 859 1057 patria
889 1009 1017 1056 capta,
1043 1015 1140 1054 quae
1163 1001 1390 1042 Carneades
1421 1007 1561 1042 contra

145 1061 306 1111 dixerit,
341 1060 487 1113 scripta
516 1066 623 1102 sunt.
667 1060 793 1100 Tanta
826 1059 947 1114 igitur
978 1058 1213 1100 calamitatis
1246 1059 1464 1112 praesentis
1495 1058 1561 1099 ad-

144 1118 302 1159 hibetur
332 1132 352 1158 a
386 1116 618 1171 philosopho
651 1116 873 1166 medicina,
913 1122 1059 1169 quanta
1090 1114 1129 1155 in
1159 1116 1381 1156 inveterata
1412 1128 1461 1155 ne
1493 1116 1561 1156 de-

144 1175 343 1215 sideratur
373 1174 553 1227 quidem3
593 1187 690 1222 nec,
725 1174 759 1214 si
791 1173 940 1226 aliquot
969 1172 1083 1213 annis
1116 1179 1204 1226 post
1233 1172 1335 1213 idem
1367 1172 1433 1213 ille
1461 1171 1561 1212 liber

144 1232 311 1286 captivis
343 1232 489 1272 missus
521 1237 645 1280 esset,
669 1230 902 1271 vulneribus
934 1229 1174 1278 mederetur,
1200 1229 1268 1270 sed
1295 1228 1557 1270 cicatricibus.

186 1369 242 1401 53.
265 1369 372 1401 Perse
390 1374 508 1411 capto,
530 1370 632 1402 durch
649 1369 688 1401 L.
703 1369 816 1401 Aemi-

140 1415 205 1447 lius
239 1414 376 1447 Paullus
414 1415 477 1448 168
493 1440 501 1456 ,
547 1416 579 1447 in
613 1415 716 1457 Folge
757 1415 817 1446 der

143 1460 303 1492 Schlacht
327 1461 380 1492 bei
405 1460 534 1504 Pydna.

187 1516 297 1548 quum
317 1517 424 1539 essem
443 1506 661 1538 adolescens.
697 1505 816 1538 Cicero

142 1551 217 1582 kam
237 1552 277 1583 79
297 1561 330 1583 v.
347 1551 426 1584 Chr.
449 1552 531 1584 nach
553 1551 815 1592 Griechenland,

142 1597 230 1628 kann
242 1597 313 1628 also
324 1598 411 1629 wohl
423 1598 506 1629 noch
519 1595 821 1638 einzelnessriegs-

142 1642 329 1684 gefangene
342 1653 408 1675 von
426 1644 489 1675 146
504 1644 565 1676 her
579 1643 678 1684 (deun
698 1641 822 1675 darauf

143 1689 259 1720 deutet
276 1691 412 1720 servire
429 1688 498 1729 hin)
516 1689 662 1730 gesehen
681 1688 804 1720 haben.

188 1734 251 1765 illa
296 1734 338 1765 de
377 1734 653 1766 Andromacha:
703 1734 818 1775 „jene

142 1778 263 1811 VVorte
293 1789 353 1810 aus
381 1780 440 1811 der
457 1779 718 1812 Androuiache“
744 1779 815 1821 (19,

143 1824 215 1865 45).
236 1824 278 1855 So
297 1824 336 1855 dc
355 1824 411 1857 off.
429 1824 489 1856 111.
507 1826 561 1866 21,
579 1825 638 1857 82:
664 1825 818 1857 Graecos

142 1880 263 1902 versus
283 1869 324 1901 de
335 1871 552 1910 Phoenissis5
573 1870 612 1901 de
631 1880 702 1911 rep.
720 1869 743 1902 l.
762 1870 817 1909 18,

143 1916 207 1946 30:
228 1915 292 1947 illa
311 1915 352 1947 de
369 1916 554 1957 Iphigenia
572 1915 725 1947 Aclze'lle's
747 1914 817 1956 (die

143 1959 264 1993 Worte
280 1960 337 1993 des
349 1960 388 1993 A.
402 1970 463 1993 aus
478 1961 538 1993 der
549 1960 816 2003 „Iphigenia“),

143 2005 210 2037 und
230 2005 330 2038 iiftcr.

191 2051 487 2093 decantaverant,
515 2052 590 2083 hier
607 2067 651 2078 =
670 2055 818 2084 cantare

145 2096 362 2138 (deplorat-c)
383 2097 575 2130 desierant.

190 2143 342 2183 Argivos
373 2146 440 2174 aut
464 2143 673 2186 Sicyonios,
711 2143 817 2174 denen

145 2187 220 2219 kein
240 2188 371 2220 solchcs
385 2187 535 2229 Ungliick
554 2188 718 2229 begegnet
732 2198 815 2220 war.

187 2236 413 2275 parielinae,
451 2234 511 2266 der
537 2234 614 2266 echt
642 2234 701 2266 lat.
731 2234 819 2266 Aus-

145 2278 250 2310 druck
278 2278 331 2309 l'iir
357 2289 459 2310 unser
478 2279 688 2320 „Ruinen“.

191 2324 819 2366 callam-obduoeerae-,vgtltl5,:56.

191 2370 248 2402 5-1.
281 2370 524 2401 Clitomachus
551 2380 611 2401 aus
631 2369 817 2409 Karthago,

145 2415 336 2456 urspriingl.
358 2415 547 2446 Hasdrubal
572 2421 732 2456 genannt,
761 2416 819 2447 des

147 2460 337 2492 Carneades
363 2460 503 2492 Schiilcr
528 2461 593 2492 und
613 2460 820 2501 Nachl'olger

148 2506 178 2536 in
198 2506 258 2537 der
277 2506 424 2546 Leitung
442 2506 501 2537 der
516 2506 712 2538 Akadcinit·.

196 2552 412 2592 Carneades,
433 2551 509 2591 geb.
528 2552 590 2583 217
611 2563 651 2582 zu
669 2552 816 2594 Cyrene,

149 2595 269 2627 Stil'tcr
302 2598 361 2628 der
395 2607 501 2629 neuen
531 2597 728 2636 Akadcmie,
762 2597 818 2627 hr-

885 1367 1034 1410 k‘ampfte
1052 1367 1249 1407 vorziiglich
1270 1367 1322 1398 die
1341 1366 1477 1400 Stoiker
1495 1365 1560 1397 und

886 1413 987 1445 deren
1000 1413 1109 1455 Haupt
1122 1412 1341 1455 Chrysippus,
1358 1412 1418 1443 der
1435 1411 1562 1453 gleich-

886 1459 989 1500 zeitig
1014 1459 1075 1490 mit
1104 1459 1168 1490 ihm
1196 1459 1228 1489 in
1247 1458 1356 1490 Athen
1384 1457 1494 1489 lehrte
1515 1457 1557 1498 (s.

887 1505 944 1545 25,
959 1506 1000 1536 59
1019 1504 1085 1536 und
1097 1503 1138 1535 V.
1154 1504 1208 1542 29,
1226 1503 1298 1544 53),
1318 1512 1389 1534 war
1406 1503 1467 1534 155
1485 1501 1563 1534 Mit-

887 1550 975 1592 glied
1006 1550 1064 1581 der
1087 1547 1353 1581 Gesandtsehaft
1378 1548 1461 1580 nach
1481 1546 1561 1580 Rom

888 1596 930 1637 (s.
953 1595 1092 1627 Einleit.
1123 1606 1154 1626 u.
1178 1593 1233 1626 lV.
1253 1594 1287 1634 3,
1308 1594 1356 1635 5).
1392 1592 1561 1626 Schriften

888 1651 951 1673 von
971 1641 1037 1672 ihm
1057 1637 1163 1672 selBst
1188 1639 1251 1682 gab
1270 1650 1305 1671 es
1326 1639 1430 1670 nicht.

936 1700 1229 1730 commentarium
1247 1712 1292 1722 =
1306 1692 1522 1739 ὑπόμνημα.

929 1757 1092 1796 positum
1113 1757 1218 1794 esset,
1247 1764 1275 1785 s.
1295 1764 1337 1784 zu
1355 1752 1381 1784 I.
1401 1753 1434 1792 11,
1456 1752 1487 1782 Τ.

934 1811 1160 1843 calamitatis
1173 1812 1392 1851 praesentis,
1413 1809 1489 1840 echt
1514 1808 1560 1840 la-

888 1856 971 1887 tein.
993 1856 1082 1887 nicht
1101 1866 1141 1887 an
1163 1856 1222 1886 das
1237 1854 1395 1894 Verbum,
1416 1854 1563 1885 sondern

887 1912 927 1933 an
942 1902 1002 1932 den
1013 1899 1561 1943 Objcctsbegriffangeschlossen.

889 1947 932 1978 So
961 1947 1069 1978 finden
1096 1946 1166 1977 sich
1195 1946 1253 1977 mit
1281 1945 1354 1977 dem
1374 1943 1458 1976 Gen.
1480 1949 1563 1976 statt

888 1993 946 2024 des
993 1992 1175 2024 deutschen
1220 1990 1297 2023 Dat.
1340 1990 1559 2022 verbunden:

877 2040 990 2079 ,finem
1017 2039 1167 2079 sarm-c,
1210 2047 1296 2077 ganz
1330 2035 1560 2077 gewiihnlich3

890 2083 1024 2115 feruer:
1053 2083 1168 2122 fidem
1194 2083 1326 2123 sacerc
1356 2082 1558 2123 (oratz‘oniS,

889 2129 928 2161 de
947 2140 996 2160 or.
1018 2129 1077 2160 lll.
1099 2129 1152 2168 27,
1179 2128 1273 2167 104),
1290 2129 1563 2169 praestringere

888 2175 1008 2207 oeulos
1036 2173 1130 2216 (Cat.
1159 2172 1203 2205 M.
1230 2173 1288 2214 12,
1309 2172 1391 2213 42),
1427 2174 1564 2214 cripere

884 2222 1076 2264 pecuniam
1108 2220 1154 2262 (p.
1177 2218 1295 2260 Quint.
1329 2218 1381 2258 11,
1403 2217 1474 2256 39),
1505 2217 1563 2249 de-

890 2276 1031 2298 cernere
1059 2268 1229 2308 praemla
1263 2264 1318 2304 (de
1346 2274 1395 2295 or.
1433 2262 1476 2295 ll.
1504 2262 1559 2302 85,

891 2312 972 2353 347)
999 2323 1032 2343 u.
1054 2312 1094 2342 A.

936 2368 1149 2407 mederetur,
1186 2366 1353 2397 lcbhasser
1380 2365 1430 2397 als
1456 2364 1562 2396 medi·

890 2417 993 2445 catus
1021 2416 1120 2443 asset.
1167 2411 1286 2443 Cicero
1314 2415 1463 2442 versetzt
1490 2410 1560 2442 sich

889 2460 921 2490 in
948 2459 1000 2490 dic
1027 2457 1113 2496 Zeit,
1141 2468 1190 2487 wo
1218 2457 1269 2492 die
1290 2455 1479 2497 liarthager
1509 2455 1562 2486 dio

890 2503 1019 2536 Schril't
1044 2502 1223 2534 erhieltcn.

936 2549 1161 2580 cicatricibus
1180 2566 1223 2571 —
1241 2547 1333 2579 thiitc
1359 2547 1429 2579 also
1457 2552 1562 2578 etwas

892 2594 1167 2634 Ueherssiissiges.
