1684 2819
628 173 787 206 LIBER
805 173 845 206 v.
875 174 906 215 a,
928 174 983 205 24.
1004 174 1059 206 25.
1469 173 1550 213 223

147 288 243 328 Nam
275 301 389 341 quum
411 288 637 338 statuisset,
663 287 855 338 verbera,
888 295 1108 337 tormenta,
1142 287 1365 337 cruciatus,
1400 286 1549 340 patriae
1571 296 1613 327 24

149 344 377 385 eversiones
392 375 401 393 ,
431 344 594 393 exsilia,
630 345 817 384 orbitates
854 359 1036 398 magnam
1071 345 1151 385 vim
1185 343 1328 384 habere
1365 345 1412 383 ad
1448 344 1548 383 male

148 401 366 453 misereque
389 401 615 449 vivendum,
641 415 718 441 non
741 408 802 441 est
823 408 942 441 ausu's
966 402 1067 441 elate
1090 408 1128 441 et
1149 400 1274 454 ample
1291 400 1410 453 loqui,
1431 414 1548 453 quum

147 456 346 503 humiliter
367 456 612 510 demisseque
630 458 812 497 sentiret.
838 457 959 508 Quam
978 458 1092 506 bene,
1113 472 1191 497 non
1209 457 1432 510 quaeritur3
1457 470 1550 496 con-

148 519 299 553 stanter
328 512 483 566 quidem
515 521 636 554 certe.
690 514 823 566 ltaque
853 514 947 553 mihi
980 514 1134 567 placere
1163 527 1242 553 non
1279 513 1380 554 solet
1412 525 1551 553 conse-

148 570 306 622 quentia
328 569 633 623 reprehendere,
659 584 774 622 quum
797 570 920 623 prima
942 570 1204 610 concesseris.
1230 569 1300 609 Hic
1323 576 1453 610 autem
1471 569 1551 609 ele-

148 625 401 679 gantissimus
425 627 594 666 omnium
613 626 932 680 philosophorum
950 633 988 665 et
1004 625 1294 666 eruditissimus
1312 640 1390 665 non
1409 639 1551 679 magno

148 696 266 735 opere
288 682 613 736 reprehenditur,
649 696 764 734 quum
797 683 872 722 tria
893 695 1039 735 genera
1063 682 1155 721 dicit
1175 682 1391 732 honorum,
1425 696 1550 722 vexa-

148 746 213 779 tur
234 746 363 778 autem
385 738 432 778 ab
455 738 633 778 omnibus
654 738 820 791 primum
841 738 881 778 in
899 751 945 777 eo
964 737 1080 787 libro,
1101 751 1214 790 quem
1233 738 1387 791 scripsit
1407 738 1453 777 de
1470 738 1551 778 vita

147 794 285 843 beata,
320 795 359 833 in
391 809 464 847 quo
487 795 609 834 multa
631 794 820 847 disputat,
846 794 1099 846 quamobrem
1121 794 1154 834 is
1169 825 1178 843 ,
1214 795 1278 846 qui
1300 801 1548 846 torqueatur,

149 851 213 903 qui
246 851 465 899 crucietur,
497 850 636 890 beatus
668 863 757 891 esse
786 864 864 890 non
894 851 1041 903 possit,
1081 851 1120 890 in
1157 864 1202 890 eo
1241 849 1356 889 etiam
1394 857 1552 902 putatur

151 907 295 955 dicere,
320 906 359 946 in
382 914 506 946 rotam
530 907 681 946 beatam
704 906 825 946 vitam
849 921 927 946 non
950 907 1178 947 escendere.
1213 905 1302 945 Non
1327 919 1490 958 usquam
1512 906 1549 944 id

149 964 302 1016 quidem
325 963 417 1002 dicit
438 964 620 1014 omnium
654 964 746 1012 sed,
781 976 879 1016 quae
912 963 1030 1012 dicit,
1065 963 1167 1003 idem
1198 962 1344 1002 valent.
1388 962 1551 1002 Possum

148 1019 283 1072 igitur,
309 1019 370 1059 cui
392 1020 674 1068 concesserim,
698 1019 739 1059 in
755 1020 867 1059 malis
888 1033 975 1060 esse
994 1019 1148 1059 dolores
1167 1018 1361 1072 corporis,
1381 1019 1422 1058 in
1439 1018 1551 1058 malis

148 1075 353 1129 naufragia
374 1077 572 1126 fortunae,
602 1076 689 1116 huic
711 1089 945 1116 succensere
968 1076 1133 1126 dicenti,
1170 1089 1249 1115 non
1272 1088 1406 1114 omnes
1427 1074 1551 1114 bonos

150 1146 238 1174 esse
259 1132 410 1182 beatos,
436 1147 552 1184 quum
574 1133 613 1172 in
636 1139 771 1173 omnes
793 1133 917 1173 bonos
940 1145 1000 1179 ea,
1027 1146 1127 1185 quae
1144 1132 1210 1172 ille
1226 1132 1267 1171 in
1285 1131 1398 1171 malis
1418 1144 1552 1170 nume-

149 1196 231 1238 rat,
267 1189 406 1229 cadere
438 1190 616 1242 possint?
648 1189 828 1229 Vexatur
856 1189 956 1228 idern
979 1188 1273 1242 Theophrastus
1304 1195 1343 1227 et
1372 1187 1480 1227 libris
1514 1194 1551 1227 et

151 1244 296 1285 scholis
320 1245 492 1286 omnium
515 1246 848 1300 philosophorum,
876 1245 976 1298 quod
998 1245 1038 1285 in
1063 1244 1304 1285 Callisthene
1327 1259 1398 1285 suo
1420 1244 1553 1284 lauda-

148 1301 202 1341 rit
222 1301 326 1342 illam
349 1303 608 1342 sententiam:

430 1358 493 1397 V
476 1358 572 1398 ztam
594 1360 708 1412 rauzt
713 1359 914 1412 formast,
946 1373 1025 1398 non
1048 1357 1271 1413 sapi'e'ntea.

150 1414 307 1468 Negant
337 1413 384 1453 ab
413 1415 490 1454 ullo
523 1415 752 1468 philosopho
782 1416 986 1467 quicquam
1019 1414 1162 1454 dictum
1193 1427 1280 1455 esse
1312 1412 1549 1466 languidius.

150 1471 268 1510 Recte
289 1470 327 1510 id
351 1471 529 1523 quidem3
565 1472 633 1512 sed
657 1471 753 1511 nihil
772 1471 948 1524 intelligo
977 1471 1049 1510 dici
1083 1471 1259 1524 potuisse
1290 1469 1552 1509 constantius.

153 1526 192 1566 Si
215 1527 317 1567 enim
340 1533 397 1566 tot
418 1535 508 1567 sunt
528 1527 568 1567 in
591 1540 754 1580 corpore
776 1528 877 1567 hona
893 1557 903 1575 ,
937 1534 993 1566 tot
1014 1533 1132 1567 extra
1154 1541 1295 1580 corpus
1318 1526 1357 1565 in
1381 1539 1475 1566 casu
1496 1533 1552 1565 at-

153 1597 226 1636 que
254 1583 433 1623 fortuna:
468 1598 598 1623 nonne
627 1591 934 1623 consentaneum
965 1590 1048 1632 est,
1080 1583 1165 1636 plus
1196 1584 1418 1632 fortunam,
1453 1595 1552 1634 quae

888 1713 1128 1755 Aristophanes
1163 1714 1323 1745 erw'ahnt.
1375 1713 1494 1744 Hinter
1521 1716 1558 1744 in

889 1762 1005 1790 rotam
1026 1759 1133 1790 finden
1153 1759 1222 1791 sich
1242 1759 1274 1790 in
1289 1759 1399 1790 vielen
1415 1758 1557 1789 Hdsehr.

152 1712 299 1754 (obwohl
323 1711 487 1754 Peripat.)
516 1713 585 1744 sich
614 1713 705 1745 nicht
732 1714 818 1745 ‹lazu

154 1758 393 1790 entschliessen
412 1777 456 1780 —
474 1758 629 1790 aufrecht
651 1770 692 1790 zu
711 1759 819 1791 erhal-

1575 970 1618 1001 25

152 1804 251 1843 ten“,
273 1803 314 1834 da
330 1813 366 1834 er
379 1804 446 1834 sich
467 1809 669 1845 consequent
687 1804 819 1835 bleiben

155 1848 279 1880 wollte.
299 1848 369 1879 Zur
379 1848 485 1880 Sache
499 1849 567 1889 vgl.
580 1849 684 1881 Acad.
698 1849 721 1880 Ι.
732 1850 764 1889 9,
776 1849 817 1880 23

153 1894 219 1925 und
238 1894 276 1925 de
295 1893 352 1924 fi'n.
370 1893 540 1933 V.5,12.

199 1950 483 1991 elegantissimas
515 1965 561 1975 =
590 1953 820 1982 accuratissi-

154 2006 230 2027 mus
249 1996 338 2035 „der
355 1995 581 2037 priiciseste‘fl

194 2054 365 2094 primum.
403 2051 483 2083 Dein
510 2052 693 2094 entspricht
720 2051 821 2093 (statt

153 2097 243 2128 eines
271 2097 408 2138 deinde)
436 2097 514 2138 §25
542 2098 705 2129 Vematm·
730 2097 820 2129 [clem

154 2147 242 2182 etc.;
271 2153 296 2173 s.
321 2153 362 2173 zu
382 2142 406 2174 l.
431 2142 483 2183 13,
503 2142 559 2174 30.

198 2201 233 2229 in
252 2209 290 2230 eo
310 2199 411 2230 libro.
432 2197 606 2230 Natiirlieh
622 2199 743 2230 konnte
762 2199 822 2230 mit

153 2249 257 2275 etwas
275 2244 508 2275 modificirtem
527 2244 627 2276 Sinne
645 2244 717 2275 hier
735 2245 819 2275 auch

155 2289 195 2319 de
213 2289 343 2320 stehen.
363 2288 438 2330 Vgl.
462 2289 487 2320 I.
508 2290 562 2325 21,
583 2290 626 2321 48
644 2290 819 2329 gloriari,-

154 2333 194 2365 ΙΙ.
217 2334 272 2374 21,
291 2335 334 2365 49
354 2335 595 2374 lamentatur,·
624 2334 680 2366 Ill.
703 2335 756 2375 18,
777 2334 820 2365 39

155 2379 351 2411 admiratio
365 2380 496 2418 fiebat.

200 2435 241 2466 de
261 2437 363 2467 beata
383 2439 464 2468 veta.
494 2435 589 2468 Nach
608 2436 704 2476 Diog.
724 2436 764 2467 L.
777 2435 819 2467 V

156 2479 174 2509 2
192 2490 225 2511 u.
246 2480 285 2511 13
305 2481 390 2524 περὶ
408 2478 586 2523 εὐτυχίας.
612 2481 653 2513 V.
675 2482 715 2513 43
736 2481 821 2523 περὶ

157 2520 401 2568 εὐδαιμονίας.

203 2571 237 2600 in
265 2575 383 2602 rotam
409 2572 497 2612 „das
521 2571 740 2609 Folterrad“‚
769 2572 822 2602 bei

159 2613 220 2644 den
255 2613 417 2647 Griechen
454 2613 597 2660 τροχός,
640 2616 728 2648 oster
760 2626 821 2647 von

889 1804 942 1834 die
954 1803 1073 1835 VVorte
1088 1816 1095 1835 z
1125 1804 1162 1835 iel
1180 1808 1234 1835 est
1248 1814 1360 1845 genus
1379 1803 1558 1845 quoddam

890 1851 1060 1880 tormenti
1082 1849 1180 1891 apud
1206 1849 1357 1880 Graecos
1382 1866 1426 1871 —
1450 1848 1560 1879 wahr-

890 1894 1076 1925 scheinlich
1103 1894 1156 1925 ein
1185 1894 1270 1925 altes
1291 1892 1455 1925 Glossem.

935 1941 1077 1971 omnino
1103 1939 1370 1979 ‚,vollst{indig“
1390 1954 1435 1964 π
1455 1948 1561 1979 „aus-

890 1984 1106 2016 d1·iicklich“.
1129 1984 1171 2015 So
1184 1985 1288 2016 Acad.
1303 1984 1347 2016 ll.
1362 1985 1394 2024 3,
1408 1984 1446 2015 9:
1466 1983 1559 2016 Nam

889 2029 986 2071 quod
1000 2030 1123 2061 (licant
1138 2032 1291 2069 omnino,
1306 2040 1342 2061 se
1356 2029 1495 2061 credere
1514 2031 1558 2068 ei,

891 2085 993 2117 quem
1023 2075 1181 2107 indicent
1200 2076 1322 2117 fuisse
1349 2077 1558 2116 sapientem,

886 2121 1098 2162 probarem,
1135 2123 1168 2151 sl
1190 2121 1230 2152 id
1253 2123 1369 2161 ipsum
1396 2120 1502 2151 rudes
1528 2123 1565 2150 et

892 2165 1028 2197 indocti
1051 2166 1212 2197 iudicare
1235 2167 1451 2207 potuissent.

937 2210 993 2241 25.
1013 2212 1047 2241 in
1063 2211 1279 2242 Callisthene
1296 2221 1374 2250 8110,
1395 2220 1421 2241 s.
1444 2220 1485 2240 zu
1502 2208 1558 2241 ΙΙΙ.

895 2256 949 2295 10,
970 2255 1025 2286 21.

939 2300 1060 2332 Vitam
1097 2305 1161 2332 etc.
1212 2300 1281 2331 Der
1311 2300 1371 2331 lat.
1400 2298 1484 2331 Vers
1517 2300 1562 2331 ist

891 2346 990 2385 (nach
1024 2345 1184 2386 Ladewig
1212 2346 1311 2377 Anal.
1346 2355 1436 2376 scen.
1471 2356 1504 2386 p.
1525 2345 1560 2385 5)

891 2391 1131 2422 wahrscheinl.
1159 2401 1219 2422 aus
1241 2390 1370 2422 Ennius
1391 2389 1561 2430 „Penthe-

893 2436 1020 2476 silea⁴‘,
1039 2435 1375 2475 einerNachbildung
1390 2445 1453 2465 von
1474 2434 1561 2465 Cha-

892 2491 1024 2513 remons
1057 2478 1235 2524 Άχιλλεὺς
1259 2476 1557 2531 Θερσιτοκτόνος,

892 2526 924 2557 in
943 2526 1102 2558 welchem
1121 2528 1219 2568 (nach
1240 2525 1324 2557 Plut.
1347 2524 1438 2575 περὶ
1452 2520 1562 2576 τύχης

892 2582 923 2613 p.
945 2571 1003 2612 97)
1023 2572 1081 2604 der
1095 2571 1180 2603 Vers
1199 2571 1354 2602 vorkam·
1387 2566 1486 2622 Τύχη
1513 2581 1557 2601 τα

892 2620 941 2649 θ]
946 2618 1039 2657 ηῑῶν
1058 2614 1164 2661 ποάγ
1162 2628 1257 2653 aar,
1285 2612 1347 2647 οἰκ
1367 2611 1542 2655 εὐ,θοιλι’.(ι
