1684 2819
575 181 736 214 LIBER
755 181 810 213 lv.
834 183 886 223 13,
908 183 962 214 31.
1015 182 1065 213 14.

1440 184 1517 223 179

132 297 181 338 Ut
203 298 303 338 enim
326 297 500 351 corporis
523 297 751 350 temperatio
766 327 776 346 ,
809 312 923 350 quum
953 311 997 337 ea
1020 303 1237 350 congruunt
1264 296 1367 336 inter
1397 311 1438 338 se
1455 328 1463 343 ,
1499 312 1519 338 e

134 355 271 409 quibus
293 361 531 403 constamus,
556 356 715 394 sanitas
732 372 742 392 .-
767 354 823 394 sic
841 354 957 394 animi
974 354 1126 403 dicitur,
1147 368 1261 406 quum
1279 353 1362 394 eius
1379 353 1520 394 iudicia

134 412 408 466 opinionesque
441 411 700 459 concordant,
741 424 861 464 eaque
892 411 1008 451 animi
1040 417 1100 451 est
1127 411 1280 459 virtus,
1313 424 1424 463 quam
1453 411 1518 451 alii

133 469 255 522 ipsam
278 468 571 521 temperantiam
595 467 726 507 dicunt
748 481 850 517 esse,
868 468 934 508 alii
955 468 1282 521 obtemperantem
1305 475 1521 521 temperan-

133 527 209 566 tiae
231 524 448 578 praeceptis
479 531 517 563 et
546 537 631 563 eam
653 524 953 577 subsequentem
975 538 1047 564 nee
1071 525 1272 564 habentem
1295 524 1412 564 ullam
1435 538 1520 578 spe-

134 583 231 622 ciem
254 596 387 631 suam,
421 582 489 621 sed
511 581 595 621 sive
618 582 690 620 hoc
712 581 794 621 sive
815 581 908 620 illud
932 581 1002 629 sit,
1037 580 1077 620 in
1110 581 1193 620 solo
1221 594 1306 621 esse
1329 581 1517 634 sapiente.

132 640 204 678 Est
224 645 352 679 autem
376 638 560 691 quaedam
585 637 703 676 animi
725 638 895 685 sanitas,
929 651 1024 689 quae
1053 637 1092 676 in
1126 637 1371 690 insipientem
1404 638 1519 677 etiam

133 696 260 744 cadat,
276 709 391 748 quum
409 694 608 734 curatione
628 696 680 745 [et
694 693 1011 746 pertractatione]
1027 693 1264 734 medicorum
1278 694 1520 734 conturbatio

134 752 275 792 mentis
298 753 483 791 aufertur.
517 751 566 789 Et
587 756 628 788 ut
650 750 824 803 cor-poris
847 757 906 789 est
928 750 1116 802 quaedam
1138 758 1227 803 apta
1249 750 1372 803 figura
1403 764 1519 790 mem*

132 809 290 848 brorum
313 822 396 847 eum
421 807 564 846 coloris
587 806 748 858 quadam
772 807 965 846 suavitate
981 837 991 855 ,
1025 819 1146 858 eaque
1180 807 1320 846 dicitur
1336 808 1521 859 palchri-

134 866 254 905 tudo:
287 864 343 903 sic
372 865 410 902 in
441 863 570 902 animo
601 863 825 916 opinionum
858 863 1163 915 iudiciorumque
1200 863 1453 915 aequabilitas
1485 871 1523 902 et

131 920 352 961 constantIa
374 934 457 960 cum
486 920 668 958 firmitate
697 920 861 972 quadam
889 926 927 959 et
949 919 1161 959 stabilitate
1182 920 1367 959 virtutem
1390 919 1523 960 subse-

133 991 254 1030 quens
285 985 349 1016 aut
381 977 535 1016 virtutis
563 976 641 1015 vim
673 976 793 1029 ipsam
825 977 1028 1017 continens
1060 976 1303 1030 pulchritudo
1340 983 1517 1016 vocatur.

132 1035 302 1087 Itemque
324 1034 480 1074 viribus
502 1032 674 1086 corporis
700 1040 736 1072 et
758 1034 890 1074 nervis
913 1041 952 1072 et
973 1033 1187 1073 efficacitati
1210 1033 1355 1074 similes
1386 1033 1522 1074 simili-

130 1090 201 1132 bus
232 1103 382 1144 quoque
413 1090 541 1130 verbis
575 1089 694 1129 animi
726 1089 831 1129 vires
863 1090 1128 1130 nominantur.
1166 1089 1361 1130 Velocitas
1393 1097 1521 1130 autem

132 1148 307 1201 corporis
337 1148 525 1187 celeritas
554 1147 792 1200 appellatur,
826 1160 923 1199 quae
956 1147 1089 1187 eadem
1118 1147 1263 1200 ingenii
1293 1147 1409 1186 etiam
1439 1147 1522 1187 laus

132 1204 294 1244 habetur
323 1210 481 1258 propter
511 1203 628 1243 animi
656 1203 861 1243 multarum
884 1217 1015 1244 rerum
1037 1203 1148 1243 brevi
1170 1211 1343 1257 tempore
1364 1216 1522 1257 percur-

132 1275 317 1314 monem..

244 1317 340 1357 lllud
370 1317 587 1356 animorum
617 1330 899 1370 corporumque
930 1316 1141 1366 dissimile,
1175 1317 1275 1369 quod
1305 1317 1423 1357 animi
1454 1331 1521 1356 va-
1541 1317 1594 1362 14

133 1375 258 1415 lentes
283 1373 414 1414 morbo
438 1373 582 1413 tentari
605 1380 790 1426 possunt,
822 1381 864 1413 ut
885 1387 1049 1427 corpora
1072 1381 1254 1426 possunt3
1288 1374 1356 1414 sed
1389 1387 1524 1427 corpo-

183 1496 227 1531 Ut
246 1500 333 1528 enlm
353 1507 512 1535 corpores
527 1501 591 1528 etc.
612 1496 704 1528 Stob.
718 1496 791 1528 Ecl.

133 1544 200 1574 eth.
230 1554 261 1585 p
286 1542 367 1573 lfiS.
398 1539 523 1595 ὥσπεοἶ
546 1553 615 1585 §ap
644 1538 706 1581 τὴι
733 1542 795 1573 τοῦ

136 1584 304 1644 σώματος
330 1584 469 1629 ἱγίειαι
487 1585 684 1619 εὖκοασίαν
702 1586 791 1619 ειναι

135 1635 206 1665 τῶν
234 1632 271 1664 ἓν
299 1633 347 1673 τῷ
378 1631 518 1676 σώιιατι
554 1634 702 1674 (nautor
734 1632 795 1664 καὶ

139 1680 289 1730 ›Ltttxpcor
320 1678 379 1709 καὶ
413 1680 528 1721 ξηωῶν
560 1679 617 1709 καὶ
655 1676 791 1730 {jocor

135 1736 228 1756 ουτω
254 1724 314 1755 καὶ
341 1720 404 1763 τὴν
433 1726 493 1765 τῆς
520 1724 638 1764 ψυχῆς
657 1720 688 1765 {77
692 1726 795 1755 [¹61a1

134 1771 331 1821 svzgnco'uzv
353 1769 443 1802 εἶιαι
474 1771 544 1801 τῶν
567 1768 604 1800 ἕν
630 1780 669 1813 τι,
700 1771 797 1815 uugi]

138 1801 210 1859 (Ῡο)
208 1811 344 1847 μάτων.

179 1863 293 1893 anzrni
317 1860 458 1899 (liei-tm,
488 1871 534 1891 sc.
555 1863 705 1900 sanitas,
727 1871 756 1889 w
760 1870 795 1891 as

136 1907 217 1938 auch
245 1906 384 1947 Subject
417 1906 459 1936 ist
488 1916 528 1936 zu
554 1916 662 1946 eaque
688 1908 799 1937 animi

134 1956 249 1984 virtus
275 1957 340 1982 est.

182 1998 466 2039 temperantiam.
483 1995 559 2036 Vgl.
574 1996 605 2035 9,
620 1996 660 2027 22
673 2008 680 2027 :
700 1997 795 2029 Tem-

131 2045 297 2085 perantia
322 2043 426 2074 seclae
442 2045 675 2084 appetitiones
695 2047 726 2073 et
744 2043 796 2085 es-

126 2090 229 2129 ficit,
264 2092 306 2120 vt
330 2099 387 2119 eae
413 2092 530 2119 rectae
562 2091 702 2119 rationi
729 2099 796 2129 pa—

135 2138 254 2175 reant,
292 2137 542 2175 conservatque
572 2134 795 2166 considerata

135 2180 265 2212 iudicia
292 2182 430 2211 mentis.

179 2236 240 2257 nec
271 2226 454 2256 habentem
497 2224 603 2255 allam
646 2228 791 2267 speciem

135 2282 257 2302 suam:
287 2271 398 2310 „ohne
424 2270 660 2311 selbststandig
685 2271 716 2301 in
742 2271 793 2301 die

139 2316 362 2358 Erscheinung
387 2327 426 2347 zu
452 2316 605 2347 tretew‘.

181 2365 216 2393 z'n
230 2364 445 2403 insipientem
456 2380 500 2384 —-
510 2361 629 2393 eadat.
643 2360 717 2401 Vgl.
733 2361 791 2393 III.

137 2407 170 2448 4,
191 2409 222 2439 7.

172 2455 466 2493 pertractatione,
478 2451 794 2493 alteVerbesserung

139 2497 197 2529 der
221 2498 450 2530 handschriftl.
472 2497 590 2529 Lesart
605 2499 795 2539 perturba-

141 2545 252 2583 tione5
271 2544 350 2575 doch
376 2545 419 2575 ist
446 2544 602 2575 letzteres
621 2543 795 2574 vielleieht

140 2588 228 2620 hloss
261 2589 361 2620 durch
387 2589 444 2620 das
469 2589 690 2620 benachbarte
718 2600 794 2621 con-

142 2634 298 2665 turbatio
318 2634 349 2665 in
367 2635 428 2666 den
447 2634 535 2666 Text
552 2634 755 2676 gekommen.

910 1497 964 1528 31.
992 1507 1101 1538 eaque
1126 1497 1260 1529 dicitnr
1278 1497 1523 1538 pulchritudo.

864 1541 940 1582 vgl.
962 1542 1001 1574 de
1020 1542 1073 1573 off.
1096 1542 1121 1574 Ι.
1142 1543 1196 1581 28,
1216 1542 1256 1573 95
1271 1554 1278 1573 :
1295 1543 1525 1584 pnlelzre’tudo

865 1590 1025 1629 corporis
1043 1592 1128 1629 apta
1148 1590 1398 1629 compo-sitione
1422 1599 1526 1620 mem-

866 1634 1009 1664 brorum
1035 1637 1152 1664 movet
1176 1633 1293 1664 oculos
1320 1637 1353 1665 et
1373 1633 1526 1665 delectat

865 1680 928 1710 lzoc
961 1681 1056 1719 ipso,
1093 1679 1187 1721 qaod
1219 1681 1310 1710 inter
1341 1690 1378 1710 se
1410 1690 1526 1711 omnes

861 1728 987 1766 partes
1014 1735 1090 1755 eum
1119 1724 1268 1766 quodam
1299 1725 1414 1767 lepore
1447 1736 1525 1756 con-

863 1781 879 1800 s
884 1780 921 1800 en
927 1772 1001 1800 tz'ztn
1008 1773 1033 1800 t.

911 1817 1052 1846 virtutis
1088 1817 1155 1846 υίιη
1184 1817 1295 1857 ipsam
1323 1818 1522 1846 continens.-

867 1860 1019 1900 „welche
1053 1860 1111 1891 das
1146 1859 1269 1891 Wesen
1304 1860 1362 1891 der
1388 1860 1524 1902 Tugend

864 1905 970 1937 selbst
995 1906 1026 1936 in
1052 1906 1121 1937 sich
1147 1906 1342 1937 schliesst‘·.

907 1951 1138 1992 pulchritudo
1172 1955 1328 1983 vocatur.
1375 1952 1523 1984 Pulchr.

864 1999 977 2029 anime⁴
1004 1997 1047 2028 ist
1072 2008 1133 2028 nur
1157 1997 1331 2038 stoiseher,
1359 1998 1450 2029 nicht
1476 1998 1525 2029 la-

864 2043 945 2074 tein.
966 2041 1270 2084 Spraehgebrauch.

911 2088 1088 2120 Velocc'tas
1129 2089 1280 2129 „rasche
1320 2088 1525 2128 Beweglich-

863 2133 982 2165 keit“.

909 2182 1021 2211 animi
1036 2179 1232 2210 multarum
1250 2189 1368 2209 rernm
1387 2197 1430 2201 —-
1444 2189 1525 2221 pel·—

865 2227 1074 2256 enrsc‘onem.
1096 2223 1170 2264 Vgl.
1192 2224 1234 2255 ΙΙ.
1256 2225 1308 2263 15,
1327 2224 1524 2265 35s11nct1'o

863 2288 908 2293 —
926 2272 1039 2301 animi
1054 2288 1097 2292 —
1116 2272 1242 2311 operis,
1263 2270 1327 2301 und
1346 2274 1447 2301 unten
1468 2271 1521 2309 17,

864 2316 1056 2356 *lOJ'mtw-e's
1074 2315 1251 2356 repulsam
1272 2316 1489 2347 consulatus.

908 2357 969 2396 14.
991 2363 1125 2392 tentari
1135 2365 1296 2402 possunt,
1318 2365 1355 2391 nt
1370 2371 1521 2403 corpora

861 2410 1022 2448 possunt.
1052 2406 1094 2438 So
1113 2407 1168 2437 hat
1186 2407 1322 2449 Bentley
1341 2407 1416 2444 (und
1437 2407 1521 2436 nach

864 2452 929 2483 ihm
947 2451 983 2483 F.
1004 2452 1044 2483 A.
1060 2451 1176 2494 Wolf)
1196 2452 1246 2483 die
1266 2451 1420 2484 hdsehftl.
1442 2451 1523 2482 Les-

864 2502 916 2529 art
943 2500 1076 2529 tentari
1100 2508 1167 2529 non
1188 2500 1349 2539 possunt,
1372 2506 1521 2538 corpora

860 2547 1025 2585 possunt,
1052 2543 1260 2575 verbessert.
1287 2543 1339 2573 die
1366 2542 1424 2573 mit
1449 2542 1521 2573 dem

864 2589 1007 2629 sogleieh
1039 2588 1211 2630 folgenden
1246 2598 1394 2630 quoram
1427 2585 1522 2628 (ani—

863 2635 1019 2676 morum)
1036 2635 1152 2665 morbi
1175 2634 1241 2665 sich
1262 2644 1323 2664 nur
1341 2633 1440 2664 durch
1466 2644 1520 2674 ge—

1255 2692 1329 2727 12*
