1684 2819
99 435 123 474 7

78 497 120 529 23

78 1081 122 1113 24

153 168 231 207 118
729 162 784 194 DE
811 162 992 195 omens

148 266 383 319 praestantia
411 270 476 304 aut
507 277 577 316 spe
607 264 679 303 sibi
706 264 744 303 id
771 264 863 303 utile
892 265 1064 304 futurum
1091 270 1155 305 aut
1176 271 1282 305 metu
1303 277 1352 305 ne
1374 267 1408 305 vi
1429 279 1562 317 parere

150 328 339 375 cogantur
359 326 424 361 aut
445 333 514 372 spe
535 320 748 371 largitionis
770 321 1056 373 promissisque
1078 321 1178 373 capti
1200 327 1263 361 aut
1284 327 1500 374 postremo,
1521 329 1564 362 ut

150 392 265 431 saepe
286 379 325 418 in
346 382 483 417 nostra
504 389 545 416 re
567 376 718 428 publiea
741 377 929 424 videmus,
951 377 1127 417 mercede
1148 378 1341 417 conducti.

265 435 450 474 Omnium
479 439 606 473 autem
634 445 764 473 rerum
793 446 866 473 nec
893 434 1021 485 aptius
1050 440 1109 474 est
1143 434 1350 486 quiequam
1383 435 1429 473 ad
1469 448 1563 487 opes

150 491 310 531 tuendas
333 504 377 530 ac
400 490 584 529 tenendas
603 502 718 541 quam
737 489 840 541 diligi
857 502 930 530 nee
946 491 1106 530 alienius
1124 503 1241 542 quam
1261 490 1398 529 timeri.
1445 491 1564 532 Prae-

152 549 252 587 elare
278 547 380 587 enim
404 547 572 586 Ennius:

262 614 386 660 Que'm
406 621 578 654 metuunt
607 615 789 653 oderunt:
827 627 936 666 quem
959 617 1111 667 quisque
1139 617 1216 655 o'dit
1237 617 1394 667 periisse
1416 615 1566 666 expetit.

149 683 359 722 Multorum
383 688 512 722 autem
536 683 636 721 odiis
659 682 784 721 nullas
808 695 903 734 opes
932 695 1050 734 posse
1072 683 1281 730 obsistere,
1312 682 1343 721 si
1365 687 1476 721 antea
1497 682 1569 721 suit

150 739 347 790 ignotum,
377 751 503 790 nuper
531 745 589 777 est
619 739 832 790 cognitum.
881 739 958 777 Nee
985 752 1073 778 vero
1103 740 1217 779 huius
1245 738 1399 790 tyranni
1426 739 1567 784 solum,

149 808 262 846 quem
281 796 399 834 armis
418 808 608 847 oppressa
626 796 782 847 pertulit
804 795 933 834 civitas
957 802 1139 847 paretque
1162 809 1249 835 eum
1271 794 1437 834 maxime
1459 807 1568 833 mor-

151 858 230 899 tuo,
252 852 427 891 interitus
446 852 611 891 declarat
628 859 815 903 quantum
835 852 965 891 odium
983 853 1187 891 hominum
1206 852 1324 891 valeat
1340 852 1386 890 ad
1405 856 1566 902 pestem,

149 908 217 947 sed
246 908 485 959 reliquorum
515 909 658 947 similes
687 908 811 947 exitus
850 914 1123 959 tyrannorum,
1161 921 1328 960 qnorum
1356 908 1458 947 haud
1489 908 1569 946 sere

149 965 355 1015 quisquam
380 965 577 1003 interitum
600 966 714 1003 talem
737 965 880 1015 ell'ugit.
917 965 1037 1004 Malus
1060 966 1162 1004 enim
1180 971 1240 1003 est
1262 971 1393 1003 custos
1417 964 1568 1003 diutur-

150 1020 282 1059 nitatis
305 1026 444 1068 metus,
467 1027 677 1071 contraque
695 1020 958 1060 benevolentia
975 1021 1096 1060 fidelis
1121 1022 1175 1060 vel
1192 1022 1238 1059 ad
1256 1020 1567 1072 perpetuitatem.
1601 1041 1605 1046 ·

151 1077 225 1116 Sed
255 1077 320 1123 iis,
350 1078 413 1128 qui
443 1077 477 1115 vi
500 1090 716 1129 oppressos
744 1077 909 1128 imperio
933 1081 1131 1124 coercent,
1163 1078 1212 1116 sit
1240 1089 1332 1116 sane
1355 1076 1570 1116 adhibenda

149 1133 323 1179 saevitia,
355 1139 395 1172 ut
417 1134 519 1172 heris
542 1134 580 1172 in
614 1134 798 1179 mundos,
829 1134 861 1172 si
891 1133 999 1173 aliter
1028 1135 1148 1173 teneri
1177 1146 1258 1172 non
1288 1138 1473 1185 possunt:
1506 1133 1571 1183 qui

147 1202 237 1228 vero
260 1189 298 1227 in
320 1189 437 1229 libera
460 1190 610 1229 civitate
631 1190 682 1229 ita
699 1203 739 1228 se
762 1191 969 1236 instruunt,
992 1197 1032 1230 ut
1049 1196 1281 1237 metuantur,
1304 1191 1349 1229 iis
1367 1189 1461 1228 nihil
1478 1195 1569 1241 pot-

148 1251 207 1284 est
228 1259 314 1285 esse
335 1246 565 1285 dementius.
610 1247 794 1293 Quamvis
824 1247 926 1285 enim
950 1246 1028 1285 sint
1056 1248 1253 1286 demersae
1283 1247 1384 1297 leges
1406 1245 1567 1285 alieuius

149 1371 336 1413 quempiam
362 1370 518 1412 dmg-unt.
556 1370 620 1401 Das
639 1371 820 1409 vorherge-

894 1372 1058 1414 spe'cz'nms
1075 1371 1206 1402 le'turas.
1242 1370 1311 1401 Aus
1329 1371 1388 1401 der
1406 1370 1569 1411 Conjunr·

150 1414 253 1445 hende
289 1418 365 1455 aut,
396 1415 458 1446 wie
493 1416 544 1446 die
576 1415 673 1446 lldss.
703 1415 820 1454 haben,

897 1417 964 1447 tion
984 1416 1067 1447 wird
1081 1416 1132 1447 ein
1147 1415 1349 1447 Adverbium
1363 1425 1427 1446 von
1441 1416 1500 1446 der
1509 1415 1569 1446 Be—

149 1464 275 1491 musste
284 1460 396 1491 darum
407 1460 437 1490 in
448 1463 481 1491 et
489 1461 669 1492 veriindert
679 1460 823 1491 werden.

196 1504 357 1541 videmus.
392 1505 457 1537 Cic.
476 1505 578 1537 meint
595 1506 661 1536 wol
679 1505 823 1545 vorziig-

151 1549 213 1580 lieh
237 1549 416 1591 Antonius,
447 1551 507 1581 der
535 1550 587 1581 die
618 1550 821 1590 ehemaligen

150 1594 309 1626 Soldaten
343 1596 485 1627 Caesars
518 1596 619 1627 durch
654 1595 737 1627 Geld
770 1595 824 1626 fiir

150 1640 217 1671 sich
237 1651 278 1671 zu
295 1641 469 1680 gewinnen
488 1645 625 1680 wusste‚
644 1640 724 1672 aber
741 1641 822 1672 auch

149 1684 266 1724 Lente,
285 1686 348 1716 wie
367 1685 501 1716 Clodius
520 1686 582 1717 und
603 1685 692 1726 Milo,
711 1685 762 1717 die
782 1685 823 1716 im
848 1721 851 1723 ⁴

148 1728 315 1761 Interesse
340 1731 431 1762 ihrer
452 1730 563 1762 Partei
589 1730 823 1763 Gladiatoren-

148 1774 274 1806 handen
294 1775 427 1807 hielten.

194 1813 234 1851 ’7.
254 1820 306 1851 23.
330 1820 433 1859 (luem
450 1824 616 1852 metuunt.
642 1820 823 1863 Dem'l'hy-

149 1868 240 1895 estes
259 1865 317 1896 des
336 1865 462 1897 Ennius
487 1866 555 1906 legt
574 1866 699 1897 Vahlen
726 1866 823 1897 Ennii

149 1913 234 1949 trag.
265 1920 296 1940 v.
316 1910 380 1940 403
411 1911 523 1942 diesen
554 1910 640 1942 Vers
671 1911 734 1941 wol
765 1911 823 1941 mit

150 1953 254 1986 Recht
271 1954 332 1985 bei.
384 1955 458 1995 vgl.
484 1956 536 1986 die
560 1956 823 1997 entsprerhende

150 1999 306 2039 Sentenz,
318 1999 369 2030 die
385 1999 404 2040 l,
415 1999 468 2039 28,
479 2000 519 2030 97
535 2000 714 2041 angefiihrt
727 2000 822 2031 wird.

194 2044 381 2076 multorum
398 2045 482 2077 odiis
500 2064 544 2068 ——
567 2056 676 2089 nuper
694 2048 744 2076 est
768 2056 822 2076 ro-

146 2091 293 2131 gm‘tnm.
335 2090 378 2120 So
403 2095 477 2130 sagt
502 2089 567 2121 Cic.
598 2101 671 2121 vom
702 2091 823 2122 §tand-

148 2139 268 2176 punete
287 2135 397 2166 seiner
411 2135 537 2173 l'artei,
566 2135 722 2167 wiihrend
740 2136 823 2167 doeh

150 2179 201 2210 die
242 2180 451 2221 Ermordung
483 2180 624 2212 Caesars
664 2191 726 2212 nur
765 2181 823 2212 das

151 2224 261 2256 Werk
276 2225 433 2265 weniger,
452 2225 595 2257 zumeist
609 2236 671 2257 von
687 2227 824 2268 persb'n-

149 2269 256 2301 lichen
281 2269 428 2301 Motiven
454 2270 661 2302 bestimmter
686 2270 825 2302 liliinner

149 2324 235 2354 war,
266 2316 330 2346 und
355 2315 407 2346 die
431 2314 606 2355 folgenden
630 2315 823 2356 Ereignisse

150 2359 293 2400 zeigten,
305 2361 367 2391 wie
377 2360 435 2391 das
444 2360 531 2392 Volk
541 2361 685 2392 dnriiber
694 2361 822 2392 dachte.

149 2404 182 2435 S.
204 2403 255 2445 ΙΙΙ,
275 2404 306 2443 4,
328 2405 378 2436 19.

195 2459 271 2481 cum.
287 2451 438 2482 mammio
463 2450 621 2482 bedentet
639 2452 823 2493 urspriing-

150 2494 212 2525 lich
238 2495 390 2534 gerade
415 2496 536 2535 dann,
561 2506 699 2534 wann3
725 2496 747 2536 Ι,
771 2496 820 2536 13,

149 2538 203 2569 41.
238 2539 335 2571 Verr.
355 2539 392 2579 ΙΙ,
412 2541 463 2579 76,
483 2540 544 2572 178
563 2551 638 2573 eum
654 2541 734 2573 haec
751 2552 822 2573 ma-

148 2585 241 2615 mc'me
268 2595 506 2627 cognoscerem
533 2604 576 2609 —
600 2589 736 2629 repente
763 2587 822 2619 ad-

896 1461 1042 1501 (leutung
1065 1462 1126 1492 lzoe
1150 1463 1301 1492 maa-inm
1320 1463 1482 1503 tempore,
1513 1460 1570 1491 das

897 1507 941 1537 ist
959 1507 1130 1537 entweder
1146 1507 1187 1537 im
1202 1506 1379 1545 Vergleich
1397 1505 1455 1537 mit
1471 1505 1572 1536 ande-

898 1562 956 1582 ren
982 1550 1098 1582 Zeiten
1130 1551 1259 1592 ,jetzt
1283 1551 1392 1582 mehr
1414 1550 1476 1581 als
1496 1549 1568 1592 je‘,

898 1607 933 1627 so
952 1596 1024 1627 hier
1049 1597 1114 1628 und
1140 1607 1198 1638 pro
1224 1596 1353 1627 Cluent.
1373 1596 1401 1636 5,
1423 1594 1462 1626 12
1488 1606 1572 1638 qnae

898 1641 1021 1673 ”mltos
1038 1643 1109 1673 iam
1126 1652 1233 1673 annos
1252 1644 1284 1673 et
1299 1651 1387 1673 neme
1404 1650 1481 1672 omn
1498 1651 1570 1672 ma-

895 1686 1113 1728 ‚rimefilz'nm
1128 1688 1242 1729 interf
1239 1689 1347 1719 ectum
1363 1688 1475 1730 epuli,-
1492 1687 1572 1718 oder

897 1743 936 1772 ‚g
945 1742 961 1763 e
972 1742 1012 1762 ra
1023 1732 1040 1762 d
1051 1743 1068 1763 e
1079 1732 1094 1773 j
1104 1742 1121 1762 e
1132 1737 1170 1764 tz
1182 1737 1194 1764 t
1204 1736 1223 1771 ⁸,
1240 1730 1506 1771 ve1·1·.lx=‘‚38,82
1516 1733 1574 1773 qui

898 1787 972 1809 cum
991 1787 1046 1808 res
1063 1779 1234 1809 nea-rimas
1255 1778 1422 1819 gessen-il,
1453 1787 1573 1808 monu-

896 1824 1075 1864 mentaque
1088 1833 1233 1854 suarum.
1247 1833 1361 1854 rernm
1377 1824 1571 1854 camma-ri-

896 1878 950 1898 me
967 1869 1164 1899 conalitmd.
1197 1886 1241 1890 —-
1274 1867 1437 1899 Antonius
1462 1871 1570 1899 setzte

898 1912 947 1943 bei
966 1913 1038 1943 dem
1056 1913 1176 1944 Senate
1195 1913 1307 1950 durch,
1326 1913 1402 1944 dass
1419 1912 1486 1944 alle
1501 1912 1571 1943 An-

899 1957 1090 1997 ordnungen
1107 1958 1260 1996 Caesars,
1282 1957 1387 1988 sowol
1402 1957 1453 1988 die
1471 1958 1570 1988 sehon

898 2001 1197 2041 veriill'entlirhtem
1216 2002 1265 2033 als
1285 2002 1336 2033 die
1355 2002 1422 2033 sich
1438 2002 1519 2033 noch
1539 2002 1570 2033 in

898 2046 1182 2088 seint-nl’apieren
1200 2047 1462 2087 lindenuiirden,
1480 2047 1570 2078 volle

899 2091 1085 2132 Giiltigkeit
1114 2092 1216 2123 haben
1247 2091 1386 2131 sollten,
1421 2092 1485 2123 und
1515 2092 1571 2123 be-

899 2141 1013 2168 nutzte
1032 2137 1112 2177 (lies,
1130 2137 1217 2168 viele
1236 2137 1351 2177 eigene
1370 2136 1503 2168 Besehle
1520 2137 1570 2168 als

897 2185 972 2213 aeta
997 2182 1152 2214 Caesaris
1176 2182 1487 2214 unterzuschieben.
1523 2182 1570 2221 (S.

898 2227 998 2259 Peter
1031 2229 1113 2259 rb’m.
1148 2226 1267 2259 (ieseh.
1302 2226 1342 2268 ll,
1371 2227 1446 2258 407.
1478 2227 1568 2267 412.)

900 2273 1019 2304 Darum
1038 2273 1122 2304 wird
1138 2273 1220 2304 auch
1240 2271 1270 2314 ξ.
1282 2271 1324 2303 84
1343 2272 1468 2304 Caesar
1483 2283 1571 2303 mmo

896 2320 1004 2349 vietor
1020 2322 1175 2358 genannt.
1441 2350 1446 2355 ,

940 2365 1114 2395 interilum
1135 2363 1254 2394 talem:
1273 2362 1411 2393 n'a'mlich
1431 2362 1491 2393 den
1503 2362 1569 2395 Un-

896 2413 1035 2448 ter-gang
1074 2408 1175 2439 durch
1209 2408 1267 2439 das
1307 2407 1386 2439 nach
1422 2406 1570 2439 Freiheit

896 2452 1073 2484 strebende
1093 2452 1189 2484 Volk.

939 2494 1166 2536 diuturnitas,
1185 2497 1372 2529 dauernder
1390 2497 1518 2536 Besitz3
1538 2498 1568 2529 in

896 2542 981 2574 Rull.
1001 2541 1052 2580 ΙΙΙ,
1069 2542 1098 2581 2,
1118 2541 1156 2573 10
1173 2543 1254 2584 agri
1266 2561 1310 2565 —
1326 2553 1418 2586 spem
1436 2541 1571 2575 diutur-

896 2588 1015 2620 nitatis
1033 2588 1218 2630 attingunt.
