1684 2819
629 171 708 204 [ΑΒ.
725 171 750 204 1.
787 172 879 204 CAP.
898 171 951 204 39.
970 172 1023 204 4ο.
1476 175 1527 215 89

124 282 250 316 ventu.
293 276 468 322 Quorum
495 274 650 313 tandem
675 273 902 313 bonorum?
942 274 1205 325 voluptatum,
1227 275 1361 321 credo3
1387 288 1528 328 nempe

124 334 168 372 ad
198 343 341 382 corpus
368 331 661 382 pertinentium:
689 331 832 369 nullam
860 331 962 369 enim
989 331 1150 370 novistis
1178 331 1253 370 nisi
1274 332 1485 382 profectam
1508 346 1528 371 a

123 400 286 439 corpore
307 393 343 426 et
363 387 586 426 redeuntem
608 387 652 425 ad
677 400 818 438 corpus
836 387 952 425 animi
969 388 1217 438 voluptatem.
1259 388 1346 426 Non
1362 388 1528 427 arbitror

120 450 175 491 te,
200 444 329 490 Vellei,
352 443 517 482 similem
540 456 624 482 esse
644 443 924 494 Epicureorum
948 443 1202 494 reliquorum,
1231 457 1329 494 quos
1351 456 1430 483 non
1453 457 1527 495 pu-

121 501 207 539 deat
235 500 477 550 quarundam
505 500 661 550 Epicuri
688 512 844 546 vocum,
877 499 1017 550 quihus
1046 500 1107 538 ille
1135 505 1297 538 testatur
1324 513 1365 538 se
1391 513 1440 539 ne
1466 501 1527 539 in-

119 557 289 607 telligere
310 556 464 607 quidem
485 556 605 594 ullum
628 555 795 602 honum,
826 555 929 606 quod
952 556 1001 593 sit
1023 556 1240 594 seiunctum
1262 569 1282 595 a
1304 556 1470 595 delicatis
1492 562 1530 595 et

121 612 300 651 obscenis
328 613 606 663 voluptatibus:
635 624 728 661 quas
758 611 910 661 quidem
931 623 1011 648 non
1033 612 1263 650 erubescens
1285 613 1529 665 persequitur

121 681 257 707 omnes
290 669 531 707 nominatim.
588 668 711 714 Quem
740 667 868 705 cibum
896 666 1012 716 igitur
1039 674 1103 705 aut
1131 681 1224 718 quas
1253 669 1435 719 potiones
1463 674 1527 708 aut

121 737 215 776 quas
236 737 375 763 vocum
397 731 462 762 aut
484 724 658 762 colorum
680 723 878 761 varietates
901 729 966 761 aut
987 736 1085 773 quos
1105 728 1241 770 tactus,
1263 737 1362 775 quos
1386 726 1527 764 odores

120 781 317 819 adhibebis
345 780 390 818 ad
420 780 531 825 deos,
562 784 604 817 ut
630 791 697 817 eos
727 779 936 829 perfundas
964 778 1256 830 voluptatibus?
1312 782 1365 819 Ac
1392 786 1528 831 poetae

120 837 273 887 quidem
300 841 433 874 nectar
459 835 771 885 ambrosiamque
798 835 929 886 epulas
959 841 1187 886 comparant
1210 842 1247 874 et
1267 842 1330 875 aut
1352 837 1529 876 Iuventa*

118 898 196 931 tem
225 898 286 930 aut
315 892 578 942 Ganymedem
606 892 747 942 pocula
776 892 1079 938 ministrantenn
1106 897 1147 930 tu
1174 898 1320 938 autem,
1348 893 1527 944 Epicure,

119 948 210 999 quid
233 946 378 986 facies?
420 948 552 998 Neque
573 947 686 993 enim,
708 948 808 986 unde
830 948 966 987 habeat
988 948 1059 986 ista
1077 948 1171 987 deus
1188 954 1290 995 tuus,
1311 948 1435 995 video,
1458 961 1530 988 nec

119 1005 317 1055 quomodo
347 1010 487 1042 utatur.
529 1003 775 1054 Locupletior
804 1004 918 1054 igitur
946 1004 1149 1043 hominum
1177 1011 1315 1044 natura
1345 1006 1391 1044 ad
1419 1005 1528 1044 beate

118 1061 323 1099 vivendum
351 1066 426 1105 est,
457 1073 573 1111 quam
603 1060 787 1107 deorum,
818 1061 922 1112 quod
950 1061 1123 1111 pluribus
1152 1062 1359 1111 generibus
1388 1062 1528 1100 fruitur

117 1117 370 1168 voluptatum.
411 1116 459 1155 At
486 1118 557 1155 has
580 1117 740 1155 leviores
763 1117 857 1155 dicis
878 1117 1114 1167 voluptates,
1142 1119 1281 1168 quibus
1305 1118 1412 1169 quasi
1434 1118 1525 1156 titil-

116 1174 205 1212 latio
229 1173 401 1223 (Epicuri
422 1173 523 1211 enim
546 1174 621 1211 hoc
642 1173 801 1211 verbum
823 1175 897 1219 est)
917 1173 1118 1212 adhibetur
1133 1175 1326 1212 sensibus.
1369 1174 1528 1220 Quous—

119 1243 192 1280 que
213 1227 343 1267 ludis‘?
384 1229 480 1267 Nam
503 1229 620 1267 etiam
644 1229 752 1267 Philo
775 1236 910 1267 noster
932 1231 1031 1267 serre
1048 1242 1128 1268 non
1146 1236 1308 1281 poterat,
1329 1231 1528 1280 aspernari

116 1286 330 1335 Epicureos
360 1285 494 1323 molles
517 1291 553 1323 et
574 1285 754 1324 delicatas
776 1286 1010 1336 voluptates:
1041 1299 1190 1325 summa
1214 1286 1316 1325 enim
1339 1287 1527 1325 memoria

116 1341 391 1393 pronuntiabat
413 1341 596 1391 plurimas
619 1342 775 1392 Epicuri
796 1342 1004 1381 sententias
1026 1342 1086 1380 his
1108 1343 1203 1392 ipsis
1221 1343 1359 1389 verbis⁷
1386 1343 1526 1394 quibus

166 1464 238 1494 111.
254 1476 336 1506 quos
345 1475 409 1496 non
422 1464 559 1507 pudeat.
578 1465 637 1496 Die
647 1465 784 1496 Hdschr.

117 1509 227 1539 lassen
244 1509 294 1540 die
308 1509 472 1549 Negation
486 1520 569 1550 weg,
584 1520 619 1540 so
635 1511 711 1540 dass
727 1510 787 1540 der

118 1553 197 1583 Sinn
233 1554 302 1584 sein
336 1554 466 1585 wiirde:
505 1554 576 1584 Die
610 1554 783 1594 iibrigen

117 1597 351 1639 Epikureer
366 1599 555 1629 schamen
573 1599 657 1629 sich
673 1599 784 1629 ihres

115 1643 331 1674 Meisters:
374 1643 421 1673 du
461 1643 590 1674 allein
633 1644 785 1674 theilst

115 1688 231 1718 diese
257 1687 394 1718 Scham
419 1688 541 1719 nicht.
577 1687 656 1719 wie
675 1689 784 1719 wahr-

114 1733 291 1763 scheinlich
324 1733 375 1763 ein
410 1733 538 1763 solches
569 1733 784 1774 Coinpliment

114 1787 218 1817 gegen
240 1777 388 1809 Velleius
414 1778 454 1808 im
473 1777 591 1808 Munde
610 1779 667 1809 des
685 1778 781 1809 Cotta

114 1822 173 1862 sei,
193 1821 310 1853 bedarf
323 1822 439 1853 keiner
456 1822 675 1863 Eriirterung.

154 1868 369 1909 persequitur
386 1878 501 1898 onmes
518 1870 731 1909 nominatt'm,
750 1878 778 1898 z.

111 1912 147 1942 B.
164 1912 194 1942 in
211 1912 270 1942 der
285 1912 376 1943 Schr.
394 1912 476 1953 περὶ
495 1912 628 1949 τέλους,
647 1923 780 1943 woraus

111 1957 184 1987 eine
215 1957 320 1988 Stelle
349 1967 412 1987 von
441 1956 631 1988 Athenaeus
664 1957 722 1989 Vll
750 1968 779 1999 p.

110 2001 175 2032 280
195 2002 223 2033 A
247 2002 432 2043 excerpirt,
456 2012 520 2032 von
546 2002 660 2033 Cicero
679 2002 778 2033 Tusc.

108 2045 160 2086 Ill,
182 2046 231 2087 18,
249 2047 287 2077 41
310 2047 483 2078 iibersetzt
508 2047 566 2078 ist:
597 2047 665 2080 Nee
687 2048 779 2089 equi-

110 2091 185 2123 dem
208 2092 310 2124 liabeo
338 2092 427 2133 quod
447 2092 636 2133 intelligam
656 2094 778 2124 bonum

107 2136 198 2177 illad,
217 2137 396 2168 detrahens
409 2148 467 2168 eas
482 2137 678 2180 voluptates,
697 2148 781 2179 qaae

109 2192 231 2224 sapore
245 2184 495 2225 percipiuntur,
513 2182 695 2214 detrahens
713 2194 778 2223 eas,

110 2237 194 2269 quae
210 2227 328 2258 audita
352 2230 385 2258 et
406 2229 572 2267 cantibus,
598 2227 779 2259 detrahens

110 2283 167 2303 eas
197 2274 306 2313 etiam,
335 2282 418 2314 qaae
447 2283 491 2303 ea·
507 2273 643 2313 formis
670 2274 779 2315 perci-

106 2318 250 2359 piantur
264 2317 377 2352 oculis,
392 2327 513 2348 suaves
525 2320 702 2354 motiones,
714 2320 780 2348 sive

110 2372 194 2402 quae
209 2362 293 2393 aliae
310 2362 498 2404 voluptates
514 2363 546 2392 in
566 2365 635 2394 toto
649 2363 781 2393 homine

108 2408 301 2447 gignuntur
318 2408 464 2449 quolibet
479 2418 590 2439 sensa.
622 2407 710 2438 Doch
725 2408 779 2439 hat

111 2451 225 2482 Cicero
245 2452 275 2482 in
291 2453 350 2483 der
364 2452 686 2493 Uebe1·s.tlasjenige
701 2463 777 2483 aus—

112 2495 280 2536 gelassen,
305 2497 437 2528 worauf
451 2498 517 2528 sich
537 2499 596 2529 der
615 2497 685 2527 hier
701 2508 777 2528 aus-

112 2542 334 2581 gesprochene
344 2541 447 2574 Tadel
462 2544 612 2574 obscenis
626 2552 708 2582 ganz
719 2542 775 2573 be-

114 2585 251 2616 souders
276 2586 421 2629 bezieht,
452 2584 515 2623 τὰς
541 2584 591 2619 ‹51‘
614 2583 775 2632 ἀφροδι-

859 1467 951 1497 σίων
970 1462 1124 1506 ἡδο]’άς.·
1146 1476 1230 1507 quae
1252 1467 1284 1496 si
1304 1466 1449 1508 appelles
1465 1467 1525 1498 lto—

856 1522 919 1543 7108
934 1510 1149 1553 praefandus
1164 1512 1220 1551 sit,
1239 1515 1313 1550 sagt
1325 1520 1363 1541 er
1377 1511 1415 1542 de
1431 1511 1525 1543 Finn.

857 1554 894 1595 ΙΙ,
917 1556 964 1596 10,
985 1555 1038 1586 29.

906 1599 979 1630 113.
997 1602 1059 1630 At
1084 1600 1147 1631 lias
1176 1599 1315 1631 leviores
1343 1599 1438 1632 ducis
1460 1619 1525 1632 ——.

856 1644 916 1675 Ein
936 1644 1099 1685 Einwurf,
1122 1645 1183 1675 den
1208 1644 1305 1676 Cotta
1329 1645 1396 1676 sich
1421 1645 1526 1677 selbst

857 1700 897 1720 zu
916 1688 1064 1720 Gunsten
1084 1689 1225 1731 Epikurs
1243 1690 1364 1730 macht,
1392 1701 1444 1721 uin
1469 1691 1523 1721 ihn

856 1735 939 1765 dann
960 1735 1104 1774 sogleich
1124 1745 1164 1764 zu
1182 1735 1402 1774 widerlegen3
1423 1735 1523 1766 eben-

856 1789 892 1809 so
912 1779 973 1809 wie
993 1790 1020 1810 c.
1040 1779 1077 1809 41
1107 1779 1150 1809 in.
1184 1781 1235 1810 At
1256 1779 1371 1810 dolore
1393 1783 1523 1811 vacant.

854 1842 899 1846 —
922 1823 1006 1854 Dass
1030 1823 1157 1865 Epikur
1182 1824 1212 1854 in
1237 1824 1348 1855 seinen
1374 1824 1524 1855 Aeusse-

854 1878 980 1909 rungen
1004 1869 1087 1899 iiber
1106 1869 1157 1899 die
1181 1868 1263 1899 Lust
1292 1870 1381 1901 nicht
1404 1880 1522 1901 consc-

854 1917 953 1954 quent
970 1923 1125 1953 gewesen
1144 1914 1206 1954 sei,
1229 1914 1293 1944 und
1312 1915 1469 1945 wilhrend
1487 1926 1524 1946 er

852 1968 892 1988 an
912 1958 1020 1989 vielen
1039 1958 1166 1989 Stellen
1186 1969 1246 1989 nur
1263 1959 1314 1989 die
1330 1959 1524 1991 Sinnenlust

852 2003 902 2033 als
921 2003 978 2033 das
1002 2004 1139 2034 hochste
1158 2003 1225 2035 Gut
1248 2004 1439 2046 dai-stellte,
1463 2015 1522 2036 an-

853 2048 983 2079 ders-wo
1010 2049 1155 2088 dagegen
1175 2049 1264 2080 diese
1290 2049 1523 2089 herabgesetzt

853 2093 917 2123 und
936 2093 1076 2133 geistige
1096 2093 1247 2124 Geniisse
1267 2095 1369 2124 h'oher
1385 2095 1523 2133 gestellt

853 2138 945 2177 habe,
965 2139 1046 2168 wird
1065 2139 1128 2168 ihm
1144 2138 1191 2169 ost
1205 2139 1419 2178 vorgeriiekt.
1445 2138 1520 2179 Vgl.

852 2182 951 2214 Tusc.
970 2182 1020 2222 ΙΙΙ,
1040 2182 1092 2222 20,
1113 2183 1164 2213 46.
1200 2183 1264 2214 Das
1292 2182 1370 2222 solg.
1397 2194 1520 2225 quous—

852 2239 914 2269 que
937 2227 1042 2258 ludis?
1072 2228 1187 2259 ‹leutet
1208 2238 1265 2267 an,
1296 2229 1372 2258 (lass
1396 2238 1432 2260 es
1457 2229 1520 2259 ihm

852 2273 953 2304 damit
982 2273 1063 2303 (loch
1085 2272 1181 2303 kaum
1206 2274 1298 2304 recht
1323 2273 1427 2305 Ernst
1449 2274 1520 2305 sein

853 2318 973 2348 kiinne.

899 2362 1053 2394 titillatio.
1084 2363 1142 2404 Ep.
1159 2368 1251 2402 sagte
1266 2360 1520 2408 γαργαλισμός

852 2408 914 2439 und
939 2408 1182 2451 γαργαλίζειν.
1217 2407 1334 2439 Athen.
1354 2407 1434 2445 ΧΠ,
1454 2409 1518 2440 546

852 2452 889 2483 E.
923 2452 1009 2484 Plut.
1034 2464 1097 2483 non
1128 2463 1225 2494 posse
1250 2463 1341 2483 suav.
1366 2454 1435 2485 vivi
1454 2464 1480 2484 c.
1500 2453 1518 2484 3

851 2508 881 2528 u.
902 2498 961 2528 Aa.
996 2497 1128 2539 Cicero,
1157 2508 1207 2528 xxo
1239 2508 1275 2528 er
1304 2503 1398 2529 sonst
1423 2498 1519 2530 dal'iir

852 2543 991 2574 titillare
1013 2544 1076 2573 und
1097 2543 1243 2575 titillatio
1261 2548 1335 2583 sagt
1354 2543 1404 2582 (de
1422 2543 1517 2574 Finn.

850 2587 873 2628 Ι,
907 2588 956 2629 11,
987 2587 1038 2619 39.
1073 2587 1207 2620 Tuscul.
1238 2587 1289 2629 ΙΙΙ,
1321 2588 1373 2629 20,
1398 2588 1449 2630 47,
1479 2589 1518 2619 de

1556 675 1619 708 112

1557 1123 1619 1155 113
