1684 2819
501 167 659 199 LIBER
685 167 738 199 ΙΙΙ.
767 168 820 209 23,
843 169 897 200 55.
918 170 971 201 56.
995 170 1050 200 57.
1404 170 1483 210 145

73 282 226 322 Sensim
251 281 352 322 enim
377 288 416 320 et
439 281 674 333 pedetentim
698 282 954 335 progrediens
977 289 1218 323 extenuatur
1240 283 1375 332 dolor3
1401 298 1480 324 non
1530 298 1533 300 ’

74 352 150 391 quo
173 338 256 391 ipsa
276 350 341 378 res
362 337 559 377 immutari
582 338 708 379 soleat
731 345 799 378 aut
820 339 967 391 possit,
1000 339 1066 378 sed
1090 339 1142 388 id,
1168 340 1266 392 quod
1291 341 1391 380 ratio
1414 341 1480 381 de-

73 395 225 443 buerat,
252 408 345 434 usus
369 395 497 444 docet,
523 395 675 435 minora
699 409 787 435 esse
809 408 870 443 ea,
897 409 995 448 quae
1018 396 1098 435 sint
1118 396 1205 436 visa
1227 397 1391 436 maiora.

176 450 273 501 Quid
297 463 392 504 ergo
416 466 511 504 opus
535 458 610 500 est,
636 452 739 491 dicet
760 451 915 504 aliquis,
942 451 1093 491 ratione
1116 459 1182 493 aut
1204 453 1362 493 omnino
1389 466 1480 494 con-
1498 454 1555 499 23

71 506 264 547 solatione
286 507 366 554 illa,
394 522 466 560 qua
490 508 660 548 solemus
684 509 756 559 uti,
782 523 898 561 quum
929 509 1064 548 levare
1095 509 1269 549 dolorem
1302 523 1481 551 maeren-
1504 520 1545 550 55

70 563 166 603 tium
189 563 399 605 volumus?
432 564 513 604 Hoc
536 565 638 604 enim
669 566 751 606 fere
781 572 859 604 tum
892 564 1078 605 habemus
1101 565 1141 604 in
1163 573 1358 619 promptu,
1383 566 1481 607 nihil

71 628 252 673 oportere
283 621 527 674 inopinatum
551 622 691 661 videri.
736 621 815 661 Aut.
837 621 902 673 qui
924 620 1169 661 tolerabilius
1202 623 1302 663 feret
1332 624 1482 663 incom-

70 677 243 726 modum,
270 677 334 729 qui
358 678 602 731 cognoverit,
638 690 802 717 necesse
834 690 922 717 esse
953 677 1099 716 homini
1130 678 1207 717 tale
1239 679 1385 731 aliquid
1417 694 1481 719 ac-

71 733 231 774 cidere?
267 734 372 774 Haec
404 735 504 773 enim
539 734 666 773 oratio
689 734 735 773 de
757 734 840 786 ipsa
862 747 1011 773 summa
1044 734 1133 773 mali
1165 734 1260 774 nihil
1291 736 1476 785 detrahit,

69 797 218 830 tantum
241 791 355 829 modo
374 790 501 838 affert,
522 789 619 829 nihil
637 790 833 837 evenisse,
855 790 953 842 quod
970 804 1045 829 non
1067 790 1302 842 opinandum
1322 792 1476 833 fuisset.

68 847 205 899 Neque
235 853 364 885 tamen
397 860 521 898 genus
543 847 580 886 id
603 847 794 887 orationis
824 847 865 886 in
887 846 1128 886 consolando
1159 861 1235 886 non
1259 848 1378 898 valet,
1412 849 1481 888 sed

69 902 169 942 haud
186 902 304 943 sciam
319 916 368 942 an
381 903 604 956 plurimum.
622 904 726 956 Ergo
739 903 812 943 ista
827 903 1057 957 necopinata
1076 917 1150 942 non
1171 903 1315 943 hahent
1332 911 1479 944 tantam

67 959 163 1008 vim,
188 965 229 1005 ut
245 959 456 1011 *aegritudo
481 959 602 1001 exiis
626 960 751 1000 omnis
784 960 960 1009 oriatur,
997 960 1141 999 feriunt
1172 960 1275 999 enim
1310 962 1498 1002 fortasse

67 1016 252 1069 gravius;
284 1030 362 1056 non
385 1016 421 1056 id
445 1016 631 1066 efficiunt,
656 1024 698 1057 ut
720 1030 780 1065 ea,
807 1030 906 1069 quae
928 1016 1121 1065 accidant,
1147 1017 1295 1057 maiora
1319 1018 1479 1058 videan-

68 1080 154 1121 tur,
180 1072 327 1113 maiora
349 1073 547 1124 videntur,
573 1074 660 1126 quia
682 1075 858 1114 recentia
879 1079 986 1122 sunt,
1013 1087 1091 1112 non
1115 1074 1202 1125 quia
1226 1075 1447 1127 repentina.

181 1129 337 1182 Duplex
359 1136 417 1169 est
447 1130 569 1183 igitur
590 1130 691 1170 ratio
713 1130 799 1170 veri
821 1130 1044 1184 reperiendi
1076 1144 1153 1170 non
1185 1131 1222 1170 in
1253 1132 1300 1170 iis
1332 1132 1474 1181 solum,
1499 1137 1541 1168 56

68 1199 166 1238 quae
198 1186 319 1234 mala,
354 1186 421 1226 scd
450 1186 490 1226 in
521 1187 568 1226 iis
601 1188 738 1234 etiam,
775 1201 875 1239 quae
905 1188 1006 1226 bona
1038 1187 1237 1227 videntur.
1281 1187 1380 1227 Nam
1413 1195 1480 1227 aut.

66 1242 188 1295 ipsius
210 1241 269 1282 rei
291 1250 430 1282 natura
453 1243 576 1294 qualis
599 1250 637 1282 et
660 1250 802 1296 quanta
826 1243 890 1292 sit,
914 1243 1154 1296 quaerimus,
1182 1251 1222 1282 ut
1244 1245 1289 1284 dc
1314 1258 1478 1298 pauper-

3 1296 5 1340 }
65 1304 145 1338 tate
176 1311 490 1351 nonnumquam,
527 1300 639 1339 cuius
672 1314 770 1341 onus
801 1300 1031 1353 disputando
1062 1300 1256 1350 levamus,
1291 1301 1477 1341 docentes

4 1356 8 1369 ¹
66 1368 179 1408 quam
202 1368 324 1408 parva
347 1362 385 1406 et
407 1369 521 1408 quam
546 1370 667 1409 pauca
691 1357 785 1407 sint,
812 1371 911 1410 quae
934 1363 1074 1396 natura
1103 1357 1324 1407 desideretg
1360 1365 1428 1397 aut
1456 1372 1478 1397 a

65 1411 286 1465 disputandi
317 1411 535 1453 subtilitate
566 1413 786 1453 orationem
820 1414 867 1453 ad
898 1413 1077 1466 exempla
1111 1414 1365 1454 traducimus.
1406 1414 1477 1453 Hic

65 1468 248 1508 Socrates
271 1476 615 1519 commemoratur,
648 1470 710 1510 hic
731 1471 947 1523 Diogenes,
975 1470 1036 1509 hic
1060 1469 1325 1510 Caecilianum
1353 1470 1473 1510 illud:

6 1560 9 1581 ¹,
209 1523 343 1579 Sae'pe
364 1533 424 1565 est
446 1527 568 1566 etiam
589 1526 664 1566 3sz
682 1526 859 1581 palliolo
880 1525 1050 1566 surdido
1074 1527 1297 1580 sapientia.

0 1589 9 1613 1¹-
65 1580 190 1631 Quum
222 1580 323 1620 enim
356 1582 598 1635 paupertatis
631 1597 708 1622 una
739 1583 954 1635 eademque
984 1582 1034 1622 sit
1062 1583 1144 1631 vis,
1181 1582 1365 1635 quidnam
1401 1582 1477 1622 (lici

64 1644 207 1690 potest,
232 1638 483 1688 quamobrem
506 1638 551 1677 C.
572 1638 753 1678 Fabricio
776 1638 992 1678 tolerabilis
1016 1652 1059 1678 ea
1084 1639 1214 1687 fuerit,
1240 1639 1307 1678 alii
1332 1646 1477 1692 negent

64 1707 107 1733 se
139 1694 243 1732 ferre
273 1694 417 1745 posse?
447 1694 544 1734 Huic
572 1695 693 1748 igitur
722 1694 838 1735 alteri
869 1694 1005 1748 generi
1035 1695 1174 1735 similis
1205 1703 1265 1736 est
1297 1709 1342 1735 ea
1372 1696 1474 1736 ratio
1498 1703 1539 1735 57

63 1749 315 1799 consolandi,
350 1763 448 1803 quae
479 1751 607 1802 docet,
641 1752 809 1792 humana
840 1765 944 1801 esse,
977 1765 1076 1803 quae
1107 1751 1340 1792 acciderint.
1385 1753 1474 1792 Non

109 1874 177 1913 23.
215 1879 269 1909 55.
306 1881 447 1910 ratione
481 1879 734 1920 „Aufziihlung

62 1934 124 1954 von
144 1922 509 1964 Vernunftgriindeu“.

804 1882 922 1922 opinio
937 1883 1063 1921 magni
1075 1881 1163 1911 male?
1175 1884 1378 1921 praesentis
1391 1881 1424 1923 (ξ
1435 1881 1477 1912 25

802 1936 835 1957 u.
859 1926 917 1968 75)
938 1926 993 1963 ist,
1013 1926 1172 1957 wiihrend
1202 1937 1239 1958 er
1260 1927 1312 1967 13,
1334 1926 1397 1967 283
1423 1927 1476 1967 14,

110 1980 343 2020 tolerabilius,
366 1980 437 2012 hier
451 1982 553 2022 aetiv,
572 1981 626 2013 ffir
644 1983 733 2014 tole-

62 2027 223 2066 rantz’us;
254 2026 317 2056 wie
348 2026 387 2057 de
413 2026 469 2057 fin.
497 2026 554 2059 111.
584 2028 638 2068 13,
665 2029 730 2060 42:

61 2073 95 2101 si
111 2070 248 2102 dolores
267 2071 404 2102 eosdem
424 2072 645 2104 tolerabilius
665 2085 733 2116 pa,-

63 2118 216 2147 tz'zmtur.
253 2114 296 2147 So
315 2116 464 2149 kominen
484 2118 568 2149 auch
598 2120 733 2150 amabi-

61 2161 117 2201 lis,
139 2162 358 2193 insatiabilis
377 2173 408 2193 u.
431 2163 554 2195 andere
573 2164 653 2205 Adj.
673 2164 736 2196 auf

63 2206 188 2238 ——bz'le's
206 2217 279 2238 vor.

106 2264 215 2304 affert
228 2278 274 2288 =
292 2263 389 2304 diez‘t,
407 2264 471 2295 wie
491 2263 516 2296 Ι.
537 2264 593 2303 29,
611 2266 666 2297 70.

106 2319 203 2351 haud
218 2322 328 2351 sciam
346 2330 413 2360 an,
435 2321 526 2352 nicht
545 2321 651 2353 selten
676 2322 729 2353 bei

61 2362 192 2404 Cicero,
229 2365 311 2397 noch
342 2365 604 2398 bescheidenere
632 2366 729 2399 For-m

62 2408 120 2440 der
138 2410 312 2451 Bejahung
336 2411 387 2442 als
412 2412 509 2443 haud
534 2414 605 2444 scio
631 2423 689 2445 an.

107 2468 187 2505 quia
201 2470 355 2499 recentia
372 2471 468 2508 sunt,
486 2478 554 2500 non
571 2472 658 2510 quia
676 2480 731 2501 re-

14 2506 18 2550 ’,
56 2512 217 2549 pentina.
250 2511 320 2543 Cic.
343 2513 386 2544 ist
405 2513 496 2545 nieht
514 2520 727 2556 consequent.

15 2559 18 2585 1
60 2553 108 2584 Er
134 2553 217 2595 folgt
242 2557 315 2588 hier
340 2558 398 2589 der
417 2558 584 2590 stoischen
605 2559 727 2600 Lehre,

7 2621 19 2652 ,ἱ
61 2599 143 2630 nach
160 2601 219 2631 der
231 2601 284 2633 die
297 2604 486 2645 aegritudo
505 2605 558 2636 die
578 2614 729 2637 recens

149 2659 207 2688 Cic.
221 2661 340 2690 Tuscul.

804 1972 865 2012 303
887 1972 941 2011 22,
964 1972 1005 2002 52
1033 1972 1115 2002 nach
1144 1972 1204 2003 der
1229 1973 1478 2004 herrschendeu

801 2016 942 2049 Ansicht
957 2027 1195 2057 angenommen
1212 2018 1316 2057 hatte,
1330 2018 1408 2049 dass
1423 2018 1477 2049 ein

803 2073 821 2093 u
837 2074 854 2094 n
869 2073 885 2093 e
899 2072 984 2093 rwa
997 2067 1060 2094 rte
1073 2067 1110 2093 te
1122 2073 1136 2093 s
1153 2061 1256 2094 Uebel
1275 2064 1325 2094 als
1344 2064 1478 2095 solches

802 2109 939 2149 gro'sser
959 2108 1147 2139 erscheine.
1440 2119 1452 2127 ·’

849 2153 904 2185 56.
935 2153 1176 2184 Caecilianum
1207 2153 1308 2184 illud.
1346 2153 1477 2185 Statius

802 2197 952 2229 C‘zicilius
966 2198 1119 2238 Insuber,
1137 2198 1221 2229 nach
1238 2198 1325 2230 Gelt.
1339 2198 1415 2230 XV.
1433 2199 1477 2230 24

802 2244 861 2275 der
887 2243 980 2274 beste
1010 2243 1175 2274 romische
1198 2241 1370 2283 Homiker,
1402 2244 1478 2276 faint

802 2289 862 2320 der
873 2288 951 2320 Zeit
966 2288 1048 2319 nach
1068 2288 1236 2320 zwischen
1252 2288 1393 2321 Plautus
1410 2290 1476 2321 und

800 2333 955 2374 Terenz3
984 2344 1022 2365 er
1040 2334 1132 2365 starb
1155 2333 1231 2365 168.
1418 2340 1421 2343 ⁴

849 2380 885 2411 C.
907 2379 1092 2411 Fabricius
1111 2379 1286 2410 Luscitms
1311 2380 1392 2411 wies
1419 2380 1475 2410 be-

800 2424 971 2456 kanntlich
991 2424 1050 2456 das
1070 2423 1154 2456 Gold
1174 2424 1232 2456 des
1247 2424 1395 2467 Pyrrhus
1415 2425 1473 2455 mit

799 2469 1018 2511 Verachtung
1043 2470 1181 2501 zuriick.

845 2516 900 2546 57.
930 2516 1020 2547 Huic
1044 2516 1153 2547 alleri
1176 2517 1301 2556 generi
1325 2513 1472 2553 „Weise

800 2570 842 2591 zu
868 2560 1070 2601 belehren“‚
1100 2560 1243 2591 n'amlieh
1272 2559 1373 2590 durch
1400 2558 1474 2590 Bei-

800 2605 918 2647 spiele.

1218 2667 1266 2700 10
