1684 2819
170 132 222 171 24
657 128 819 162 LIBER
839 128 940 170 1.15‚
962 128 1017 160 34.
1039 128 1094 161 35.

169 239 364 302 mentibus
383 238 497 302 quasi
520 237 740 278 seculorum
764 238 956 291 quoddam
977 237 1184 292 augurium
1204 238 1441 286 futurorum,
1464 236 1582 290 idque

169 298 210 336 in
231 294 415 336 maximis
436 294 606 349 ingeniis
629 293 912 347 altissimisque
933 295 1072 336 animis
1103 301 1141 335 et
1163 294 1326 336 exsistit
1346 294 1520 334 maxime
1542 300 1584 333 et

170 359 332 417 apparet
355 351 553 391 facillime.
599 350 684 400 Quo
707 350 862 403 quidem
884 352 1057 406 dempto,
1090 351 1176 404 quis
1199 358 1278 392 tam
1301 358 1407 392 esset
1427 363 1580 399 amens,

170 409 235 464 qui
257 421 414 462 semper
435 408 474 447 in
498 405 698 447 laboribus
721 413 760 446 et
780 406 967 460 periculis
988 408 1171 448 viveret?

106 486 149 518 34
280 478 311 517 Ι
296 489 441 528 ,oquor
462 475 508 515 de
532 473 798 529 principibu83
834 474 924 527 quid
954 475 1122 529 poetae?
1153 468 1283 515 nonne
1306 483 1393 529 post
1414 481 1580 515 mor-tem

169 533 370 575 nobilitari
391 532 563 572 volunt?
594 532 696 572 unde
718 544 814 584 ergo
837 531 958 572 illud:

360 599 599 653 Adspicice,
626 616 647 640 o
672 602 794 649 cives,
819 602 932 641 senis
954 599 1069 640 Enni
1087 601 1286 655 imaginis
1294 600 1501 653 sormam.

420 656 502 697 Hic
524 664 704 697 vostrum
723 658 882 711 pam-it
901 655 1240 710 maoeumasacta
1255 662 1426 711 patrum
1443 658 1530 696 ——?

167 722 391 765 Mercedem
412 724 565 778 gloriae
588 724 741 778 flagitat
761 724 808 764 ab
830 724 901 774 iis,
936 739 1102 778 quorum
1136 732 1265 779 patres
1293 723 1482 764 affecerat
1502 723 1586 777 glo-

171 781 254 832 ria,
287 781 496 834 idemque:

365 844 496 890 Nemo
518 863 578 889 me
602 849 797 889 lacrumis
819 849 984 889 decoret
1003 850 1249 904 necfimera
1258 848 1374 903 stetu

420 906 567 947 Facit.
616 905 734 946 Cur?
763 906 887 946 volito
909 908 1023 946 vivus
1038 920 1117 960 per
1138 920 1214 945 ora
1236 907 1381 945 virum.

169 974 245 1015 Sed
269 974 361 1027 quid
384 974 547 1027 poetas?
579 973 747 1027 Opifices
770 980 858 1027 post
880 981 1046 1014 mortem
1071 972 1271 1013 nobilitari
1293 973 1444 1013 volunt.
1488 972 1584 1024 Quid

169 1030 274 1071 enim
296 1030 456 1071 Phidias
479 1031 541 1071 sui
563 1030 731 1070 similem
754 1030 923 1084 speciem
945 1030 1107 1071 inclusit
1130 1030 1170 1069 in
1201 1030 1338 1084 clypeo
1359 1030 1583 1080 Minervae,

170 1102 288 1141 quum
311 1086 529 1127 inscribere
553 1102 631 1127 non
654 1087 820 1127 liceret?
851 1086 951 1138 Quid
968 1087 1094 1128 nostri
1112 1086 1359 1141 philosophi?
1391 1100 1523 1127 nonne
1545 1087 1586 1126 in

169 1144 230 1185 his
252 1144 362 1184 libris
384 1144 480 1197 ipsis
494 1175 504 1192 ,
540 1158 637 1197 quos
659 1144 836 1185 scribunt
858 1145 905 1184 de
927 1144 1212 1185 contemnenda
1239 1144 1365 1197 gloria
1380 1174 1390 1193 ,
1424 1156 1495 1184 sua
1517 1157 1587 1184 no—

172 1202 279 1243 mina
302 1200 555 1241 inscribunt?

110 1267 151 1299 35
285 1258 431 1309 Quodsi
455 1258 627 1298 omnium
654 1272 873 1301 consensus
891 1265 1055 1298 naturae
1072 1272 1155 1297 vox
1174 1263 1249 1306 est,
1271 1269 1502 1310 omnesque,
1523 1257 1588 1310 qui

172 1315 316 1369 ubique
333 1321 439 1364 sunt,
454 1316 721 1365 consentiunt,
736 1330 825 1356 esse
837 1315 999 1368 aliquid,
1020 1314 1121 1368 quod
1142 1313 1189 1353 ad
1208 1327 1276 1354 eos
1294 1313 1506 1367 pertineat,
1522 1313 1587 1366 qui

171 1372 252 1413 vita
284 1371 503 1413 cesserint:
537 1372 651 1413 nobis
681 1387 836 1427 quoque
866 1372 970 1412 idem
1003 1371 1308 1411 existimandum
1340 1377 1414 1411 est.
1456 1371 1506 1410 Et
1534 1370 1586 1419 si,

213 1524 270 1556 3-1.
306 1525 347 1557 de
368 1527 615 1568 principibus,
646 1527 688 1558 im
716 1537 842 1568 engen-n

168 1570 270 1603 Sinne
289 1581 353 1602 von
374 1572 641 1612 hochgestellten
669 1572 843 1605 Staats-

166 1616 340 1657 miinnern,
362 1617 426 1649 wie
443 1617 501 1659 ⁴12,
524 1617 601 1650 101.

214 1674 305 1706 illud
339 1675 473 1716 „jener
499 1674 744 1716 Aussprueh‘g
779 1675 842 1706 wie

169 1719 209 1751 Π.
229 1720 271 1759 5,
293 1720 354 1751 13:
390 1720 481 1752 illud
504 1721 614 1752 Accii.
650 1720 720 1753 Das
747 1721 843 1761 obige

169 1764 343 1797 Distiehou
370 1766 434 1797 soll
461 1765 531 1797 also
553 1765 682 1797 Ennius
708 1777 749 1797 zu
778 1766 845 1798 sei-

170 1820 243 1842 nem
277 1810 371 1842 Bilde
405 1810 460 1842 fiir
492 1811 563 1843 sein
595 1810 755 1843 Grabuial
788 1822 845 1851 ge-

170 1855 281 1888 macht
299 1856 421 1888 haben.

214 1915 353 1955 panxit
373 1929 419 1939 =
446 1915 667 1954 composele't,·
700 1913 843 1955 Anspie-

170 1959 250 2000 lung
283 1958 344 1990 aur
371 1959 464 1991 seine
490 1959 666 1999 Annales,
701 1969 728 1990 s.
759 1959 842 1990 oben

171 2015 212 2036 zu
232 2005 264 2045 1,
283 2004 317 2036 3.

215 2061 326 2094 Nemo
345 2061 522 2102 ---s‹1:131‘t·³
544 2060 627 2092 auch
648 2061 690 2092 im
705 2060 778 2094 Cat.
796 2060 841 2093 M.

170 2108 226 2149 20,
247 2107 287 2138 73
309 2106 502 2148 angeffihrt.

215 2164 287 2197 Sed
304 2163 390 2207 quid
401 2166 531 2207 poe'tas
543 2168 558 2194 Ρ
575 2174 623 2196 sc.
644 2164 735 2203 dieo,
767 2163 841 2195 eine

169 2210 222 2242 bei
248 2209 382 2242 solchen
413 2208 652 2251 Uebergtingen
678 2210 755 2241 sehr
787 2220 842 2250 ge-

168 2255 356 2287 wiihnliche
375 2254 516 2297 Ellipse.
537 2254 613 2296 Vgl.
636 2254 677 2286 ll.
701 2255 756 2296 17,
777 2256 839 2286 Δ11ε

170 2301 314 2343 Pugiles
335 2302 513 2332 caestibus
532 2303 672 2333 contusi
688 2311 729 2332 ue
747 2303 843 2343 inge-

170 2350 324 2379 miscunt
349 2346 502 2388 qm'dem.
546 2346 616 2379 Sed
643 2346 729 2388 quid
754 2347 843 2378 lios?

172 2392 402 2425 Gladiatores
429 2410 473 2415 —-
499 2402 588 2434 quas
611 2392 744 2434 plagas
759 2402 842 2434 per-

158 2438 318 2480 serunt!

216 2482 363 2516 Phidias
383 2483 475 2515 hatte
494 2483 545 2515 bei
565 2483 678 2515 seiner
689 2482 842 2515 bei-{ihm-

169 2534 224 2560 tcn
244 2528 426 2562 elfenbein.
448 2529 619 2561 Bildsiiule
639 2529 698 2560 der
711 2528 841 2561 Athene

170 2574 230 2606 aus
260 2575 332 2607 dem
370 2574 505 2607 Schilde
540 2573 749 2608 der·Gi›'ttin
789 2576 841 2607 die

912 1524 1260 1557 Amazoncnschlacht
1290 1524 1355 1555 und
1381 1524 1443 1556 den
1471 1522 1594 1567 liamps

914 1571 973 1602 der
1000 1568 1167 1611 Gigantea
1194 1569 1225 1601 in
1260 1569 1447 1602 erhabeuer
1471 1569 1592 1602 Arbeit

914 1615 1113 1655 dargcstellt
1139 1615 1206 1647 und
1234 1615 1332 1646 dabei
1358 1616 1429 1647 sein
1456 1615 1590 1656 eigenes

913 1662 987 1693 Bild
998 1661 1261 1702 angebracht,in
1273 1660 1507 1701 derArt‚dass
1517 1661 1590 1693 dies

915 1707 976 1739 den
996 1717 1126 1748 ganzen
1145 1706 1259 1738 Schild
1279 1706 1571 1739 zusammenhielt.

959 1755 1018 1784 sni
1032 1752 1198 1784 similem.
1219 1751 1289 1783 Von
1305 1752 1422 1784 Cicero
1438 1752 1524 1784 wird
1541 1755 1590 1784 sl-

912 1798 1009 1830 mile's
1028 1797 1081 1829 bei
1101 1797 1265 1829 lebenden
1277 1796 1404 1829 Wesen
1426 1797 1493 1829 fast
1503 1802 1589 1830 stets

913 1844 972 1875 mit
991 1843 1064 1875 dem
1084 1842 1240 1883 Genissv,
1262 1843 1315 1874 bei
1335 1843 1487 1875 lebloseu
1506 1842 1590 1875 Din-

912 1899 975 1930 geu
1001 1889 1061 1920 mit
1083 1889 1156 1920 dein
1177 1887 1260 1920 Gen.
1283 1888 1365 1921 oder
1382 1888 1484 1920 Dativ
1502 1889 1588 1921 ohne

912 1934 1135 1966 L'nterschied
1155 1931 1355 1975 gebraucht.

959 1981 1167 2020 inscribere,
1191 1990 1237 2011 sc.
1259 1990 1383 2012 nomen
1401 1990 1519 2012 suum.

959 2036 1024 2057 saa
1044 2028 1186 2057 nomina
1206 2026 1419 2058 inscribunt.
1447 2025 1589 2058 Densel-

913 2071 976 2103 ben
997 2070 1179 2103 Gedanken
1199 2081 1227 2103 s.
1248 2082 1280 2113 p.
1301 2071 1404 2103 Arch.
1428 2071 1482 2112 11,
1502 2071 1560 2104 26.

961 2118 1015 2148 35.
1037 2119 1100 2158 qm*
1117 2118 1246 2158 ubique
1260 2120 1404 2149 sunt=
1417 2120 1586 2159 quisunt,

915 2163 1112 2204 ubicunque
1137 2166 1236 2194 sant.
1264 2161 1358 2194 Denn
1385 2162 1439 2194 bei
1458 2162 1528 2195 Cic.
1548 2174 1584 2195 u.

913 2208 1002 2240 allen
1022 2207 1198 2240 Schriftst.
1219 2218 1280 2240 vor
1295 2207 1425 2250 Vergil.
1445 2208 1512 2240 und
1529 2208 1588 2240 Li—

912 2253 988 2285 vius
1015 2255 1059 2286 ist
1079 2255 1206 2296 ubique
1224 2254 1278 2285 nie
1297 2253 1526 2295 schlechtweg
1540 2270 1587 2281 Ξ

913 2300 1074 2331 omnibus
1093 2299 1197 2340 Iocis,
1219 2299 1363 2331 soudern
1382 2299 1506 2331 kommt
1525 2310 1588 2331 nur

913 2345 996 2377 nach
1031 2344 1200 2377 Bel-ativis
1233 2344 1298 2376 und
1326 2343 1586 2386 Interrogativis

912 2401 974 2422 zur
998 2390 1206 2430 Abkiirzung
1239 2390 1297 2422 des
1326 2389 1522 2422 Ausdrueks
1552 2391 1584 2422 in

913 2436 1024 2468 dieser
1041 2435 1157 2467 W'eise
1176 2446 1249 2467 vor.
1269 2434 1345 2477 vgl.
1367 2435 1406 2467 de
1424 2435 1530 2467 divin.
1545 2435 1584 2467 ll.

912 2483 968 2521 45,
982 2482 1036 2513 94:
1055 2483 1117 2523 qm'
1131 2485 1265 2522 ventus,
1279 2483 1343 2523 qui
1354 2481 1479 2521 imber,
1495 2491 1586 2523 quae

915 2530 1106 2569 tempestas
1122 2527 1249 2568 ubique
1259 2529 1320 2558 sit.
1342 2525 1475 2558 Ebenso
1489 2529 1586 2568 quic·-

913 2573 1002 2615 qm'd
1020 2573 1063 2614 (s.
1083 2577 1184 2604 unten
1206 2571 1262 2604 1v.
1287 2572 1340 2612 19,
1359 2572 1431 2612 ⁴4).
