1684 2819
566 176 643 208 LIB.
662 176 699 209 ll.
738 177 829 210 CAP.
851 177 902 209 23.
923 177 974 209 24.
1397 178 1473 218 153

80 278 233 330 quidem
254 278 375 316 victus
398 290 493 329 quae
523 279 725 329 cogitarat,
753 292 837 318 cum
863 281 982 330 ipsius
1008 281 1208 325 intererat,
1238 291 1280 317 ea
1306 281 1475 330 perfecit,

80 347 166 374 cum
195 334 276 373 eius
302 334 378 373 iam
406 335 497 373 nihil
527 335 739 374 interesset.
786 336 906 375 Tanta
927 335 964 373 in
987 349 1031 374 eo
1049 335 1231 386 peccandi
1251 335 1370 375 libido
1391 336 1473 383 suit,

78 396 120 429 ut
140 391 216 429 hoc
236 390 365 441 ipsum
387 403 473 430 eum
496 391 714 436 delectaret,
740 404 913 442 peccare,
936 393 1047 431 etiam
1071 393 1102 431 si
1125 405 1236 431 eausa
1257 404 1338 431 non
1359 398 1472 431 esset.

76 447 133 485 Ab
164 447 239 485 hoc
265 447 380 497 igitur
407 460 543 498 genere
572 448 798 498 largitionis,
829 454 871 487 ut
896 448 977 487 aliis
1005 448 1132 495 detur,
1160 448 1240 487 aliis
1268 450 1473 496 auferatur,

76 503 237 541 aberunt
257 503 298 549 ii,
329 503 393 554 qui
420 517 500 542 rem
529 504 720 555 publicam
748 505 980 551 tuebuntur,
1009 505 1047 543 in
1075 505 1287 556 primisque
1317 518 1475 557 operam

77 559 222 597 dabunt
242 564 284 598 ut
311 559 405 598 iuris
427 566 462 599 et
488 560 717 600 iudiciorum
739 560 925 611 aequitate
954 573 1067 599 suum
1097 561 1258 612 quisque
1286 566 1412 600 teneat
1439 567 1476 601 et

76 627 200 666 neque
214 616 408 655 tenuiores
423 622 583 668 propter
597 617 848 656 humilitatem
867 617 1214 656 circumveniantur
1230 619 1474 669 nequelocu-

76 671 242 723 pletibus
270 673 316 711 ad
339 685 406 712 sua
433 673 490 711 vel
511 674 672 712 tenenda
694 673 751 711 vel
773 674 1032 724 recuperanda
1056 673 1159 712 obsit
1179 673 1336 721 invidia,
1362 687 1473 726 prae-

76 734 176 767 terea
198 728 503 780 quibuscumque
529 729 644 768 rebus
668 729 723 767 vel
753 729 837 768 belli
867 729 924 767 vel
951 729 1055 768 domi
1083 735 1264 780 poterunt
1290 743 1371 769 rem
1399 743 1473 782 pu—

75 784 212 823 blicam
240 790 400 835 augeant
433 785 615 836 imperio,
650 785 768 836 agris,
802 785 1055 835 vectigalibus,
1107 786 1208 825 Haec
1241 799 1474 838 magnorum

75 840 279 879 hominum
302 847 404 887 sunt,
426 841 521 879 haec
540 842 639 892 apud
661 842 828 880 maiores
850 847 1008 880 nostros
1026 841 1201 888 factitata,
1223 843 1316 881 haec
1337 856 1474 894 genera

77 896 293 935 officiorum
322 897 386 947 qui
413 902 703 948 persequuntur
732 910 819 936 cum
849 910 1002 936 summa
1034 898 1191 936 utilitate
1219 899 1272 936 rei
1301 899 1473 949 publicae

74 965 256 1003 magnam
276 953 351 1004 ipsi
372 953 631 1004 adipiscentur
652 959 689 992 et
711 953 870 1005 gratiam
893 959 928 993 et
949 954 1121 1004 gloriam.

186 1009 230 1048 In
250 1009 309 1048 his
326 1016 452 1048 autem
469 1010 674 1049 utilitatum
690 1010 903 1061 praeceptis
920 1010 1117 1061 Antipater
1134 1010 1282 1061 Tyrius
1304 1011 1471 1058 Stoicus,

75 1065 139 1116 qui
159 1066 319 1105 Athenis
342 1078 467 1117 nuper
488 1072 545 1105 est
566 1072 754 1113 mortuus,
776 1067 852 1105 duo
875 1067 1076 1117 praeterita
1098 1072 1228 1105 censet
1249 1080 1334 1106 esse
1356 1081 1375 1106 a
1396 1068 1471 1107 Pa-

74 1123 220 1169 naetio,
246 1122 469 1162 valetudinis
498 1123 736 1162 curationem
765 1128 801 1161 et
827 1124 1029 1174 pecuniae,
1060 1135 1155 1174 quas
1185 1136 1247 1161 res
1269 1137 1288 1162 a
1316 1136 1470 1163 summo

74 1178 309 1229 philosopho
331 1180 553 1230 praeteritas
582 1180 762 1226 arbitror,
790 1180 891 1229 quod
921 1184 1049 1218 essent
1077 1179 1223 1218 faciles:
1254 1185 1345 1219 sunt
1374 1186 1473 1220 certe

73 1234 198 1273 utiles.
241 1235 317 1273 Sed
339 1235 513 1274 valetudo
536 1240 774 1274 sustentatur
794 1235 927 1274 notitia
949 1235 1009 1274 sui
1032 1236 1209 1286 corporis
1232 1241 1267 1274 et
1289 1236 1472 1278 obse1·va-,

74 1290 179 1329 tione
200 1303 295 1342 quae
317 1303 378 1330 res
400 1297 464 1331 aut
490 1292 676 1342 prodesse
705 1291 854 1331 soleant
875 1297 939 1330 aut
961 1291 1095 1330 obesse
1118 1297 1154 1330 et
1175 1291 1410 1331 continentia
1432 1293 1470 1331 in

72 1346 173 1386 victu
195 1347 301 1386 omni
330 1353 441 1399 atque
469 1348 572 1387 cultu
594 1349 770 1399 corporis
798 1348 929 1387 tuendi
959 1361 1073 1387 causa
1104 1349 1471 1398 [praetermittendis

72 1404 368 1453 voluptatibus],
391 1409 589 1454 postremo
613 1410 692 1444 arte
715 1417 869 1451 eorum,
895 1417 1061 1455 quorum
1090 1405 1135 1443 ad
1159 1404 1355 1443 scientiam
1378 1406 1473 1444 haec

73 1516 168 1546 seber
197 1516 254 1546 des
285 1526 410 1556 ganzen
436 1515 569 1558 Reichs,
600 1526 670 1548 war
699 1527 735 1547 er

72 1560 233 1592 natiirlich
257 1561 347 1592 scine
366 1561 529 1592 Schulden
553 1562 615 1593 los.
650 1561 734 1593 Dass

72 1604 138 1636 Cic.
169 1606 259 1637 diese
288 1605 494 1646 Massregeln
529 1607 587 1637 der
620 1607 733 1638 reinen

71 1650 155 1682 Lust
171 1660 210 1681 an
229 1650 442 1682 Verbrechen
460 1651 667 1692 zuschreibt,
692 1652 735 1683 ist

72 1706 107 1725 so
143 1695 232 1726 blind
264 1697 329 1727 und
361 1696 515 1737 gehiissig
546 1697 609 1728 wie
643 1697 731 1728 seine

71 1750 175 1781 ganze
199 1740 434 1781 Beurtheilung
453 1741 603 1773 Caesars.
649 1742 732 1773 Eine

70 1785 326 1826 Erleichterung
366 1786 419 1817 ffir
459 1787 510 1817 die
551 1786 734 1818 Sehuldner

70 1839 141 1861 war
165 1830 288 1861 damals
316 1831 446 1871 no'thig,
469 1832 546 1862 weil
569 1832 601 1862 in
631 1831 734 1872 Folge

71 1875 128 1906 des
147 1874 266 1915 Hriegs
285 1875 336 1907 die
352 1875 458 1907 Giiter
475 1876 516 1907 im
532 1876 675 1908 W'erthe
694 1887 734 1907 zu

71 1920 148 1950 sehr
184 1920 352 1960 gesunken
383 1931 506 1952 waren.
553 1920 733 1952 Mommsen

70 1963 110 1996 lll
140 1976 169 2006 p.
195 1964 270 1996 493.
303 1983 347 1988 —
379 1976 466 1997 ηιυιο
503 1967 611 1997 vietor·
649 1966 734 1997 wird

72 2009 195 2041 Caesar
218 2011 299 2041 auch
324 2011 404 2042 nach
424 2011 547 2042 seineln
566 2010 656 2042 Tode
676 2021 733 2051 ge-

71 2059 187 2093 nannt3
208 2065 233 2086 s.
252 2066 281 2086 z.
300 2054 331 2096 ξ.
350 2055 403 2087 23.

115 2111 198 2142 quae
210 2101 389 2141 cogitarat.
403 2099 494 2132 Nach
509 2101 621 2132 diesen
632 2100 733 2132 11701·-

72 2149 124 2176 ten
150 2145 292 2176 schaltet
320 2145 391 2176 eine
421 2145 498 2176 Hds.
526 2157 601 2177 cum
624 2147 734 2188 ipsius

69 2192 233 2222 intererat
264 2190 333 2230 ein,
363 2191 426 2221 und
457 2191 516 2221 der
547 2190 733 2231 Gegensatz

68 2235 223 2278 perfecit,
242 2245 315 2266 eum
333 2253 376 2257 —
392 2237 573 2267 interesset
588 2236 672 2267 liisst
689 2236 734 2267 ei-

70 2290 130 2311 nen
156 2280 345 2320 der-artigen
370 2279 494 2312 Zusatz
518 2281 732 2312 wiinschens—

70 2325 175 2356 werth
193 2325 396 2356 erseheinen.

114 2369 166 2401 86.
185 2370 369 2402 utilitatum
384 2372 572 2414 praeceptis
581 2383 591 2402 .·
609 2370 639 2411 ξ.
659 2370 710 2402 32.

114 2416 298 2458 Antipater
356 2415 384 2448 T
383 2417 483 2459 yrias
540 2416 627 2447 lehte
683 2416 732 2447 als

69 2459 201 2490 Freund
220 2460 260 2491 im
278 2460 387 2492 Hause
406 2462 463 2492 des
478 2461 620 2502 jiingern
639 2460 731 2501 Cato,

69 2504 132 2535 wie
162 2504 281 2536 Diodot
313 2505 364 2536 bei
394 2506 523 2546 Cicero,
556 2506 731 2538 Panaetius

69 2548 122 2579 bei
153 2548 270 2590 Scipio.
320 2550 366 2582 Er
394 2551 438 2583 ist
467 2551 555 2583 nicht
585 2562 626 2582 zu
653 2562 732 2583 ver-

69 2593 234 2625 weehseln
253 2594 310 2626 mit
323 2595 394 2627 dem
412 2596 539 2628 'alteren
555 2596 731 2638 Antipater

809 1528 872 1548 von
892 1516 1026 1558 Tarsus,
1045 1517 1103 1548 der
1120 1515 1172 1555 lll,
1191 1515 1244 1555 21,
1264 1516 1301 1548 81
1323 1517 1472 1548 erwiihnt

806 1562 900 1593 wird.

852 1607 916 1638 (lico
945 1608 1150 1650 praeterita:
1179 1607 1230 1638 ein
1262 1608 1339 1638 sehr
1366 1607 1469 1638 unbe-

807 1653 988 1693 griindeter
1003 1651 1170 1689 Einwurf‚-
1187 1652 1271 1683 denn
1286 1652 1396 1684 heides
1414 1662 1471 1692 ge-

806 1698 882 1728 ho'rt
905 1698 1003 1735 doch,
1034 1697 1096 1728 wie
1118 1696 1182 1728 Cic.
1202 1697 1307 1728 selbst
1330 1697 1472 1729 einsieht

808 1741 887 1781 (Sed
899 1745 968 1774 toto
981 1743 1041 1774 lzoc
1055 1742 1094 1773 de
1103 1752 1230 1783 genere
1243 1743 1316 1781 cet.)
1337 1742 1425 1773 nicht
1440 1742 1471 1773 in

807 1787 859 1818 die
878 1787 975 1819 Ethik
999 1788 1063 1818 und
1087 1797 1139 1818 um
1165 1797 1199 1817 so
1218 1787 1366 1827 weniger
1382 1787 1469 1818 hier<-

807 1833 882 1871 her,
900 1832 949 1863 als
968 1831 1144 1863 Panaetius
1164 1832 1242 1862 nach
1263 1832 1373 1863 seiner
1390 1831 1470 1863 Ein-

807 1877 956 1916 theilung
981 1878 1026 1915 (s.
1047 1877 1135 1908 Einl.
1161 1877 1225 1907 und
1242 1875 1274 1918 ξ.
1296 1876 1333 1907 11
1354 1877 1419 1907 und
1437 1875 1468 1918 ξ.

810 1922 867 1961 17)
893 1932 955 1952 nur
979 1933 1019 1952 zu
1043 1922 1244 1963 besprechen
1270 1922 1376 1961 hatte,
1407 1921 1470 1952 wie

808 1967 869 1997 wir
897 1967 998 1998 andre
1029 1966 1206 1998 Menschen
1241 1965 1295 1997 fiir
1327 1976 1467 1997 unseren

810 2011 937 2043 Nutzen
956 2012 1129 2052 gcwinnen
1148 2011 1290 2043 konnen.

853 2056 920 2089 Sed
937 2057 1040 2088 bildet.
1064 2058 1124 2087 den
1144 2056 1352 2096 Uebergang:
1380 2056 1470 2088 ‘aber

809 2112 900 2133 wenn
920 2112 955 2133 es
974 2103 1053 2133 auch
1074 2102 1172 2132 leicht
1190 2101 1250 2139 ist,
1275 2101 1325 2131 ich
1351 2101 1415 2132 will
1433 2111 1468 2132 es

808 2145 929 2187 sagen’.
973 2147 1118 2188 Seyffert
1144 2146 1244 2177 schol.
1276 2146 1333 2177 lat.
1358 2157 1388 2187 p.
1407 2145 1467 2184 253

807 2192 874 2231 vgl.
894 2202 923 2223 z.
942 2190 973 2233 ξ
993 2192 1033 2223 74
1051 2202 1156 2232 neque
1174 2193 1295 2222 lamen.

873 2236 1185 2280 praetemm'ttende's
1234 2236 1466 2279 voluptatibus.

806 2281 873 2312 Der
906 2281 1029 2313 Zusatz
1063 2280 1145 2312 fehlt
1177 2280 1302 2312 besser.
1346 2281 1393 2312 Er
1426 2281 1470 2313 ist

808 2327 890 2358 ohne
938 2326 1311 2367 Verbindungspartikel
1356 2326 1468 2367 einge-

807 2371 963 2412 schoben,
997 2373 1084 2403 stiirt
1117 2371 1174 2402 das
1210 2370 1469 2412 Gleichgewicht

806 2417 865 2447 der
890 2417 1059 2447 einzelnen
1086 2415 1295 2457 Satzglieder
1327 2417 1391 2447 und
1426 2416 1470 2448 ist

806 2461 859 2492 fiir
877 2462 938 2492 den
958 2461 1137 2493 Gedanken
1156 2461 1365 2502 iiberfiiissig,
1384 2461 1467 2493 denn

806 2507 835 2537 in
863 2506 1077 2538 ‘continentia
1099 2508 1130 2537 in
1154 2509 1241 2539 ¹victu
1265 2509 1356 2537 omni
1370 2509 1470 2548 atque

805 2549 904 2583 citlta'
937 2551 1018 2592 liegt
1051 2552 1148 2582 sehon
1189 2551 1466 2593 ausgesprochen,

804 2597 880 2627 dass
909 2606 980 2627 man
1007 2597 1094 2636 sicli,
1124 2597 1241 2627 soweit
1264 2606 1299 2627 es
1324 2596 1374 2627 die
1400 2594 1466 2627 Ge-

1504 457 1544 488 85

1502 1019 1543 1050 St»
