1684 2819
630 226 708 259 Llss.
723 226 748 259 1.
786 227 876 259 CAP.
899 228 949 259 15.
970 227 1021 258 16.
1476 229 1528 268 53

125 329 294 381 quodam
315 328 425 379 quasi
447 334 561 367 vento
583 329 729 381 impetu
751 329 870 368 animi
897 329 1059 368 incitati:
1089 341 1185 381 quae
1204 328 1390 368 beneficia
1412 341 1531 380 aeque

122 398 260 436 magna
281 397 362 423 non
383 390 473 423 sunt
487 385 663 425 habenda
679 392 793 437 atque
809 399 863 433 ea,
885 398 980 437 quae
996 386 1150 433 iudicio,
1173 385 1418 424 considerate
1435 397 1530 424 eon—

121 447 342 492 stanterque
369 441 491 480 delata
519 448 620 480 sunt.
663 442 739 481 Sed
766 442 805 481 in
833 442 1057 481 collocando
1084 442 1270 481 beneficio
1299 447 1336 480 et
1362 441 1403 480 in
1430 442 1530 480 rese—

119 499 238 537 renda
259 498 387 548 gratia,
410 498 441 536 si
464 503 589 537 cetera
611 498 717 550 paria
738 504 840 546 sunt,
861 499 939 537 hoc
955 499 1118 537 maxime
1137 498 1253 537 officii
1270 503 1351 545 est„
1362 504 1405 537 ut.
1421 498 1529 549 quis-

120 567 193 606 que
214 555 382 593 maxime
400 556 486 605 opis
504 555 683 606 indigeat,
703 555 755 593 ita
773 554 805 593 ei
822 555 1073 606 potissimum
1091 555 1287 606 opitulari:
1312 555 1415 605 quod
1434 566 1529 593 con-

118 617 177 649 tra
197 611 238 650 fit
259 624 279 649 a
300 610 504 662 plerisque.
547 612 577 649 A
598 624 674 662 quo
705 611 805 649 enim
828 611 1040 662 plurimum
1069 618 1248 662 sperant,
1281 610 1395 649 etiam
1416 611 1448 648 si
1470 610 1529 648 ille

119 667 165 705 iis
186 679 268 706 non
291 672 391 717 eget,
413 672 542 705 tamen
564 667 597 705 ei
617 667 868 718 potissimum
890 667 1115 706 inserviunt.

232 724 385 774 Optime
407 728 532 761 autem
556 723 719 762 societas
741 723 946 762 hominum
975 724 1274 773 coniunctioque
1303 722 1528 769 servabitur,

120 780 169 827 si,
196 785 238 818 ut
259 779 422 832 quisque
443 779 515 817 erit
538 779 897 827 coniunctissimus,
925 780 974 819 ita
1002 780 1041 818 in
1063 793 1151 818 eum
1172 780 1417 829 benignitatis
1439 779 1526 830 plu-

117 837 260 874 rimum
290 836 522 873 conferetur.
572 835 647 873 Sed
674 848 769 886 quae
797 841 955 874 naturae
983 836 1175 886 principia
1204 835 1282 873 sint
1308 835 1529 874 communi—

115 891 204 930 tatis
227 897 262 930 et
285 891 479 929 societatis
501 891 694 930 humanae
722 892 975 942 repetendum
996 892 1146 930 videtui·
1174 891 1296 931 altius.
1338 892 1406 929 Est
1427 891 1530 929 enim

113 948 295 999 primum,
317 946 421 998 quod
440 947 608 986 cernitur
624 948 663 986 in
680 948 848 987 universi
867 949 1015 999 generis
1032 948 1193 987 humani
1211 947 1405 986 societate.
1437 946 1530 985 Eius

115 1010 242 1043 autem
258 1004 455 1042 vinculum
473 1010 531 1042 est
546 1004 643 1043 ratio
667 1010 704 1043 et
727 1005 861 1051 oratio7
883 1017 978 1056 quae
996 1005 1172 1043 docendo
1196 1004 1394 1048 discendo,
1420 1015 1529 1041 eom-

114 1061 347 1099 municando
389 1060 639 1111 disceptando
680 1061 886 1099 iudicando
924 1061 1100 1099 conciliat
1134 1061 1235 1099 inter
1275 1073 1316 1099 se
1349 1059 1529 1097 homines

116 1117 391 1167 coniungitque
420 1117 584 1155 naturali
614 1118 780 1167 quadam
817 1117 1015 1163 societate,
1053 1129 1179 1168 neque
1207 1116 1281 1155 ulla
1308 1128 1349 1154 re
1377 1115 1529 1166 longius

115 1173 305 1212 absumus
327 1186 346 1211 a
368 1178 503 1211 natura
525 1174 713 1219 serarum,
743 1173 781 1211 in
803 1173 943 1224 quibus
971 1174 1098 1212 inesse
1127 1172 1393 1212 fortitudinem
1417 1183 1531 1221 saepe

115 1229 290 1275 dicimus,
312 1234 353 1267 ut
374 1229 413 1267 in
429 1230 550 1280 equis,
573 1229 613 1267 in
629 1229 817 1275 leonibus,
838 1229 1034 1274 iustitiam,
1056 1229 1295 1280 aequitatem,
1317 1228 1530 1266 bonitatem

113 1297 194 1323 non
216 1285 399 1323 dicimus:
442 1291 533 1323 sunt
561 1285 661 1323 enim
690 1285 851 1324 rationis
879 1292 915 1325 et
945 1285 1131 1324 orationis
1160 1290 1350 1335 expertes.
1393 1285 1447 1321 Ae
1474 1283 1528 1321 la-

112 1341 262 1380 tissime.
290 1341 444 1392 quidem
474 1346 609 1392 patens
645 1342 872 1380 hominihus
909 1342 1009 1380 inter
1042 1342 1173 1392 ipsos7
1212 1340 1395 1379 omnihus
1431 1340 1531 1377 inter

114 1409 252 1436 omnes
282 1397 448 1435 societas
470 1398 561 1435 haec
584 1403 659 1436 est:
690 1399 729 1436 in
757 1411 831 1449 qua
853 1399 1028 1436 omnium
1057 1411 1206 1444 rerum⁷
1235 1409 1329 1447 quas
1352 1396 1397 1434 ad
1422 1408 1530 1434 com-

115 1465 275 1492 munem
296 1454 501 1492 hominum
523 1466 639 1492 usum
656 1460 793 1493 natura
811 1454 956 1504 genuit,
979 1460 1037 1492 est.
1053 1454 1240 1493 servanda
1258 1451 1531 1497 communitas,

113 1516 173 1554 utq
203 1522 297 1560 quae
319 1510 513 1560 descripta
536 1516 626 1548 sunt
647 1511 794 1560 legibus
817 1516 851 1548 et
883 1510 963 1549 iure
987 1510 1102 1555 civili,
1130 1511 1226 1548 haee
1246 1510 1296 1548 ita
1318 1513 1530 1555 teneantur,

114 1572 157 1604 ut
179 1571 239 1604 est
260 1565 534 1604 constitutum:
563 1568 600 1616 [e
623 1567 761 1616 quibus
779 1566 894 1617 ipsis]
921 1572 1043 1605 cetera
1066 1567 1121 1605 sie
1143 1567 1410 1611 observentur,
1431 1569 1474 1602 ut
1490 1564 1529 1601 in

113 1699 242 1732 [rtheil
258 1700 323 1730 und
332 1699 433 1731 Wahl
451 1701 784 1733 austheilendeFi·ei-

113 1745 280 1785 gebigkeit
297 1745 441 1785 geiueint
455 1746 509 1776 ist.

149 1790 281 1831 iudicio,
297 1790 506 1822 eonsiderate
514 1793 784 1833 constanterque,

111 1835 248 1866 Ablativ
264 1835 330 1866 und
347 1835 516 1866 Adverbia
536 1836 638 1867 durch
657 1840 690 1867 et
706 1846 785 1867 vet·—

112 1880 252 1911 bunden.
279 1879 310 1921 ξ
322 1879 360 1910 61
372 1881 786 1922 mag-110anz'mo‚s0rtz'ter

112 1924 387 1966 eoecelleuterqzce.
420 1925 496 1965 Vgl.
515 1924 547 1966 ξ.
566 1925 607 1956 27
634 1925 785 1957 consulto

111 1972 144 2001 et
160 1971 322 2001 coo-itata.

159 1993 227 2102 If}
258 2015 311 2090 Ξὲ.
338 2018 482 2046 naturae
495 2016 665 2060 principia
682 2026 763 2047 eom.
776 2028 786 2047 .-

113 2070 139 2090 s.
159 2070 188 2092 z.
232 2084 239 2091 .
305 2084 312 2091 .

157 2104 303 2137 docendo
327 2110 390 2137 etc.
431 2105 490 2136 Die
514 2104 616 2136 Reihe
641 2107 701 2137 (161·
722 2106 784 2137 Β6.-

112 2150 206 2189 griffe
236 2149 374 2181 zerffillt
401 2151 433 2181 in
452 2150 503 2181 ein
528 2160 588 2181 aus
606 2150 624 2180 2
650 2152 714 2182 und
733 2151 784 2182 ein

112 2205 171 2226 aus
196 2194 214 2225 3
233 2194 409 2226 Νυ11111161·11
433 2194 652 2226 bestehendes
678 2196 785 2235 Glicd,

113 2249 183 2271 was
211 2240 312 2270 durch
336 2240 386 2270 die
409 2239 655 2281 Interpunetion
684 2250 786 2281 ange—

114 2285 229 2316 deutet
246 2285 300 2315 ist.
328 2284 371 2315 So
390 2285 614 2326 gi'uppirtCie.
631 2290 715 2316 stets
734 2286 786 2317 bei

112 2329 367 2370 Ausz'ahlungen
385 2330 436 2360 die
454 2330 627 2361 einzelnen
645 2330 786 2370 Begriffe

114 2375 146 2406 in
165 2373 301 2406 Glieder
323 2384 386 2405 von
410 2374 428 2405 2
452 2375 533 2406 oder
550 2374 568 2405 3
586 2375 785 2415 Nummern3

115 2430 142 2451 s.
157 2419 312 2459 Niigelsb.
333 2420 356 2451 1.
372 2419 420 2451 St.
439 2420 557 2461 §.172
577 2421 606 2451 d.
627 2420 679 2452 off.
697 2420 786 2461 1‚17‚

116 2463 169 2496 53.
189 2464 240 2496 58.
273 2464 325 2503 32,
348 2464 421 2496 115.
454 2464 507 2503 34,
529 2465 603 2496 124.
637 2464 689 2503 3ss,
712 2465 785 2498 129.

114 2508 280 2549 11‚10‚37.
296 2509 350 2550 23,
362 2509 415 2541 83.
429 2508 543 2551 lH,17‚
563 2510 603 2540 70
617 2521 649 2541 u.
666 2510 785 2551 h‘aeiufig.

161 2556 303 2586 rationis
320 2557 354 2585 et
370 2556 546 2587 orationis.
572 2555 637 2587 Das
653 2556 724 2587 sind
733 2556 785 2588 die

116 2598 347 2639 Bedingungen
367 2600 427 2631 der
443 2600 619 2640 allgemein
636 2602 786 2633 mensch-

116 2644 221 2675 lichen
245 2645 308 2675 und
327 2645 523 2676 staatlichen
542 2644 786 2678 Gemeinschast

861 1708 899 1740 (s.
919 1702 951 1742 ξ.
973 1701 1037 1741 12),
1062 1700 1120 1732 auf
1133 1702 1192 1732 (161·
1210 1701 1261 1731 die
1281 1699 1532 1739 Gerechtigkeit

860 1747 924 1777 und
941 1746 1191 1786 Freigebigkeit
1207 1746 1322 1776 basii-t.
1338 1763 1344 1770 ·

905 1791 959 1822 51.
984 1790 1170 1834 descripta.-
1201 1790 1391 1822 describere
1415 1789 1459 1820 ist
1482 1788 1531 1819 dt·-

857 1837 1058 1867 stributtone
1069 1837 1176 1877 saeta
1197 1837 1379 1877 assignare
1396 1834 1531 1875 singula

858 1881 1015 1922 siugulis.
1049 1880 1081 1922 ξ.
1100 1880 1137 1911 21
1162 1883 1379 1924 prii-(darunt
1392 1889 1531 1922 posses-

858 1928 929 1957 sion
935 1937 989 1957 um
1008 1925 1201 1969 descriptio.

905 1982 922 2001 e
938 1972 1056 2012 quibus
1069 1973 1152 2014 ipsis
1171 1969 1471 2009 stiirtvollst'andig
1479 1968 1530 1999 die

858 2015 1000 2047 Perinde.
1010 2041 1018 2055 ‚
1037 2016 1162 2047 welche
1173 2015 1308 2047 aufdem
1319 2014 1530 2054 Gegensatze

858 2072 924 2093 von
955 2071 1037 2102 quae
1062 2061 1234 2103 descripta
1257 2063 1339 2091 sant
1360 2070 1391 2090 u.
1420 2061 1531 2090 cetera

858 2106 988 2137 beruht.
1006 2106 1085 2137 Dies
1099 2105 1285 2137 Relassivum
1306 2104 1365 2135 auf
1375 2114 1459 2145 quae
1472 2103 1530 2134 de-

859 2153 988 2194 scripta
1004 2153 1094 2191 sunt,
1110 2151 1190 2181 haee
1208 2160 1249 2180 zu
1265 2149 1423 2180 beziehen
1441 2147 1531 2187 giebt

859 2196 978 2226 keinen
998 2195 1089 2235 Sinn,
1115 2205 1150 2225 es
1169 2195 1228 2226 mit
1244 2194 1376 2235 legibus
1394 2204 1434 2224 zu
1451 2202 1530 2224 vei·-

859 2240 978 2271 binden
997 2240 1050 2281 ist,
1069 2240 1107 2271 da
1125 2240 1204 2271 haec
1217 2241 1266 2270 ita
1280 2242 1344 2270 ten.
1358 2237 1530 2269 unmittel-

859 2286 919 2316 bai·
935 2285 1150 2325 vorhergeht,
1176 2285 1274 2315 sehon
1299 2283 1530 2324 grammatiseh

860 2330 1175 2371 nichtgutmtiglich,
1188 2329 1375 2369 abgesehen
1383 2338 1446 2359 von
1457 2328 1530 2359 deni

861 2375 1006 2406 schiefen
1024 2374 1238 2413 Ausdrucke,
1263 2374 1323 2405 (161·
1345 2374 1426 2404 auch
1445 2373 1528 2402 dann

860 2421 1034 2452 entstehen
1049 2420 1174 2451 wiirde.
1201 2420 1260 2450 Die
1276 2418 1417 2449 zumeist
1430 2427 1530 2457 ange-

860 2475 1030 2497 nommene
1048 2465 1228 2504 Aendrung
1246 2464 1289 2495 ist
1306 2463 1530 2495 constitutum

860 2510 991 2552 leg-ibus
1010 2512 1110 2554 ι’ρςίε,
1133 2511 1190 2541 das
1210 2509 1274 2539 soll
1292 2509 1441 2539 heissen:
1466 2507 1528 2538 wie

860 2566 895 2587 es
914 2556 1035 2596 gei-ade
1055 2556 1085 2586 in
1104 2556 1165 2586 den
1182 2554 1346 2586 Gesetzen
1364 2553 1527 2592 angeord-

859 2605 916 2632 net
934 2601 987 2641 ist,
1014 2601 1112 2632 sti-iet
1129 2600 1210 2631 nach
1228 2600 1287 2630 dei·
1307 2598 1529 2637 Bestimmung

859 2646 918 2677 der
932 2645 1086 2677 Gesetze.
1122 2644 1215 2676 Danu
1232 2649 1357 2676 musste
1375 2644 1454 2676 aber
1471 2645 1530 2675 dex·

1556 722 1607 760 16

1559 784 1599 815 50

1559 1291 1595 1322 51
