1684 2819
652 139 813 174 LIBER
834 140 859 173 1.
888 140 943 181 as,
964 140 1019 173 92.
1324 128 1326 130 ’

1166 175 1170 179 ’
1189 177 1195 191 -:
1208 172 1253 196 »ἠέ
1263 169 1277 198 ἐ’

132 260 261 308 potest
288 253 405 305 longe
435 250 588 302 abesse,
622 264 698 304 quo
729 251 857 290 minus
888 250 927 290 in
958 262 1071 289 omne
1102 256 1255 303 tempus
1285 249 1344 289 rei
1366 247 1544 303 publicae

132 311 292 362 suisque
325 308 520 358 consulat,
553 314 596 347 ut
626 306 895 361 posteritatem
927 307 1066 360 ipsam,
1101 306 1211 346 euius
1244 318 1405 347 sensum
1437 305 1544 346 habi·
1570 316 1591 345 ᾗ

131 374 243 407 turus
273 379 352 405 non
381 364 448 413 sit,
475 365 521 404 ad
545 377 589 404 se
610 370 718 417 putet
748 365 965 417 pertinere.
1011 363 1139 414 Quare
1166 363 1259 419 liget
1290 363 1406 403 etiam
1439 377 1543 402 mor-

131 423 251 463 talem
273 435 360 462 esse
383 421 556 461 animum
577 420 815 476 iudicantem
838 428 998 461 aeterna
1020 419 1166 468 moliri,
1192 433 1271 459 non
1292 419 1442 474 gloriae
1476 433 1544 459 cu-

131 479 306 534 piditate,
333 492 448 531 quam
471 473 762 518 selisuru‘s'”'110n
784 478 850 528 sit,
876 477 945 517 sed
966 477 1140 526 virtutis,
1167 490 1280 530 quam
1313 477 1542 516 necessario

131 535 274 590 gloria,
308 535 426 574 etiam
449 535 482 575 si
506 541 547 574 tu
568 534 607 573 id
628 548 707 574 non
729 548 840 587 agas,
877 540 1155 586 consequatur.
1198 532 1353 573 Natura
1374 547 1471 573 vero
1503 546 1545 573 se

131 592 188 633 sic
217 592 357 641 habet,
399 598 462 640 ut,
496 591 690 644 quomodo
718 591 873 630 initium
911 589 1024 629 nohis
1055 602 1187 629 rerum
1222 590 1393 630 omnium
1436 596 1544 630 ortus

132 655 269 689 noster
289 648 441 699 afferat,
467 648 524 688 sic
546 647 694 687 exitum
718 660 841 688 mors.
886 646 934 686 Ut
955 645 1053 685 nihil
1075 645 1264 699 pertinuit
1285 647 1332 686 ad
1355 660 1426 687 nos
1454 653 1544 686 ante
1572 647 1574 650 ’
1593 652 1611 657 ”“
1641 649 1646 654 ’

133 712 278 756 ortum,
313 705 370 746 sie
402 704 498 744 nihil
529 710 617 757 post
647 710 813 743 mortem
846 702 1070 755 pertinebit.
1122 702 1164 741 In
1196 716 1272 754 quo
1297 703 1386 755 quid
1418 710 1547 756 potest
1572 702 1626 723 ''

133 775 221 803 esse
243 761 351 809 mali,
377 774 495 812 quum
527 773 633 799 mors
655 773 727 799 nec
749 759 796 799 ad
818 759 933 799 vivos
956 758 1153 813 pertineat
1176 771 1247 798 nec
1269 759 1317 798 ad
1340 762 1544 800 mortuos?

131 817 257 857 Alteri
280 816 378 857 nulli
400 823 508 866 sunt,
534 815 683 856 alteros
706 830 785 856 non
808 816 990 869 attinget.

232 873 354 924 Quam
378 873 442 926 qui
462 872 654 913 leviorem
677 873 841 922 faciunt,
862 872 989 912 somni
1013 871 1250 913 simillimam
1267 871 1405 912 volunt
1428 885 1539 921 esse,
1563 904 1572 912 .

132 931 244 984 quasi
259 943 357 970 vero
381 930 584 983 quisquam
605 929 660 969 ita
684 930 895 983 nonaginta
919 943 1044 969 annos
1060 928 1159 969 velit
1174 929 1326 977 vivere,
1348 935 1404 976 ut,
1427 943 1543 981 quum

130 986 345 1040 sexaginta
362 987 593 1035 confecerit,
610 986 784 1039 reliquos
804 986 994 1026 dormiat!
1020 985 1081 1026 Ne
1098 986 1158 1026 sui
1177 985 1333 1038 quidem
1350 986 1385 1025 id
1405 986 1542 1035 velint,

131 1058 210 1084 non
240 1044 355 1083 modo
387 1043 487 1097 ipse.
532 1043 758 1097 Endymion
791 1056 904 1094 vero,
937 1042 970 1083 si
1002 1042 1154 1082 fabulas
1185 1041 1321 1082 audire
1343 1042 1541 1091 volumus,

131 1108 189 1150 ut,
212 1101 347 1141 nescio
370 1100 541 1153 quando,
565 1099 606 1140 in
629 1100 766 1140 Latmo
798 1099 1049 1149 obdormivit,
1076 1099 1139 1152 qui
1162 1106 1223 1139 est
1250 1113 1362 1139 mons
1387 1098 1543 1147 Cariae,

131 1158 325 1204 nondum,
369 1156 524 1210 opinor,
561 1164 621 1197 est
651 1164 927 1211 experrectus.
990 1156 1091 1197 Num
1124 1156 1246 1209 igitur
1276 1168 1364 1195 eum
1407 1169 1547 1196 curare

132 1227 287 1263 censeS,
313 1227 430 1266 quum
452 1213 565 1253 Luna
587 1213 766 1254 laboret?
795 1227 816 1253 a
840 1228 915 1267 qua
937 1212 1167 1267 consopitus
1193 1218 1369 1266 putatur,
1396 1219 1437 1253 ut
1458 1226 1544 1253 eum

169 1312 810 1352 38.91.z'zcdicantem.w⁷ennlicet
878 1315 1097 1356 Vorstellung
1130 1315 1215 1347 wird
1250 1315 1310 1347 der
1338 1313 1409 1346 Tod
1444 1314 1549 1346 einem

132 1362 200 1394 sich
221 1361 284 1393 auf
296 1361 370 1393 eine
389 1361 587 1402 allgemeine
607 1360 731 1393 Person
751 1362 807 1393 be-

132 1407 300 1447 zieht,die
320 1407 424 1438 durch
440 1407 493 1438 ein
508 1406 633 1439 Partie.
651 1407 806 1439 bezeich-

132 1458 187 1485 net
204 1453 262 1492 ist,
282 1463 317 1484 so
337 1453 427 1484 steht
444 1452 562 1484 immet·
580 1452 639 1484 der
656 1453 748 1485 Aee.
773 1464 802 1486 c.

132 1498 194 1530 lnf.
212 1517 257 1522 —-
281 1497 347 1531 Mit
373 1499 446 1530 dem
466 1498 576 1530 lnhalt
601 1499 658 1530 des
685 1498 804 1531 Satzes

134 1544 200 1585 vgl.
223 1554 254 1586 p.
274 1544 377 1575 Arch.
402 1544 454 1579 11,
475 1544 517 1575 28
536 1544 653 1577 -12,
675 1545 729 1576 30.

178 1591 230 1620 sit
248 1607 293 1612 —
318 1599 418 1630 agas.
464 1588 533 1620 Der
556 1588 719 1620 &Vechsel
745 1590 806 1620 der

133 1634 303 1666 Personen
322 1635 380 1666 des
395 1633 499 1666 Verb.
516 1633 604 1674 darf,
622 1634 661 1665 da
680 1638 718 1665 tu
734 1635 807 1666 hier

134 1690 197 1711 nur
238 1679 311 1711 eine
346 1679 450 1711 andre
484 1678 720 1720 Bezeichnung
755 1680 808 1711 fiir

136 1725 269 1766 ,‚man“
290 1725 352 1759 ist,
382 1725 474 1756 nicht
491 1724 700 1757 befremden.
730 1725 804 1765 vgt.

136 1771 173 1802 de
193 1775 263 1802 nat.
284 1770 325 1802 D.
348 1770 374 1802 Ι.
390 1771 445 1811 30,
462 1770 522 1801 84:
546 1770 659 1811 Quam
680 1771 807 1802 bellum

136 1820 225 1856 erat,
247 1816 549 1858 emfiteripotius
565 1818 698 1847 nescire
713 1816 809 1857 quod

135 1863 314 1901 nescires,
342 1871 449 1903 quam
477 1863 591 1903 ipsum
618 1862 713 1892 sibi
738 1862 809 1893 dis-

132 1907 287 1949 plz'cere!

179 1952 300 1984 Alteri
312 1951 403 1983 nulli
414 1955 510 1992 sanc,
532 1952 632 1983 n'timl.
651 1952 734 1983 nach
749 1952 809 1983 der

133 1997 308 2029 Annahme
327 1998 386 2029 der
405 1995 548 2037 Gegner.
570 1998 743 2030 Alteri—
758 1998 809 2030 al-

137 2044 207 2076 teri
230 2043 323 2075 hier:
361 2043 534 2083 „letztere
562 2061 606 2066 —-
632 2044 806 2081 erstere“‚

134 2088 199 2120 wie
215 2088 272 2121 IV.
284 2088 318 2129 3,
333 2089 351 2120 5
370 2088 464 2120 altet-
477 2089 691 2132 Cyreuaeus,
713 2090 809 2121 alter

134 2133 367 2177 Babylonius.
397 2132 498 2166 Diese
519 2133 740 2175 Anwenduug
764 2135 808 2166 ist

136 2180 258 2212 ebenso
277 2179 400 2221 h'ziufig,
421 2180 484 2211 wie
503 2180 556 2211 die
583 2185 808 2222 entgegenge-

137 2230 257 2258 setzte.

181 2270 236 2302 92.
262 2271 604 2312 levioremsacz‘unt,
626 2270 665 2302 de
685 2275 807 2302 conatu

136 2327 178 2348 zu
197 2316 386 2357 verstehen,
406 2331 451 2342 τε
470 2316 581 2348 lenire
598 2316 734 2348 volant.

181 2365 299 2394 somni
322 2362 556 2394 simillimam.
585 2361 628 2393 So
648 2361 744 2393 Hom.
765 2361 806 2393 ll.

134 2405 196 2439 XI.
223 2407 287 2439 242
329 2417 393 2439 von
434 2407 542 2439 einem
580 2406 784 2440 Gettidteten
800 2419 807 2438 ι

135 2449 337 2497 κοιμήσατο
356 2449 514 2496 χάλκεον
537 2447 678 2491 {invem
712 2452 805 2485 XIV.

137 2498 199 2530 231
215 2510 222 2529 :
242 2493 373 2540 ’Ὑπνῳ
391 2517 434 2522 -
452 2495 661 2541 κασιγνήτῳ
687 2495 810 2531 Θανά-

139 2553 225 2575 τοιο,
236 2543 370 2576 Ebenso
381 2543 468 2576 Plat.
481 2543 580 2587 Apol.
593 2544 688 2576 socr.
705 2555 736 2586 p.
750 2545 806 2575 40.

184 2592 375 2630 quasivero
386 2594 452 2622 etc.
474 2589 555 2621 Sinn
569 2602 575 2621 :
591 2589 702 2621 Durch
716 2590 808 2622 diese

877 1362 968 1393 nleht
1002 1362 1144 1393 leichter
1169 1361 1346 1402 gemacht,
1383 1361 1467 1391 denn
1496 1360 1548 1392 ein

875 1406 1257 1447 verniinftigerMensch
1277 1406 1347 1437 wilt
1366 1407 1457 1438 seine
1472 1405 1550 1437 Zeit

876 1453 966 1484 nicht
991 1453 1226 1493 verschlafen,
1264 1452 1407 1484 sondern
1443 1452 1551 1492 th‘atig

874 1499 1048 1530 verleben.
1458 1536 1460 1540 ,

919 1547 977 1575 sm?
1004 1544 1048 1575 ist
1073 1542 1167 1575 Heils
1200 1543 1357 1575 treflliche
1384 1542 1551 1574 Emenda-

874 1590 944 1620 tion
964 1589 1133 1623 fiimaes.
1161 1589 1246 1620 Dass
1264 1599 1363 1628 setes,
1392 1598 1488 1619 wenn
1514 1598 1549 1619 es

876 1635 960 1665 auch
976 1634 1254 1676 spriiehwo'rtlich
1268 1633 1414 1674 ffir‚,die
1425 1633 1551 1664 diinim-

878 1685 950 1711 sten
969 1678 1120 1711 Τῠίεῐᾟίι
1151 1679 1336 1720 gebraucht
1360 1679 1445 1710 wird
1463 1678 1550 1720 (Sus

877 1726 1088 1765 Minervam,
1112 1735 1157 1756 sc.
1181 1726 1312 1766 (locet),
1334 1724 1455 1756 keinen
1475 1733 1552 1766 pas-

879 1771 1005 1802 senden
1033 1769 1222 1811 Gegensatz
1256 1781 1298 1802 zu
1332 1772 1407 1812 ipse
1432 1769 1550 1809 bildet,

878 1817 922 1847 ist
939 1816 1027 1847 klar.

923 1871 993 1892 non
1017 1860 1122 1892 modo
1159 1862 1251 1901 ipse,
1288 1871 1314 1892 s.
1343 1859 1466 1902 Zumpt
1492 1858 1550 1891 Gr.

879 1906 895 1948 ξ
916 1907 979 1938 724
992 1906 1023 1938 b.
1044 1905 1120 1946 Vgl.
1143 1906 1196 1946 36,
1215 1906 1270 1938 87.

923 1952 1125 1995 Endymz'on
1147 1961 1226 1984 vero
1245 1957 1311 1984 ete.
1335 1951 1438 1983 Sinn:
1459 1951 1550 1983 Doch

878 1998 923 2030 ist
949 1998 1009 2029 der
1036 1997 1157 2029 Schlaf
1187 1997 1372 2038 allerdings
1398 1997 1450 2029 ein
1477 1997 1551 2028 Bild

878 2044 935 2075 des
953 2042 1063 2075 Todes
1076 2068 1083 2082 ,
1103 2043 1170 2074 und
1189 2043 1252 2075 wie
1272 2043 1334 2075 wir
1352 2043 1394 2074 im
1416 2042 1552 2074 Sehlafe

877 2089 954 2120 kein
973 2088 1096 2120 Ges'uhl
1114 2089 1236 2129 haben,
1258 2099 1293 2120 so
1311 2088 1397 2120 wird
1416 2098 1451 2120 es
1466 2088 1551 2120 auch

878 2135 921 2166 im
939 2133 1031 2166 Tode
1051 2135 1135 2166 sein.
1155 2153 1199 2158 —
1224 2134 1273 2166 De
1292 2134 1348 2167 fin.
1363 2133 1405 2166 V.
1419 2133 1550 2173 20‚55:

877 2180 1018 2222 Itaque,
1032 2191 1074 2211 ne
1089 2182 1122 2211 se·
1133 2180 1399 2212 iucundissimis
1411 2179 1552 2222 quidem

879 2236 943 2257 nos
960 2228 1110 2257 somniis
1129 2236 1257 2257 usuros
1271 2229 1460 2268 putemus,
1484 2225 1554 2257 En-

879 2272 1059 2314 dymz'onis
1092 2281 1255 2303 somnum
1280 2272 1381 2303 nobis
1405 2270 1552 2302 velimus

879 2317 970 2357 (lari,
1002 2317 1107 2359 idque
1131 2319 1164 2348 si
1179 2316 1333 2354 accidat,
1353 2318 1483 2348 mortis
1502 2318 1553 2347 2¹71—

877 2365 958 2394 sear
977 2367 1156 2404 putemus.
1193 2361 1269 2404 Vgl.
1290 2362 1424 2394 Platon.
1445 2361 1553 2392 Phae-

880 2408 957 2439 don.
976 2419 1007 2450 p.
1030 2408 1070 2439 72
1084 2419 1113 2440 c.

925 2456 1062 2495 opinor,
1091 2459 1197 2486 etwas
1223 2454 1413 2496 spottelnd3
1445 2463 1471 2484 s.
1493 2452 1549 2492 22,

880 2499 920 2530 52
939 2510 980 2531 zu
999 2499 1116 2532 eredo.

925 2556 1033 2587 quum
1070 2545 1173 2576 Luna
1216 2544 1371 2583 laboret,
1419 2553 1550 2583 „wenn

878 2590 973 2622 Luna
988 2590 1020 2621 in
1038 2589 1125 2622 Noth
1146 2590 1233 2630 ist4‘,
1254 2590 1286 2622 d.
1308 2589 1339 2620 h.
1361 2599 1457 2621 wenn
1476 2588 1550 2620 eine

1562 881 1602 909 (Γ)
