1684 2819
132 868 149 897 3
157 869 173 897 ti

206 141 281 178 174
778 136 832 167 DE
859 133 1039 167 oFFlcns

202 241 330 279 videas
365 239 585 278 adiunctam
619 238 652 276 ei
685 238 756 284 rei,
793 249 889 288 quae
921 236 1090 287 speeiem
1120 236 1288 276 utilitatis
1316 235 1500 283 attulerit,
1529 242 1610 276 tum

202 308 282 334 non
304 295 443 334 utilitas
464 294 711 345 relinquenda
734 299 809 341 est,
840 294 908 333 sed
926 292 1219 343 intellegendum
1240 292 1305 332 uhi
1326 293 1524 344 turpitudo
1548 293 1608 339 sit,

201 352 252 390 ihi
279 352 479 390 utilitatem
507 364 592 389 esse
620 362 700 389 non
726 363 855 401 posse.
898 349 1011 396 Quod
1038 349 1070 387 si
1091 349 1186 388 nihil
1207 356 1266 387 est
1285 355 1362 388 tam
1383 355 1518 389 contra
1539 360 1610 388 na—

203 414 326 447 turam
349 420 463 459 quam
485 407 683 458 turpitudo
701 430 754 434 —-
772 412 874 446 recta
891 405 993 445 enim
1011 411 1046 444 et
1064 405 1327 444 convenientia
1343 411 1381 444 et
1396 406 1611 446 constantia

201 469 336 503 natura
359 464 548 503 desiderat
569 469 873 514 aspernaturque
895 462 1084 502 contraria
1105 485 1160 490 —
1175 461 1346 513 nihilque
1367 468 1446 501 tam
1467 474 1609 502 secun-

202 522 291 560 dum
321 526 498 559 naturam
526 532 642 571 quam
672 519 829 566 utilitas,
858 525 958 558 certe
984 518 1023 557 in
1045 518 1177 558 eadem
1199 531 1239 557 re
1261 517 1403 557 utilitas
1426 523 1464 557 et
1483 519 1610 570 turpi-

203 578 294 616 tudo
319 590 404 615 esse
425 589 506 615 non
527 582 667 628 potest.
705 576 888 627 Itemque,
909 575 942 614 si
964 576 1011 614 ad
1032 576 1276 614 honestatem
1297 575 1375 614 nati
1393 587 1528 614 sumus
1546 588 1609 614 ea-
1658 601 1671 607 x

202 647 303 685 que
297 639 359 672 aut
381 633 462 672 sola
483 633 693 684 expetenda
715 639 788 680 est,
817 638 859 671 ut
879 632 1025 670 Zenoni
1048 632 1170 671 visum
1192 637 1266 679 est,
1295 637 1359 670 aut
1380 636 1481 670 celte
1503 631 1610 671 omni

202 691 376 750 pendete
409 689 559 741 gravior
586 689 758 729 hibenda
788 702 903 741 quam
932 688 1077 740 leliqua
1105 688 1250 735 omnia,
1284 688 1388 739 quod
1415 688 1612 727 Aristoteli

202 740 341 798 placet,
368 759 527 785 neeesse
553 752 629 792 est,
659 746 762 797 quod
790 747 999 784 honestum
1027 745 1093 792 sit⁷
1122 745 1159 783 id
1187 757 1274 783 esse
1302 750 1366 783 aut
1393 744 1519 783 solum
1548 750 1613 783 aut

203 816 401 842 summum
422 803 587 849 bonum,
618 803 720 853 quod
743 808 868 841 autem
890 802 1058 847 bonum,
1085 776 1124 840 ⁷id
1149 806 1249 839 celte
1271 801 1374 846 utile,
1402 801 1470 847 ita,
1499 800 1612 852 quid-

203 859 292 910 quid
314 859 539 906 honestum,
561 834 596 897 iil
622 859 719 897 utile.
762 860 847 906 Qua
868 871 909 897 re
930 871 1038 897 error
1060 857 1262 896 hominum
1284 869 1364 896 non
1386 832 1613 908 prohorum,

203 929 289 954 cum
312 916 466 966 aliquid,
489 915 590 966 quod
613 915 702 953 utile
724 915 848 953 visum
871 921 938 961 est,
961 914 1139 965 arripuit,
1173 914 1210 953 id
1231 913 1415 953 continuo
1448 914 1614 953 secernit

203 972 249 1010 ab
278 973 456 1010 honesto,
498 972 596 1009 llinc
618 972 735 1017 sicae,
764 971 853 1009 hinc
874 983 1038 1017 venena,
1068 970 1158 1008 hine
1179 970 1270 1008 falsa
1293 975 1522 1009 testamenta
1543 982 1613 1009 na-

204 1034 382 1074 seuntur⁷
417 1027 507 1066 hine
535 1028 651 1073 furta,
680 1027 897 1077 peculatus,
927 1026 1176 1077 expilationes
1206 1026 1518 1078 direptionesque
1545 1039 1612 1065 so-

204 1084 352 1123 ciorum
381 1089 417 1123 et
438 1083 596 1130 civium,
625 1084 714 1122 hine
737 1096 855 1135 opum
877 1083 1083 1122 nimiarum
1106 1083 1300 1134 potentiae
1321 1095 1400 1121 non
1422 1083 1611 1129 ferendae,

202 1146 403 1192 postremo
432 1140 545 1179 etiam
574 1140 611 1178 in
639 1140 767 1178 liberis
791 1139 1003 1179 civitatibus
1026 1139 1211 1190 regnandi
1233 1139 1404 1178 existunt
1425 1139 1614 1190 cupidita—

205 1205 274 1242 tes,
298 1197 437 1248 quibus
458 1197 552 1235 nihil
574 1209 643 1235 nee
666 1197 822 1235 taetrius
841 1209 912 1235 nec
929 1196 1079 1235 foedius
1096 1196 1303 1247 excogitari
1322 1201 1461 1247 potest.
1492 1196 1614 1235 Emo-
1668 1238 1671 1241 v

203 1254 371 1292 lumenta
397 1254 498 1292 enim
522 1265 651 1291 rerum
674 1253 865 1293 fallacibus
887 1253 1037 1292 iudiciis
1061 1252 1206 1299 vident,
1236 1264 1402 1303 poenam
1423 1264 1503 1292 non
1527 1252 1612 1291 dico

205 1311 349 1361 legum,
385 1322 480 1360 quas
514 1322 627 1361 saepe
660 1315 937 1361 perrumpunt,
973 1309 1039 1347 sed
1069 1309 1191 1360 ipsius
1218 1309 1483 1360 turpitudinis,
1518 1321 1615 1360 quae

205 1366 453 1405 acerbissima
482 1372 556 1413 est,
585 1378 664 1405 non
691 1366 830 1404 vident.
873 1368 999 1413 Quam
1024 1365 1072 1404 ob
1095 1378 1176 1404 rem
1200 1366 1274 1404 hoc
1295 1365 1449 1417 quidem
1472 1365 1614 1404 delibe-

253 1482 321 1511 Ium
344 1490 409 1510 nou
430 1479 558 1510 utilitas·
575 1478 792 1520 relinquenda
810 1481 870 1518 est,

205 1524 287 1555 dann
307 1524 383 1555 ‹larl'
398 1534 469 1555 man
489 1524 546 1555 das
564 1524 651 1555 nieht
665 1534 701 1555 so
715 1524 870 1564 anscheri,

204 1568 253 1600 als
272 1569 371 1600 sollte
389 1579 460 1600 man
481 1569 593 1600 seinen
608 1568 739 1601 Nutzen
757 1567 871 1609 ausge-

206 1614 278 1645 ben.

249 1661 476 1691 convenientia
504 1662 536 1691 et
558 1660 761 1691 eous-tantia.
808 1659 872 1690 Das

205 1704 289 1735 Bb'se
320 1705 409 1736 steht
439 1705 527 1735 nicht
556 1705 586 1735 in
615 1704 873 1736 Uebereinstim-

205 1759 302 1789 mung
332 1750 389 1781 mit
417 1750 476 1781 der
500 1750 732 1790 vei-niinl'tigen
756 1749 872 1789 Natur,

205 1795 337 1825 woraul'
367 1795 433 1825 sicli
468 1797 708 1831 conzvem'entsa,
739 1795 801 1825 und
833 1795 874 1825 im

206 1839 447 1881 &Viderspruch
462 1840 520 1871 mit
534 1840 600 1870 sich
615 1840 731 1879 selbst,
745 1840 878 1871 woraul'

206 1884 273 1915 sich
293 1886 483 1915 constantia
501 1884 641 1916 bezielit.

250 1928 416 1970 llemque:
447 1930 505 1960 der
522 1930 623 1961 ‹li-itte
642 1929 873 1972 Syll‹›gisniuS‚

205 1975 265 2006 der
293 1975 362 2006 sich
392 1984 455 2005 von
482 1975 553 2005 dem
578 1975 873 2014 vorlicrgelieuden

205 2030 267 2051 nur
284 2019 392 2059 wenig
409 2020 667 2051 unterselieidet.
699 2019 732 2051 ln
753 2020 872 2050 Beiden

204 2065 287 2096 wird
297 2069 400 2096 etwas
412 2064 671 2096 L'nbewiesenes
680 2065 729 2096 als
741 2064 872 2096 Grund-

204 2111 278 2151 lage
293 2110 350 2141 des
367 2110 532 2140 sseweises
546 2114 687 2149 gesetzt.
716 2110 781 2141 Der
795 2110 872 2152 syl-

205 2154 364 2195 logismus
393 2165 464 2185 war
488 2155 538 2185 die
564 2154 661 2186 Form
687 2155 745 2186 der
771 2154 872 2186 Rode.

207 2201 236 2231 in
262 2201 321 2231 der
344 2200 395 2231 die
414 2199 548 2231 Stoiker
570 2210 619 2231 am
646 2200 786 2231 llebsten
805 2200 874 2231 ihre

206 2245 306 2277 Siitze
325 2245 490 2276 bewiesen
510 2245 574 2276 und
588 2246 658 2276 ihre
674 2245 876 2285 Gegneran-

206 2290 333 2330 grill'en.
366 2290 464 2322 Tusc.
478 2289 514 2328 ll,
538 2290 587 2329 15,
607 2290 648 2320 42
667 2295 792 2332 spottet
808 2290 874 2322 Cic.

206 2336 286 2367 iiber
303 2336 356 2367 die
370 2334 579 2368 eontortzdae
591 2338 623 2367 et
637 2338 785 2367 minutae
798 2346 875 2368 eon-

205 2381 431 2413 clusz'uuculae
447 2379 648 2412 Stoicorum.

251 2437 386 2458 neeesse
408 2429 475 2466 est,
499 2425 587 2467 quod
608 2426 785 2458 honestum
811 2428 871 2457 eet.

208 2471 366 2503 Dei-selbe
383 2471 603 2513 Syllogismus
621 2471 685 2502 wie
700 2472 739 2502 de.
755 2471 808 2502 lin.
824 2470 872 2511 ΙΙΙ,

207 2517 236 2551 δ,
257 2517 295 2547 27
321 2517 410 2558 quod
432 2520 484 2547 est
502 2518 625 2548 bouum.
643 2528 740 2548 (mute
755 2515 874 2548 lauda-

206 2562 266 2592 bile
288 2565 355 2597 est,
378 2562 467 2604 quod
486 2564 600 2593 aulem
623 2561 789 2594 laudabile
812 2564 873 2601 est,

946 1489 1042 1510 omne
1063 1479 1241 1510 honestum
1266 1479 1331 1517 est,
1362 1479 1485 1510 bonum
1507 1479 1615 1519 igz'tur

945 1523 1035 1565 quod
1050 1526 1110 1565 est,
1127 1524 1307 1555 honestum
1324 1526 1390 1554 est:
1407 1533 1434 1554 z.
1451 1522 1488 1563 ΙΙ,
1508 1522 1538 1561 3,
1561 1522 1611 1553 10.

992 1567 1044 1600 36.
1071 1579 1168 1601 error
1183 1568 1366 1610 hominum,
1385 1568 1414 1599 d.
1430 1568 1448 1600 i.
1464 1568 1610 1599 homines

946 1618 1117 1652 errantes3
1144 1624 1172 1645 z.
1194 1614 1223 1654 §-
1243 1613 1272 1652 3,
1297 1613 1347 1644 17.

980 1658 1169 1701 saliaribus
1200 1658 1346 1699 iudiciis,
1377 1659 1436 1690 mit
1470 1658 1614 1699 triigeri-

949 1705 1045 1735 selu-1·
1064 1704 1285 1744 Bereclmung.

993 1760 1076 1791 quas
1122 1759 1222 1792 saepe
1258 1751 1497 1792 pet-rumpunt.
1555 1748 1615 1780 Die

948 1794 1044 1826 Hdss.
1070 1794 1171 1826 haben
1198 1805 1313 1836 quam,
1336 1793 1416 1825 aber
1433 1794 1513 1825 auch
1533 1794 1616 1825 'aihu-

947 1839 1031 1871 liche
1050 1839 1189 1879 Stellen,
1208 1840 1270 1870 wie
1289 1839 1319 1870 in
1338 1838 1436 1870 Yerr.
1455 1839 1476 1870 l.
1493 1838 1514 1879 l,
1529 1839 1559 1880 5,
1576 1838 1615 1870 13

947 1886 1145 1926 cousringat
1167 1886 1232 1916 iste
1254 1895 1337 1916 saue
1354 1886 1386 1916 vi
1401 1894 1464 1916 sua
1480 1884 1617 1916 consilia

947 1932 1127 1971 senatoria,
1145 1932 1356 1971 quaestiones
1375 1932 1525 1962 omnium
1538 1940 1617 1972 per-

948 1977 1096 2017 rumpat,
1116 1975 1218 2006 evolet
1236 1985 1280 2006 ea·
1299 1977 1412 2006 vestra
1428 1977 1616 2006 severitate.

947 2019 987 2050 de
1018 2024 1100 2061 part.
1135 2029 1183 2050 or.
1216 2019 1268 2057 34,
1307 2019 1369 2050 114
1394 2030 1618 2063 permmpere

944 2064 1134 2107 perieulum
1156 2066 1335 2104 vermb'gen
1360 2064 1421 2095 den
1440 2065 1617 2096 Ausdruek

944 2120 1089 2152 poenam
1104 2120 1327 2154 perrumpere
1345 2109 1434 2142 nicht
1451 2120 1492 2141 zu
1508 2110 1615 2141 recht-

947 2154 1100 2195 fertigen.

993 2202 1099 2243 ipsius
1115 2199 1348 2244 turpitudinis,
1373 2211 1457 2242 quae
1473 2201 1619 2232 acerbis-

948 2247 1035 2276 sima
1053 2248 1114 2277 est.
1149 2246 1194 2277 Es
1214 2246 1258 2277 ist
1275 2245 1326 2276 ein
1345 2245 1455 2286 hiiufig
1473 2256 1537 2277 von
1556 2245 1616 2276 den

950 2290 1104 2322 Stoikeru
1119 2289 1354 2331 ausgel'iihrter
1364 2290 1455 2330 Satz,
1466 2291 1552 2330 dass,
1563 2300 1619 2321 so-

949 2336 1013 2366 wie
1037 2336 1088 2367 die
1111 2334 1248 2375 Tugend
1278 2346 1317 2366 an
1342 2335 1409 2367 sich
1435 2334 1619 2376 gliickselig

949 2381 1071 2421 mat-he,
1097 2381 1149 2412 die
1167 2380 1278 2412 strare
1298 2381 1356 2412 des
1375 2380 1479 2412 Bb'sen
1498 2380 1618 2411 unmit-

949 2425 1056 2457 telbur
1081 2426 1111 2456 in
1135 2427 1246 2457 seiner
1270 2425 1384 2456 iunern
1412 2424 1618 2457 Besclialsen-

948 2471 1015 2502 heit
1039 2471 1134 2510 liege.
1169 2471 1286 2502 Senee.
1311 2481 1360 2512 ep.
1385 2470 1437 2510 57,
1463 2470 1504 2502 24
1527 2473 1622 2512 utqui

947 2517 1136 2547 maan‘umm
1166 2515 1330 2548 scelerum
1353 2515 1553 2560 supplicium
1585 2517 1618 2546 iu

945 2563 1028 2604 ipsis
1045 2563 1106 2592 est.
