1684 2819
251 926 375 984 (luem
398 938 443 975 ad
466 936 627 975 modum
651 936 775 975 officia
793 937 1024 976 ducerentur
1041 938 1087 977 ab
1106 938 1318 983 honestate,
1341 937 1464 976 Marce
1480 937 1543 984 fili,
1573 943 1593 980 1

138 1000 249 1046 atque
272 994 318 1032 ah
344 993 450 1032 omni
472 1005 611 1044 genere
632 992 780 1032 virtutis
804 994 896 1032 satis
919 994 1147 1045 explicatum
1169 993 1336 1033 arbitror
1356 993 1452 1032 libro
1476 1007 1542 1033 su·
1576 1005 1589 1035 1

139 1050 303 1102 periore.
342 1050 523 1102 Sequitur
545 1054 585 1087 ut
601 1049 693 1087 haec
710 1050 925 1088 officiorum
943 1063 1082 1101 genera
1099 1062 1320 1102 persequar,
1342 1062 1437 1101 quae
1454 1063 1545 1101 per-

141 1108 262 1146 tinent
282 1107 329 1145 ad
351 1106 447 1145 vitae
471 1106 616 1145 cultum
638 1112 674 1144 et
695 1106 741 1144 ad
763 1119 895 1144 earum
916 1119 1058 1154 rerum,
1080 1107 1219 1158 quihus
1237 1111 1399 1145 utuntur
1415 1107 1545 1145 homi-

140 1177 219 1210 nes,
243 1163 472 1209 facultatem,
495 1163 541 1201 ad
563 1175 670 1212 opeS‚
692 1163 738 1201 ad
761 1162 910 1213 copias:
940 1163 977 1201 in
1001 1176 1077 1214 quo
1101 1169 1185 1202 tum
1207 1162 1336 1213 quaeri
1358 1162 1433 1200 dixi
1455 1163 1545 1213 quid

141 1220 247 1266 utile,
276 1220 364 1270 quid
394 1219 542 1265 inutile,
571 1224 652 1257 tum
675 1231 718 1256 ex
741 1219 896 1257 utilibus
918 1219 1009 1269 quid
1030 1219 1161 1258 utilius
1183 1224 1248 1258 aut
1269 1219 1359 1269 quid
1381 1219 1546 1257 maxime

139 1276 240 1314 utile.
281 1276 335 1314 De
365 1275 503 1326 quibus
527 1274 651 1313 dicere
673 1275 882 1325 adgrediar,
914 1276 946 1314 si
967 1288 1087 1326 pauca
1107 1269 1215 1326 prius
1238 1276 1284 1313 de
1307 1275 1480 1314 instituto
1503 1288 1548 1314 ac

140 1333 185 1371 de
213 1331 354 1370 iudicio
383 1344 471 1370 meo
495 1331 638 1369 dixero.
683 1331 929 1383 Quamquam
950 1332 1053 1370 enim
1073 1332 1160 1370 libri
1181 1331 1305 1370 nostri
1328 1332 1545 1381 complures
1574 1342 1593 1373 2

141 1400 221 1426 non
249 1388 367 1426 modo
390 1388 435 1426 ad
462 1387 631 1437 legendi,
660 1387 726 1425 sed
748 1387 861 1426 etiam
885 1388 930 1426 ad
953 1388 1143 1427 scribendi
1165 1388 1337 1427 studium
1360 1387 1546 1425 excitave-

141 1449 249 1491 runt,
276 1450 407 1482 tamen
429 1443 620 1481 interdum
642 1456 777 1481 vereor
796 1456 844 1482 ne
867 1445 1100 1495 quibusdam
1122 1444 1237 1482 honis
1257 1443 1348 1482 viris
1370 1443 1547 1494 philoso-

141 1500 251 1552 phiae
278 1512 425 1538 nomen
455 1500 505 1538 sit
540 1499 706 1538 invisum
737 1499 1001 1552 mirenturque
1024 1501 1063 1539 in
1090 1514 1131 1540 ea
1152 1505 1302 1539 tantum
1325 1512 1386 1538 me
1409 1506 1568 1551 operae

141 1563 177 1595 et
203 1556 390 1607 temporis
419 1569 575 1606 ponere.
622 1556 703 1605 Ego
731 1561 877 1602 autem,
907 1570 1021 1607 quam
1050 1557 1113 1595 (liu
1136 1569 1197 1595 res
1219 1556 1369 1607 publica
1391 1568 1460 1606 per
1480 1569 1546 1595 eos

142 1613 353 1663 gerebatur,
376 1613 516 1663 quibus
538 1625 578 1650 se
599 1612 683 1662 ipsa
705 1613 964 1660 commiserat,
987 1625 1123 1651 omnes
1146 1626 1251 1652 meas
1274 1624 1383 1650 curas
1402 1613 1546 1662 cogita-

146 1670 347 1719 tionesque
384 1668 423 1706 in
458 1681 541 1706 eam
578 1668 834 1707 conferebam.
892 1670 988 1708 Cum
1029 1676 1156 1707 autem
1200 1669 1401 1707 dominatu
1429 1668 1545 1707 unius

189 1764 226 1801 1.
250 1769 276 1801 l.
292 1769 518 1811 facultatem:
535 1768 557 1809 Ῑ,
573 1768 602 1808 3,
618 1768 648 1799 9.
664 1767 804 1810 11§.15:

142 1816 200 1846 der
222 1814 334 1846 Plural
364 1815 446 1845 wird
471 1818 604 1845 concret
627 1814 807 1853 gebraueht

140 1874 184 1887 ε
201 1860 252 1891 die.
271 1859 389 1891 Mittel.

187 1908 256 1936 tum
276 1916 320 1936 ea·
344 1904 481 1936 utilibus
498 1922 542 1925 ——
557 1906 708 1935 mumime
727 1903 807 1935 utile

140 1949 222 1981 fehlt
246 1950 276 1980 in
301 1950 361 1980 den
392 1949 530 1980 meisten
556 1948 670 1987 Hdss,
701 1949 807 1979 worin

142 1994 251 2026 indess
276 1996 356 2025 noch
383 1994 455 2025 kein
484 1992 597 2024 Grund
622 1994 718 2034 liegt,
745 1995 807 2024 den

140 2050 267 2080 ganzeu
282 2039 361 2071 Satz
375 2050 439 2070 von
452 2040 486 2069 2'11
506 2048 569 2080 quo
589 2042 659 2070 tum
676 2049 715 2070 an
730 2049 807 2070 aus-

142 2090 334 2123 zustossen,
361 2084 423 2115 wie
442 2083 554 2124 Unger
571 2084 695 2115 wollte.
739 2084 807 2114 Der

142 2131 222 2161 auch
242 2130 425 2171 sprachlicli
443 2139 526 2169 ganz
544 2129 805 2160 unbedenkliche

142 2174 266 2206 Zusatz
285 2174 375 2214 giebt
392 2174 443 2204 die
461 2173 578 2204 beiden
596 2173 806 2215 Haupttheile

143 2220 200 2250 des
219 2219 323 2250 Bu‹·hs
342 2229 393 2257 an,
411 2218 462 2249 die
480 2228 545 2249 von
566 2229 592 2249 c.
613 2217 723 2248 3—24
740 2219 806 2249 und

144 2275 170 2296 c.
190 2263 230 2294 25
258 2264 460 2305 besprochen
485 2263 630 2294 werden.
663 2263 713 2294 De
735 2264 806 2305 (μα’-

143 2310 203 2341 bus
243 2309 375 2340 bezieht
415 2308 481 2339 sich
522 2309 593 2339 dem
628 2307 806 2339 Gedauken

142 2354 222 2385 nach
240 2353 300 2385 aus
313 2354 505 2396 officiorum
519 2363 657 2394 genera.

187 2399 227 2431 de
243 2401 398 2431 instituto
416 2409 454 2431 ac
471 2398 603 2438 iudicio,
622 2398 704 2429 iiber
721 2399 806 2430 mein

143 2443 384 2476 Unternehmen
410 2444 475 2474 und
500 2444 551 2475 die
569 2443 723 2483 Ansicht,
748 2444 807 2475 der

145 2489 193 2519 ich
213 2488 309 2529 Folge.
342 2489 501 2521 iudicium
518 2489 650 2520 bezieht
668 2490 733 2520 sich
752 2488 811 2520 auf

145 2533 195 2564 die
234 2533 508 2575 Rechtrertigung
543 2535 601 2566 des
641 2534 806 2565 akademi-

145 2578 242 2610 schen
262 2578 506 2622 Standpunktes
525 2578 556 2622 ξ.
572 2579 620 2611 7f.
647 2579 804 2619 N‘a'gelsb.

879 1771 935 1802 lat.
962 1770 1010 1801 St.
1030 1780 1060 1811 p.
1080 1769 1122 1800 29
1151 1769 1323 1800 iibersetzt
1345 1768 1459 1809 ‚wahl
1488 1770 1546 1800 des

879 1815 1023 1847 Stoffes⁴.

924 1860 954 1890 2.
998 1859 1064 1890 Das
1100 1859 1303 1899 Proo'lniuni,
1342 1859 1447 1889 worin
1477 1858 1544 1890 Cic.

880 1905 972 1936 seine
997 1903 1283 1946 philosophischen
1303 1903 1438 1935 Studien
1466 1905 1546 1935 nach

880 1951 952 1981 dein
972 1949 1184 1989 Untergange
1203 1949 1262 1979 der
1279 1948 1441 1990 Republik
1463 1948 1505 1990 (ξ.
1528 1949 1541 1980 1

878 1994 963 2034 —6)
997 1995 1060 2025 und
1095 1995 1186 2025 scine
1220 1993 1373 2025 Methode
1409 1993 1457 2035 (ξ.
1477 1993 1543 2034 7f.)

881 2039 1107 2079 reehtfertigt‚
1135 2039 1257 2070 stimmt
1275 2040 1347 2069 dein
1365 2038 1545 2070 Gedanken

879 2085 959 2116 nach
978 2095 1061 2124 ganz
1081 2084 1215 2115 iiberein
1233 2084 1291 2114 mit
1310 2084 1380 2114 dem
1399 2094 1472 2114 zum
1491 2094 1547 2114 er-

879 2134 953 2161 sten
972 2129 1079 2160 Buche
1107 2130 1145 2159 de
1164 2133 1229 2159 nat.
1249 2129 1340 2159 deor.
1374 2128 1425 2159 Ad
1443 2128 1545 2160 Attic.

882 2174 931 2205 16.
953 2173 972 2204 6
991 2178 1064 2213 sagt
1081 2173 1147 2204 Cic.
1172 2174 1275 2205 habeo
1300 2172 1450 2205 volumen
1465 2184 1548 2217 pro-

880 2220 1078 2250 omniorum.
1129 2218 1185 2249 Ele
1218 2229 1255 2249 eo
1289 2218 1414 2260 eleg-ere
1446 2218 1546 2260 solen,

879 2274 952 2295 eum
972 2263 1107 2305 aliquod
1125 2260 1351 2307 σύγγραμμα
1368 2265 1511 2295 institui.

923 2308 968 2340 ad
984 2308 1166 2340 scribendi:
1184 2309 1223 2339 de
1243 2312 1307 2340 nat.
1326 2309 1416 2340 deor.
1437 2308 1459 2349 Ι,
1474 2308 1505 2347 4,
1527 2308 1545 2340 S

879 2365 980 2396 eoque
1002 2365 1057 2385 me
1079 2356 1192 2385 minus
1215 2355 1366 2385 instituti
1380 2355 1449 2384 mel
1462 2365 1545 2397 poe-

878 2402 975 2441 m'tel,
1009 2399 1098 2441 quod
1121 2399 1232 2440 facile
1256 2398 1411 2440 intellego
1444 2409 1544 2440 qnam

878 2444 1065 2476 multorum
1087 2454 1153 2475 mm
1178 2443 1276 2475 modo
1304 2443 1454 2475 discendi
1485 2443 1547 2475 sed

880 2492 980 2521 etiam
993 2489 1161 2521 scribendi
1172 2489 1286 2520 stadia
1299 2490 1544 2531 commoverint.

926 2536 1005 2566 boni
1020 2535 1102 2566 viri:
1130 2533 1153 2573 l,
1175 2534 1203 2573 7,
1223 2534 1276 2564 20.

922 2580 1156 2623 philosophiae
1172 2589 1310 2611 nomen:
1327 2577 1380 2619 ΙΙΙ,
1399 2578 1451 2619 28,
1473 2578 1546 2610 101.
