1684 2819
93 160 146 201 85
558 155 613 207 nu
639 153 821 188 NATURA
845 155 1027 189 DEORUM

95 272 219 312 neque
241 258 390 297 deficiat
411 268 598 307 umquam
621 268 665 293 ex
688 256 847 295 infinitis
870 257 1098 308 corporibus
1120 257 1303 297 similium
1319 257 1504 305 accessio,

97 329 143 356 ex
165 328 287 367 eoque
310 313 409 359 lieri,
437 317 479 350 ut
499 312 537 350 in
561 312 656 350 haec
683 311 829 350 intenta
851 324 961 351 mens
982 319 1116 352 nostra
1137 314 1286 353 beatam
1308 314 1410 353 illam
1434 326 1504 353 na-

13 371 73 414 ⁴88
97 378 222 412 turam
245 377 282 409 et
310 368 586 419 sempiternam
617 372 737 418 putet.
786 367 887 415 Hoc,
915 381 984 419 per
1012 369 1122 419 ipsos
1150 370 1262 416 deos,
1291 371 1337 409 de
1365 370 1504 421 quibus

5 715 69 750 106

6 1054 67 1088 107

96 428 303 481 loquimur,
326 425 434 476 quale
455 424 610 463 tandem
634 422 722 462 est?
764 423 861 463 Nam
883 425 916 463 si
940 426 1209 464 tantummodo
1233 426 1277 465 ad
1301 426 1505 478 cogitatio-

96 497 186 524 uem
207 482 331 521 valent
354 493 426 519 nec
454 481 571 519 ullam
602 480 748 519 habent
775 480 1005 519 soliditatem
1027 493 1098 520 nec
1123 481 1385 529 eminentiam,
1415 483 1506 533 quid

97 541 276 585 interest,
299 543 430 576 utrum
452 538 498 576 de
521 537 829 588 hippocentauro
852 550 899 576 an
918 538 964 576 de
986 537 1057 576 deo
1080 537 1322 587 cogitemus?
1351 550 1507 578 omnem

97 596 199 635 enim
240 595 351 634 talem
394 593 745 633 conformationem
786 594 903 632 animi
944 594 1057 633 ceteri
1092 593 1316 645 philosophi
1356 600 1508 634 motum

97 653 250 691 inanem
278 656 437 690 vocant:
470 664 539 689 vos
573 655 699 689 autem
735 651 940 689 adventum
978 650 1015 688 in
1053 650 1204 689 animos
1241 656 1277 689 et
1306 650 1508 689 introitum

96 709 308 759 imaginum
337 707 475 746 dicitis.
516 707 566 746 Ut
602 707 734 758 igitur,
774 707 831 746 Ti.
861 708 1076 746 Gracchum
1106 720 1224 758 quum
1255 706 1386 745 videor
1413 719 1509 745 con-

97 766 314 805 cionantem
358 764 396 802 in
434 763 622 816 Capitolio
660 764 788 802 videre
824 765 869 803 de
905 765 951 803 M.
991 764 1148 802 Octavio
1186 764 1419 802 deserentem
1455 763 1509 802 si-

97 822 241 868 tellam,
278 827 360 860 tum
397 833 485 860 eum
522 827 673 859 motum
711 821 827 859 animi
864 820 949 859 dico
978 834 1064 859 esse
1093 820 1263 867 inanem;
1300 826 1341 859 tu
1368 825 1509 865 autem,

98 883 133 917 et
175 877 336 917 Gracchi
379 882 415 915 et
457 876 602 915 Octavii
645 876 832 927 imagines
873 890 1090 923 remanere,
1137 890 1232 928 quae
1274 877 1310 915 in
1353 876 1509 927 Capito-

98 935 189 973 lium
227 946 345 985 quum
387 933 657 984 pervenerint,
696 940 778 972 tum
821 934 865 973 ad
903 934 1072 972 animum
1109 946 1239 971 meum
1277 934 1509 971 reserantur:

96 991 172 1029 hoc
199 991 299 1029 idem
331 990 410 1028 lieri
437 991 476 1028 in
504 991 594 1036 deo,
630 990 739 1028 cuius
775 990 906 1029 crebra
942 991 1034 1028 l'acie
1070 990 1259 1041 pellantur
1294 989 1431 1036 animi,
1467 1001 1511 1027 ex

100 1060 175 1098 quo
204 1060 287 1084 esse
315 1046 413 1084 beati
447 1051 560 1097 atque
596 1047 738 1085 aeterni
772 1047 1041 1097 intelligantur.
1090 1047 1164 1085 Fac
1197 1046 1384 1095 imagines
1412 1058 1510 1091 esse,

97 1103 237 1155 quibus
270 1102 473 1153 pulsentur
501 1103 638 1141 animi:
676 1102 825 1154 species
863 1104 1060 1142 dumtaxat
1095 1102 1272 1141 obiicitur
1304 1102 1512 1152 quaedam,

96 1172 191 1199 num
219 1159 332 1198 etiam
362 1172 430 1197 cur
456 1172 497 1198 ea
524 1160 633 1198 beata
669 1160 737 1205 sit,
775 1172 843 1198 cur
876 1158 1057 1198 aeterna‘?
1115 1160 1220 1206 Quae
1254 1164 1381 1197 autem
1417 1158 1512 1196 istae

97 1216 284 1267 imagines
328 1221 474 1254 vestrae
510 1221 573 1255 aut
611 1215 742 1254 unde?
797 1216 829 1254 A
868 1216 1087 1255 Democrito
1134 1215 1294 1253 omnino
1334 1216 1427 1254 haec
1465 1214 1511 1253 li-

99 1272 231 1311 centia.
289 1272 364 1310 Sed
400 1278 436 1310 et
470 1272 530 1310 illc
566 1274 826 1324 reprehensus
855 1286 874 1311 a
903 1273 1032 1311 multis
1062 1277 1138 1316 est,
1171 1284 1243 1310 nec
1271 1285 1340 1310 vos
1368 1271 1510 1310 exitum

99 1329 295 1379 reperitis,
325 1334 480 1380 totaque
508 1342 569 1367 res
592 1330 736 1368 vacillat
763 1336 799 1368 et
828 1330 1023 1368 claudicat.
1065 1328 1160 1367 Nam
1188 1328 1277 1379 quid
1300 1334 1378 1372 est,
1408 1327 1510 1378 quod

98 1384 228 1423 minus
256 1385 412 1436 probari
443 1385 588 1436 possit,
627 1399 741 1436 quam
772 1386 946 1424 omnium
974 1386 1011 1423 in
1041 1398 1101 1423 me
1124 1385 1291 1423 incidere
1314 1384 1511 1434 imagines,

99 1497 158 1527 der
172 1496 354 1537 glittlichen
366 1496 499 1527 Gestalt
510 1497 672 1528 crhalten.
692 1497 769 1538 Epi-

99 1542 162 1572 kur
180 1545 312 1581 nannte,
331 1541 395 1572 wic
411 1551 447 1571 es
463 1541 601 1577 scheint,
621 1541 673 1572 die
689 1541 770 1573 Giit-

847 1498 920 1528 vius
941 1497 1152 1535 beantragte,
1172 1496 1234 1526 und
1254 1496 1311 1526 «las
1331 1495 1418 1526 von<
1436 1495 1511 1526 dar-

846 1542 928 1572 iiher
945 1541 1138 1572 ahstinuucn
1160 1541 1250 1571 liess.

99 1581 447 1629 teryrwmobgzarc}
460 1582 656 1630 ὁμοειδιάν
664 1585 702 1618 ἐκ
711 1587 773 1627 τῆς

100 1631 277 1683 συνεχοῦς
299 1627 527 1675 ἐπιρρύσεως
541 1632 613 1663 τῶν
629 1628 772 1675 ὁμοίων

100 1675 774 1715 efflwkwv:erknnntmdercrkenn-

101 1722 188 1761 har)
224 1722 295 1753 der
323 1721 624 1753 Aehnlichkeit
658 1723 771 1759 nach,

99 1767 136 1798 in
157 1766 280 1807 Folge
306 1768 373 1798 des
392 1767 669 1807 best'andigen
689 1767 771 1798 Zu-

101 1814 306 1843 striimens
332 1812 403 1842 der
433 1812 655 1843 iihnlichen
686 1813 770 1844 Bil-

100 1857 183 1888 der.

146 1894 214 1934 38.
234 1900 464 1932 tantummodo
480 1901 525 1932 ad
531 1903 771 1942 cogitationem

101 1946 220 1981 valent,
240 1946 315 1977 weil
337 1946 383 1976 sie
400 1946 516 1977 keinen
536 1947 701 1977 Eindruek
717 1948 776 1978 aus

100 1991 151 2022 die
186 1991 302 2030 Sinne,
342 1992 484 2021 sondern
529 2002 591 2021 nur
629 1992 689 2022 aul'
718 1992 770 2022 (lie

100 2036 197 2067 Scele
234 2047 273 2067 zu
304 2037 437 2066 macheu
469 2038 663 2077 vei-iniigen,
698 2037 769 2067 also

100 2081 254 2122 lediglich
278 2081 334 2112 l'iii·
357 2081 408 2112 die
428 2080 648 2121 Vorstcllung
671 2082 772 2112 uirk-

100 2126 162 2157 lich
185 2126 268 2157 sind.

147 2171 244 2203 talem
269 2172 573 2213 colff‹›1·711atz'0110111
598 2174 720 2207 am'tm‘,
740 2172 771 2203 d.

101 2217 131 2247 h.
148 2217 221 2247 eine
236 2217 359 2254 solelie,
375 2218 458 2247 ohne
475 2216 635 2248 sinnliehe
652 2217 773 2248 VVahr-

101 2262 281 2301 nehmung,
306 2262 406 2293 allein
436 2263 464 2293 in
491 2262 551 2293 ‹ler
575 2262 672 2293 Scele
698 2267 773 2293 ent-

102 2307 261 2337 standcne.
278 2307 505 2347 Ymstellung.
533 2309 658 2349 Animi,
673 2308 773 2349 genit.

102 2351 251 2391 subiect„
273 2352 359 2383 nieht
378 2352 496 2383 obiect.

152 2396 224 2427 106.
263 2396 309 2429 Τι’.
338 2396 522 2429 Graec-Imm
550 2401 609 2429 ete.
656 2399 772 2429 Bezie-

101 2442 188 2482 hung
210 2442 270 2474 aut·
295 2443 347 2473 (lie
373 2443 537 2474 hekannte
564 2442 771 2485 (leschiehte,

101 2487 164 2518 wie
196 2487 247 2518 Ti.
275 2487 443 2519 Gracchus
472 2488 522 2519 als
554 2488 771 2520 Volkstribun

102 2531 153 2562 dic
179 2532 374 2573 Absetzung
405 2534 514 2564 seines
548 2534 609 2565 ihm
636 2534 771 2566 W'ider-

103 2578 198 2608 stand
224 2577 407 2609 leistenden
427 2578 585 2618 Collegen
608 2579 651 2611 M.
671 2579 770 2611 Octa-

890 1588 1056 1627 imagines
1069 1595 1255 1617 rmnanere.
1284 1585 1372 1616 Nach
1388 1584 1514 1626 Epikur

847 1634 992 1663 sti-limen
1012 1642 1075 1662 von
1095 1631 1155 1661 den
1174 1630 1297 1670 Dingcn
1318 1631 1406 1661 nieht
1423 1630 1513 1660 bloss

846 1677 958 1708 Bildcr
979 1676 1141 1717 groberer
1159 1675 1419 1707 Beschall'enheit
1441 1685 1513 1715 aus,

845 1722 971 1753 welche
1007 1722 1064 1752 das
1094 1721 1187 1761 Auge
1216 1721 1401 1760 ausuhnmt,
1436 1730 1509 1751 son—

846 1768 925 1798 ‹lern
945 1768 1025 1798 auch
1047 1767 1182 1803 l'einere,
1197 1767 1324 1797 welche.
1342 1765 1512 1797 unmittel-

846 1813 905 1843 bar
930 1813 959 1843 in
987 1813 1038 1843 die
1064 1812 1161 1842 Seele
1186 1811 1334 1850 dringen.
1380 1810 1512 1842 Lucret.

846 1857 900 1896 lv,
928 1857 1047 1887 726112
1093 1857 1211 1887 soh-he
1247 1857 1356 1887 Bilder
1389 1856 1512 1887 daueru

846 1902 929 1940 fort,
964 1903 1045 1932 aut-h
1080 1912 1172 1932 wenn
1207 1901 1259 1932 die
1294 1902 1412 1941 Dioge,
1449 1911 1512 1931 von

846 1947 992 1977 welehen
1019 1947 1067 1976 sie
1092 1946 1290 1979 herriilwen.
1318 1946 1406 1977 nieht
1423 1946 1514 1977 mehr

844 1992 1032 2022 vorhandvn
1063 1991 1151 2023 sind:
1184 1992 1298 2021 woher
1321 2001 1356 2021 es
1381 1991 1512 2030 konnnt,

845 2037 922 2067 (lass
940 2037 1000 2067 der
1017 2036 1114 2067 Seele
1135 2036 1202 2066 sieh
1222 2037 1302 2067 auch
1320 2036 1431 2066 Bilder
1448 2046 1512 2066 von

847 2082 957 2121 liingst
972 2081 1220 2112 N‘vrstorbviwn
1236 2081 1415 2112 darstellen
1432 2081 1511 2112 kein-

846 2138 924 2168 nen,
953 2137 981 2157 z.
1003 2126 1035 2157 13.
1061 2127 1090 2157 in
1110 2125 1294 2166 Triiunwn,
1320 2126 1453 2157 Lucret.
1473 2126 1512 2166 V,

846 2172 898 2202 (33.

897 2217 968 2247 lm.
1003 2227 1023 2247 a
1045 2216 1236 2248 Democra'to
1267 2217 1346 2248 haec
1371 2216 1512 2248 lieentia.

850 2262 948 2293 Diese
966 2262 1186 2292 willkiirliehe
1203 2262 1369 2293 Annahme
1385 2262 1428 2293 ist
1442 2262 1512 2293 dem

849 2307 1022 2338 Deinokrit
1053 2307 1211 2338 entlehnt.
1252 2307 1326 2346 x‘gi.
1358 2307 1512 2346 iihrigens

850 2353 889 2383 (le
923 2353 1027 2383 Dixin.
1055 2352 1088 2387 ll,
1115 2352 1167 2393 (37,
1196 2362 1247 2383 wo
1277 2352 1337 2383 unl'
1361 2351 1511 2383 'a'hnliche

852 2397 967 2428 W'eise
987 2398 1048 2428 uie
1074 2397 1145 2428 hier
1167 2408 1271 2437 gegen
1294 2398 1385 2428 ‹lic-se
1404 2396 1511 2428 Lehre

851 2454 912 2473 von
931 2443 992 2473 den
1015 2443 1143 2473 ssihlern
1163 2443 1317 2484 disputirt
1336 2442 1429 2473 uird.

894 2490 1040 2519 onmium
1064 2490 1095 2518 fn
1111 2498 1163 2519 me
1179 2488 1327 2519 incidero
1344 2489 1510 2529 imagines

846 2536 907 2564 otc.
954 2532 1036 2564 &Vas
1061 2533 1113 2563 cin
1140 2533 1323 2574 Epiknreer
1347 2538 1433 2564 etwa
1456 2533 1515 2564 aul'

846 2579 958 2610 diesen
983 2578 1046 2610 und
1070 2578 1128 2610 aus
1147 2579 1198 2610 die
1217 2578 1509 2618 niiehstl'olgenden
