1684 2819
616 190 695 223 LIB.
712 189 735 222 1.
774 189 867 223 CAP.
886 191 927 223 32
940 208 985 214 -
998 190 1052 222 34.
1486 191 1538 230 85

136 295 250 345 igitur
271 293 317 332 ad
338 298 496 332 naturae
518 305 608 332 suae
624 304 704 332 non
720 293 880 333 vitiosae
898 305 1018 345 genus
1037 293 1240 332 consilium
1257 293 1406 331 vivendi
1424 304 1540 331 omne

137 349 358 396 contulerit,
387 349 419 388 is
449 349 706 389 constantiam
734 356 860 389 teneat
886 373 938 377 —
966 350 1004 388 id
1032 350 1134 388 enim
1156 349 1322 388 maxime
1344 349 1450 387 decet
1471 372 1538 395 —,

135 406 210 445 nisi
232 407 330 444 forte
351 418 392 444 se
413 405 637 445 intellexerit
657 419 809 445 errasse
831 407 870 445 in
892 406 1093 457 deligendo
1117 418 1257 457 genere
1278 405 1384 444 vitae.
1426 404 1541 452 Quod

136 462 168 501 si
191 462 367 501 acciderit
389 485 442 490 —
465 468 595 513 potest
616 468 743 501 autem
766 463 936 502 accidere
958 486 1029 509 ——,
1058 462 1229 501 facienda
1250 474 1406 500 morum
1427 460 1539 499 insti-

134 524 383 569 tutorumque
411 519 571 558 mutatio
601 524 669 558 est.
715 520 809 558 Eam
839 519 1092 558 mutationem
1123 519 1155 557 si
1185 524 1358 569 tempora
1384 517 1540 556 adiuva-

134 575 249 621 bunt,
276 575 424 614 Facilius
454 575 776 627 commodiusque
803 576 1005 614 faciemus:
1036 575 1094 612 sin
1122 575 1271 621 minus,
1302 573 1446 612 sensim
1470 573 1542 611 erit

134 631 461 682 pedetemtimque
489 631 676 677 facienda,
711 636 752 670 ut
779 631 982 678 amicitias,
1010 644 1106 681 quae
1132 631 1261 669 minus
1290 631 1477 669 delectent
1506 634 1542 667 et

136 688 264 726 minus
288 687 511 738 probentur,
533 687 654 737 magis
678 688 813 726 decere
835 694 995 725 censent
1017 687 1210 737 sapientes
1233 687 1379 725 sensim
1398 686 1540 724 diluere

137 755 251 793 quam
279 748 437 793 repente
464 743 696 793 praecidere.
741 743 987 781 Commutato
1010 748 1136 781 autem
1158 755 1295 793 genere
1315 743 1411 781 vitae
1433 741 1539 780 omni

135 799 281 838 ratione
305 798 517 837 curandum
539 805 598 837 est
619 804 660 836 ut
681 799 717 836 id
739 799 844 837 hono
869 798 1031 837 consilio
1055 799 1190 837 secisse
1212 799 1420 837 videamur.

248 855 322 893 Sed
346 855 528 904 quoniam
550 853 677 904 paullo
696 860 780 893 ante
798 854 941 893 dictum
960 860 1018 892 est
1034 855 1240 893 imitandos
1259 867 1344 892 esse
1360 854 1541 898 maiores,

133 911 303 962 primum
325 910 415 948 illud
438 916 641 961 exceptum
665 911 726 957 sit,
749 923 797 949 ne
817 910 903 948 vitia
927 911 1005 949 sint
1026 910 1221 955 imitanda,
1245 910 1395 955 deinde,
1420 910 1451 947 si
1472 921 1541 947 na-

134 973 217 1005 tura
245 978 324 1005 non
353 967 463 1013 seret,
500 973 542 1005 ut
570 967 757 1017 quaedam
785 966 925 1005 imitari
954 966 1098 1017 possit,
1127 972 1169 1005 ut
1198 966 1412 1017 superioris
1441 965 1540 1003 filius

133 1023 319 1070 Africani,
342 1023 406 1073 qui
428 1023 530 1061 hunc
551 1022 683 1061 Paullo
707 1029 839 1062 natum
861 1022 1071 1073 adoptavit,
1098 1028 1260 1073 propter
1280 1021 1542 1060 infirmitatem

134 1079 361 1118 valetudinis
396 1091 474 1116 non
502 1084 580 1117 tam
608 1080 733 1129 potuit
760 1079 881 1130 patris
913 1079 1048 1117 similis
1076 1091 1162 1117 esse
1190 1091 1305 1129 quam
1334 1078 1393 1116 ille
1422 1079 1543 1115 fuerat

135 1135 214 1174 sui:
244 1135 276 1173 si
304 1135 419 1185 igitur
444 1147 524 1172 non
551 1135 694 1186 poterit
722 1135 799 1173 sive
828 1147 962 1173 causas
986 1135 1217 1173 defensitare
1248 1134 1326 1172 sive
1353 1133 1542 1184 populum

135 1191 382 1230 contionibus
407 1196 534 1229 tenere
558 1191 636 1229 sive
656 1191 751 1229 bella
773 1204 916 1241 gerere,
939 1191 998 1228 illa
1020 1196 1148 1229 tamen
1166 1195 1361 1240 praestare
1379 1189 1543 1233 debebit,

135 1260 231 1298 quae
267 1252 379 1285 eruut
413 1247 451 1284 in
484 1247 606 1297 ipsius
645 1252 854 1297 potestate,
891 1246 1074 1285 iustitiam
1117 1247 1231 1284 fidem
1268 1246 1543 1290 liberalitatem,

134 1303 367 1342 modestiam
396 1303 705 1353 temperantiam,
735 1316 810 1354 quo
840 1303 970 1342 minus
999 1303 1045 1341 ab
1073 1316 1116 1342 eo
1140 1303 1196 1350 id,
1219 1303 1323 1353 quod
1345 1302 1459 1348 desit,
1481 1314 1542 1339 re—

134 1359 317 1410 quiratur.
366 1358 522 1409 Optima
557 1365 684 1398 autem
719 1360 914 1398 hereditas
950 1372 970 1397 a
1006 1359 1177 1409 patribus
1215 1358 1378 1397 traditur
1413 1357 1543 1395 liberis

135 1415 316 1466 omnique
338 1415 572 1466 patrimonio
595 1416 854 1466 praestantior
876 1415 993 1465 gloria
1016 1415 1165 1453 virtutis
1187 1427 1395 1464 rerumque
1416 1418 1543 1463 gesta—

133 1484 233 1518 rum,
256 1471 315 1510 eui
337 1471 513 1509 dedecori
535 1484 619 1509 esse
640 1472 746 1510 nefas
770 1477 806 1510 et
827 1471 990 1522 impium
1014 1471 1261 1510 iudicandum
1283 1478 1351 1509 est.

1572 746 1629 777 121

247 1528 293 1566 Et
315 1528 498 1577 quoniam
522 1527 646 1565 officia
667 1539 747 1565 non
770 1528 902 1566 eadem
925 1527 1143 1578 disparibus
1161 1527 1346 1566 aetatibus
1364 1525 1542 1564 tribuun-
1569 1523 1623 1562 34

135 1589 196 1622 tur
223 1584 367 1634 aliaq'ue
397 1589 487 1621 sunt
515 1584 716 1630 iuvenum,
746 1584 816 1622 alia
844 1584 1062 1629 seniorum,
1089 1584 1231 1634 aliquid
1258 1583 1372 1621 etiam
1399 1583 1445 1620 de
1472 1583 1544 1620 hac

135 1640 381 1678 distinctione
409 1639 613 1678 dicendum
642 1645 710 1678 est.
752 1640 822 1678 Est
849 1640 963 1690 igitur
985 1640 1242 1678 adulescentis
1264 1639 1431 1678 maiores
1452 1643 1544 1676 natu

133 1750 806 1791 rakterfestigkeitdesMenschengleieh-

134 1806 201 1827 sam
219 1796 268 1827 als
286 1796 337 1827 die
356 1796 507 1835 medere,
539 1796 677 1827 irdische
695 1795 804 1827 Natur

134 1841 176 1872 im
200 1841 375 1881 Yergleich
406 1851 467 1871 zur
489 1841 671 1881 go'ttlichen
695 1840 803 1873 Natur

133 1887 190 1917 des
209 1885 387 1917 Menschen
406 1886 475 1916 dar.

178 1932 384 1962 constantia:
402 1940 428 1960 s.
447 1929 479 1971 ξ.
502 1929 552 1961 14.

179 1977 261 2007 bono
280 1975 428 2015 consilio,
450 1975 530 2006 nach
548 1974 718 2006 reiflieher
736 1974 800 2007 [le-

132 2020 324 2061 berlegung.

921 1753 1108 1794 superioris
1127 1752 1291 1792 Affi'z'cam'
1304 1750 1420 1793 filius:
1453 1750 1545 1781 Brut.

879 1796 929 1835 19,
949 1796 989 1826 77
1014 1798 1042 1827 is
1059 1797 1117 1837 qui
1133 1797 1220 1827 himo
1236 1797 1403 1827 minore-m.
1418 1793 1545 1837 Scipio-

874 1852 950 1872 nem
968 1852 989 1872 a
1005 1840 1123 1872 Paullo
1141 1840 1331 1884 adoptavit,
1358 1842 1389 1871 si
1404 1850 1545 1882 corpore

874 1886 1038 1917 'valuisset
1051 1887 1083 1916 in
1098 1887 1221 1928 primis
1237 1886 1373 1916 habitus
1390 1887 1481 1916 esset
1496 1884 1546 1916 da·-

875 1933 999 1962 sertus.
1032 1930 1164 1961 Ebenso
1189 1931 1295 1961 heisst
1318 1940 1352 1961 es
1377 1930 1408 1960 in
1434 1929 1545 1960 seiner

876 1974 1100 2007 Grabschrift:
1124 1975 1214 2014 Quae
1230 1976 1325 2017 apice
1340 1975 1475 2015 insigne
1487 1974 1546 2005 Di-

874 2020 936 2052 alis
943 2020 1100 2062 flamini-s·
1118 2021 1273 2061 ges-isles,
1291 2018 1385 2050 Mors
1398 2020 1547 2061 perfecit

171 2066 300 2106 fecisse
317 2064 504 2105 videamur,
531 2065 605 2096 dass
624 2064 676 2095 die
697 2064 800 2096 Lente

134 2111 245 2150 seben,
263 2111 338 2141 dass
347 2109 410 2140 wir
426 2119 544 2140 u.s.w.
570 2109 702 2140 Ebenso
713 2110 801 2140 steht

133 2154 242 2186 videri
262 2154 372 2196 §.13ss
398 2154 539 2196 diligere
561 2164 598 2185 ac
623 2155 732 2185 vereri
756 2156 801 2185 υἰ-

132 2200 283 2231 deamur.

178 2243 314 2276 diluere.
357 2243 415 2274 Die
447 2243 679 2284 interpolirten
702 2243 799 2274 Hdss.

132 2289 235 2320 haben
254 2288 406 2320 dissuere
422 2287 476 2318 fiir
493 2288 627 2329 diluere,
647 2288 718 2318 eine
736 2287 801 2318 Re-

133 2334 311 2365 miniscenz
329 2344 369 2364 an
386 2332 595 2373 Lael.21,76
614 2333 698 2364 tales
715 2333 801 2364 ami-

131 2381 228 2411 citiae
244 2381 324 2410 sunt
336 2380 534 2410 remissione
546 2388 629 2410 usus
643 2377 803 2409 eluendae

134 2427 180 2464 et,
209 2426 249 2455 ut
266 2423 424 2455 Catonem
447 2422 558 2455 dicere
575 2422 703 2465 audivi,
733 2422 802 2454 dzs-

134 2468 281 2500 suendae
296 2470 409 2510 magz's
433 2479 532 2510 quam
556 2467 799 2500 discindendae.

183 2512 256 2543 121.
281 2513 410 2545 imitari
430 2515 549 2556 possit.
587 2513 646 2544 Als
665 2513 803 2553 Subject

134 2558 178 2588 ist
193 2567 252 2588 aus
269 2558 341 2589 dem
357 2557 503 2590 Verbum
527 2569 567 2589 zu
585 2559 749 2599 erg'anzen
774 2560 803 2588 is

136 2603 193 2644 qui
207 2603 363 2635 imitatur
371 2615 382 2643 ,·
410 2613 435 2634 s.
454 2614 483 2635 z.
504 2602 577 2635 101.

874 2067 933 2097 tna
951 2068 988 2096 at
1005 2068 1119 2096 essent
1135 2066 1249 2096 omnia
1265 2065 1394 2102 brevia,
1422 2063 1543 2104 Honos,

864 2111 971 2151 sama
987 2111 1174 2150 virtusque,
1195 2108 1325 2150 gloria,
1352 2107 1477 2146 Quibus
1494 2109 1545 2139 sei

872 2156 904 2186 ῖη.
935 2155 1036 2195 longa
1064 2154 1213 2185 llcztz‘sset
1247 2155 1307 2184 tibi
1340 2155 1427 2184 aller
1462 2154 1541 2195 vila,

872 2199 984 2231 Facile
1001 2199 1132 2239 saeteis
1166 2208 1365 2241 superasses
1390 2197 1543 2239 gloriam

870 2254 1048 2275 matorum.

918 2290 949 2319 si
966 2290 1085 2329 igitur.
1134 2287 1224 2320 Nach
1254 2288 1312 2319 der
1339 2287 1541 2319 Parenthese

872 2333 956 2364 wird
974 2333 1033 2364 der
1050 2332 1131 2363 oben
1150 2333 1324 2371 allgemein
1342 2342 1541 2373 ausgespro-

874 2379 974 2409 chene
999 2377 1172 2419 Gedanke,
1207 2378 1237 2407 in
1269 2378 1439 2409 einzelnen
1469 2377 1542 2407 Bei-

874 2423 999 2464 spielen
1017 2423 1224 2454 wiederholt.
1261 2422 1371 2454 Ueber
1387 2423 1496 2463 igitur
1515 2432 1541 2452 s,

875 2479 903 2499 z.
923 2466 954 2509 ξ.
977 2467 1049 2498 105.
1074 2486 1118 2490 -——
1150 2466 1229 2499 Wol
1253 2467 1312 2498 mit
1335 2466 1440 2498 Recht
1462 2476 1541 2498 ver-

874 2513 1001 2544 muthet
1021 2512 1134 2552 Beier,
1165 2512 1241 2543 dass
1266 2512 1331 2543 Cic.
1356 2511 1408 2543 bei
1432 2511 1543 2542 dieser

875 2568 1001 2598 ganzen
1021 2557 1124 2589 Stelle
1155 2557 1268 2588 seinen
1292 2557 1429 2597 eigenen
1455 2555 1542 2587 Sohn

875 2603 1056 2634 besonders
1073 2603 1115 2633 im
1132 2603 1225 2643 Auge
1243 2601 1361 2642 gehabt
1377 2601 1470 2633 habe.

1576 1585 1637 1616 122
