1684 2819
453 130 611 162 LIBER
634 129 688 162 m.
718 131 772 170 34,
795 130 849 162 84.
926 130 1159 164 LIBERIV.
1428 134 1498 172 16]

215 244 290 284 Sed
319 244 419 284 ratio
453 258 527 284 una
560 244 732 283 omnium
755 250 814 283 est
843 245 1153 296 aegritudinum,
1189 246 1299 299 plura
1328 246 1501 286 nomina.

101 301 199 341 Nam
224 308 262 341 et
289 300 467 341 invidere
489 299 748 353 aegritudinis
781 307 840 340 est
873 308 910 340 et
941 302 1129 341 aemulari
1161 309 1201 342 et
1222 303 1444 342 obtrectare
1467 309 1505 342 et

102 357 281 396 misereri
303 363 342 396 et
363 356 479 409 angi,
515 356 665 409 lugere,
701 369 894 405 maerere,
919 371 1107 397 aerumna
1131 358 1245 408 affici,
1279 358 1500 407 lamentari,

100 413 319 461 sollicitari,
345 413 493 460 dolere,
519 411 559 450 in
581 413 762 452 molestia
785 426 888 462 esse,
914 413 1106 463 afflictari,
1132 415 1356 468 desperare.
1399 415 1505 455 Haec
1528 422 1570 454 84

101 469 230 508 omnia
262 468 451 508 definiunt
472 468 616 517 Stoici,
652 482 775 521 eaque
806 470 948 518 verba,
991 484 1087 522 quae
1119 471 1224 520 dixi,
1260 471 1503 524 singularum

98 539 231 565 rerum
253 531 360 573 sunt,
387 539 481 575 non,
518 533 559 564 ut
580 525 778 574 videntur,
816 527 971 565 easdem
994 540 1059 566 res
1082 527 1315 579 significant,
1341 527 1410 567 sed
1432 527 1504 567 ali-

98 582 186 633 quid
211 581 414 631 differunt,
442 582 541 633 quod
573 582 649 621 alio
680 582 765 621 loco
798 582 968 621 fortasse
998 583 1265 623 tractabimus.
1306 583 1389 623 Hae
1411 590 1503 623 sunt

97 637 187 678 illae
210 638 329 678 fibrae
352 639 554 690 stirpium,
590 652 684 690 quas
707 639 818 677 initio
842 637 950 687 dixi,
984 640 1277 691 persequendae
1301 646 1339 678 et
1362 653 1500 680 omnes

97 694 315 743 elidendae,
340 708 388 734 ne
411 707 591 746 umquam
614 694 690 733 ulla
713 693 1073 746 possit‘exsistere.

207 751 392 803 Magnum
416 764 511 803 opus
535 757 572 788 et
593 750 761 798 difficile,
787 750 870 802 quis
894 751 1036 803 negat?
1065 751 1153 802 quid
1176 758 1303 790 aulem
1328 751 1500 804 praecla-

95 813 179 847 rum
204 820 280 845 non
303 807 403 846 idem
427 806 620 860 arduum?
642 806 708 845 sed
733 813 862 846 tamen
884 806 921 846 id
946 820 988 845 se
1011 806 1235 847 effecturam
1259 807 1501 859 philosophia

95 862 320 916 profitetur,
348 876 418 902 nos
440 862 554 901 modo
577 862 819 902 curationem
843 863 925 902 eius
947 863 1199 916 recipiamus.
1234 863 1380 903 Verum
1403 864 1499 902 haec

93 920 242 972 quidem
268 917 470 958 hactenus.
517 918 672 967 Cetera,
709 919 1018 972 quotiescunque
1041 920 1208 968 voletis,
1243 927 1277 958 el
1310 919 1382 958 hoc
1414 919 1499 958 loco

93 983 132 1015 et
154 975 240 1014 aliis
264 982 397 1028 parata
422 975 531 1015 vobis
554 983 683 1015 erunt.

94 1082 175 1113 auch
205 1086 297 1113 soust
327 1082 513 1113 beschaffen
542 1083 612 1114 sein
643 1082 760 1123 mag&
834 1083 886 1113 cin
922 1082 1048 1123 griech.
1080 1081 1315 1124 Spriichwort:
1355 1076 1503 1124 χαλεπὰ

93 1129 123 1158 d.
142 1128 173 1160 h.
203 1137 238 1158 so
257 1128 492 1159 unerwiinscht
521 1128 569 1159 sie
583 1128 660 1159 ‘mir
677 1129 760 1159 auch
835 1124 877 1158 τὰ
896 1124 999 1166 καλιᾷ
1019 1128 1104 1158 und:
1127 1124 1285 1159 δύσκολα
1306 1125 1348 1158 τὰ
1366 1123 1469 1157 καλά.

92 1183 131 1204 an
152 1173 221 1204 sich
243 1173 297 1204 ist.
326 1172 400 1213 Vgl.
422 1172 462 1204 V.
484 1174 538 1210 41,
563 1174 636 1205 121.
880 1173 1008 1204 Verum
1038 1174 1122 1203 llaec
1149 1173 1289 1214 quidem
1316 1173 1500 1203 haetenus.

137 1219 190 1249 84.
220 1219 290 1249 alio
310 1218 408 1249 loeo:
429 1219 486 1250 lib.
506 1218 561 1250 lv.
583 1230 611 1250 c.
628 1219 658 1250 S.
832 1217 926 1249 Lael.
952 1218 1003 1258 15,
1025 1218 1090 1250 55:
1120 1218 1191 1250 Sed
1208 1219 1293 1249 haec
1312 1218 1501 1255 hactenns,-

135 1274 224 1304 (μίας
243 1265 345 1295 im'tt'o
365 1264 462 1295 delrt':
483 1275 512 1295 c.
528 1266 559 1304 6,
582 1263 599 1306 ξ
615 1265 668 1295 13.
831 1263 960 1303 griech.
978 1263 1036 1294 καὶ
1059 1264 1172 1295 ταῦτα
1188 1262 1257 1306 μὲν
1275 1263 1425 1294 τοιαῦτα
1447 1261 1499 1292 od.

132 1309 358 1350 praeclaram
379 1328 421 1332 —
441 1310 607 1341 aramme.
645 1309 686 1340 So
716 1309 759 1340 ist
830 1308 887 1339 καὶ
918 1308 1033 1339 ταῦτα
1057 1306 1126 1351 μὲν
1152 1306 1195 1349 δὴ
1223 1309 1347 1339 ταῦτα.

442 1537 686 1597 LIBER
730 1535 1137 1611 QUARTUS.

86 1681 175 1730 DE
211 1678 528 1741 RELIQUIS
561 1677 754 1729 ANIMI
782 1673 1489 1729 PERTURBATIONIBUS.

498 1891 755 1923 Uehersicht
796 1891 867 1921 des
896 1890 1075 1921 inhalts.

194 1998 396 2039 Nachdem
420 1998 560 2037 Cicero
591 1997 720 2050 einige
742 1996 1043 2047 Bemerkungen
1073 1994 1169 2033 iiber
1200 1994 1260 2033 dic
1286 1993 1492 2047 Culturge-

84 2055 255 2095 sehichte
287 2055 356 2094 der
384 2055 529 2094 Ro'mer
558 2053 913 2107 vorausgeschickt
942 2052 1055 2105 (Cap.
1087 2051 1255 2101 1—3),
1299 2050 1399 2090 wird
1431 2050 1492 2089 die

84 2111 332 2165 Disputation
353 2111 449 2151 iiber
471 2112 532 2151 die
554 2110 719 2150 Thesis:
756 2110 851 2150 Non
884 2110 994 2148 amm·
1023 2109 1152 2147 animi
1174 2106 1491 2160 perturbatione

83 2169 248 2222 sapiens
265 2175 405 2221 potest
433 2181 608 2216 vacare,
643 2165 868 2219 eingeleilet
891 2164 1005 2216 (Cap.
1032 2165 1057 2201 4
1081 2178 1119 2202 u.
1148 2166 1203 2215 5).
1251 2162 1316 2201 Sie
1338 2162 1492 2201 besteht

82 2238 154 2264 aus
177 2224 261 2263 drei
285 2223 450 2264 Theilen
469 2241 476 2263 :
515 2226 551 2262 1.
578 2222 831 2274 Eintheilung
861 2221 937 2260 und
961 2219 1175 2261 Definition
1198 2220 1266 2258 der
1287 2218 1376 2258 vier
1392 2232 1491 2272 per—

84 2280 341 2320 turbationes
378 2280 456 2320 und
486 2280 597 2320 ihrer
628 2278 811 2331 Species,
857 2277 955 2316 nach
989 2277 1074 2315 dem
1104 2275 1305 2316 stoischen
1337 2274 1491 2328 System

0 2331 3 2375 ὲ
84 2336 198 2390 (Cap.
225 2337 407 2389 6—14);
446 2337 485 2375 2.
510 2335 800 2387 XViderlegung
822 2334 891 2372 der
913 2333 1052 2373 Thesis
1076 2332 1220 2382 selbst,
1260 2331 1328 2371 mit
1349 2330 1491 2370 beson-

85 2394 197 2432 derer
219 2393 488 2446 Bek'ampfung
511 2392 579 2431 der
601 2392 730 2431 Lehre
754 2391 823 2430 der
844 2390 1134 2442 Peripatetiker
1163 2403 1241 2428 von
1277 2389 1346 2427 der
1366 2386 1489 2427 Noth-

85 2449 327 2502 wendigkeit
348 2450 424 2488 und
446 2450 530 2488 dem
543 2448 701 2488 Nutzen
720 2449 789 2487 der
800 2446 1126 2485 Leidensohaften
1144 2445 1260 2498 (Cap.
1281 2442 1488 2493 15-26);

0 2501 3 2568 ξ
87 2505 125 2543 3.
142 2505 367 2558 Darlegung
380 2505 636 2558 derdagegen
653 2502 1002 2544 anzuwendenden
1013 2502 1268 2554 Mittelfflap.
1288 2497 1488 2548 27-38).

175 2622 362 2650 Cic-Tuscul.
1248 2616 1260 2649 1
1278 2617 1291 2650 1
