1684 2819
151 147 230 185 154
626 143 788 177 LIBER
807 144 862 177 m.
883 146 938 186 29,
960 146 1013 179 72.
1036 146 1090 178 73.

151 267 213 301 tea
246 262 291 301 de
314 260 454 300 Aiacis¹
475 265 601 298 morte
633 258 861 300 consolatus
893 267 1024 309 esset,
1059 261 1092 302 is
1115 275 1229 314 quum
1264 261 1481 301 audivisset
1510 261 1557 302 de

152 331 248 368 suo,
275 320 422 358 fractus
446 322 519 355 est.
555 315 612 354 De
635 315 745 355 cuius
767 322 1004 356 commutata
1026 325 1156 358 mente
1178 318 1234 357 sic
1255 317 1420 358 dicitur:

267 386 358 425 Nec·
381 383 474 423 ve'ro
499 389 616 423 tanta
629 382 855 437 praeditus
875 383 1080 437 sapientia

269 441 491 504 Qetzsqzmm
513 438 590 488 ast,
617 453 684 494 qm
708 439 881 479 aliorum
906 453 978 479 ae?
982 439 1142 481 brunam
1165 441 1286 481 clamem
1310 441 1492 482 (illevans

265 496 363 536 Non
385 494 505 551 idem,
528 510 648 552 quum
657 495 844 552 fortuna
865 502 1024 535 mutata
1046 495 1232 551 impetam

269 550 428 592 conve!
432 559 508 601 tat
534 553 652 593 clade
673 553 814 593 snbzta
828 552 881 605 lJ·
885 552 1074 607 angatzir·
1095 567 1186 593 sna.

273 607 327 648 Ut
347 606 423 649 illa
446 609 503 649 ad
521 610 625 649 aleos
647 607 758 649 dieta
782 616 820 649 et
836 615 1060 663 praecepta
1082 609 1298 650 e'xeulant.

151 677 257 717 Haec
287 691 404 730 quum
445 677 667 732 disputant,
711 678 785 718 lioc
817 678 973 718 student
1006 679 1183 718 efficere
1229 685 1394 717 naturae
1426 676 1562 718 obsisti

153 734 258 774 nullo
288 734 402 774 modo
433 748 576 788 posse,
611 735 639 775 ii
670 742 799 775 tamen
832 736 1026 784 fatentur,
1063 735 1269 788 graviores
1292 734 1562 787 aegritudines

152 790 320 845 suscipi,
356 805 469 844 quam
494 799 636 832 natura
659 799 790 846 cogat.
832 791 939 843 Quae
963 799 1024 833 est
1055 793 1174 846 igitur
1196 792 1394 831 amentia?
1427 798 1468 832 ut
1489 805 1560 832 nos

153 861 306 901 quoque
328 848 429 888 idem
453 848 499 888 ab
522 848 600 889 illis
622 849 883 902 requiramus.

266 915 340 956 Sed
372 916 504 970 plures
527 923 619 957 sunt
640 930 806 958 caussae
828 917 1063 971 suscipiendi
1097 917 1257 957 doloris.
1301 916 1473 956 Primum
1497 915 1563 956 illa

151 972 283 1025 opinio
307 973 422 1022 mali,
457 987 533 1026 quo
555 973 642 1014 viso
665 982 780 1027 atque
812 987 1001 1027 persuaso
1025 974 1229 1027 aegritudo
1252 972 1473 1026 insequitur
1496 987 1562 1013 ne-

152 1029 345 1069 cessario.
391 1030 541 1070 Deinde
565 1030 682 1070 etiam
712 1037 866 1082 gratum
890 1030 1056 1071 mortuis
1079 1045 1120 1071 se
1143 1032 1295 1079 faeere,
1331 1031 1362 1069 si
1386 1030 1564 1082 graviter

152 1099 219 1128 eos
238 1085 413 1139 lugeant,
427 1086 684 1126 arbitrantur.
704 1087 871 1127 Accedit
887 1088 1118 1141 superstitio
1135 1087 1335 1127 muliebris
1354 1086 1560 1139 quaedam:

153 1142 384 1183 existimant
416 1144 542 1193 enim,
588 1143 662 1184 diis
693 1143 979 1185 immortalibus
1015 1158 1058 1184 se
1092 1144 1241 1184 facilius
1272 1143 1562 1192 satisfacturos,

150 1199 183 1239 si
208 1214 344 1240 eorum
378 1200 492 1254 plaga
524 1201 696 1255 perculsi
727 1201 888 1242 afflictos
921 1215 963 1241 se
996 1209 1033 1240 et
1055 1208 1202 1241 stratos
1227 1214 1316 1241 esse
1347 1202 1561 1240 fateantur.

153 1255 229 1297 Sed
252 1257 350 1297 haec
372 1257 478 1297 inter
499 1272 541 1298 se
565 1271 677 1310 quam
702 1265 938 1312 repugnent,
965 1258 1140 1311 plerique
1165 1272 1242 1297 non
1267 1257 1413 1298 vident.
1459 1256 1564 1297 Lau-

154 1314 246 1352 dant
269 1314 371 1353 enim
395 1328 479 1363 cos,
514 1315 576 1367 qui
601 1328 727 1367 aequo
750 1316 880 1354 animo
904 1315 1144 1365 moriantur,
1182 1315 1244 1367 qui
1276 1315 1437 1354 alterius
1461 1327 1564 1353 mor-

152 1376 229 1409 tem
254 1384 378 1423 aequo
402 1371 532 1425 animo
555 1373 699 1420 serant,
736 1385 803 1411 eos
826 1379 960 1424 putant
983 1372 1280 1425 vituperandos.
1328 1370 1447 1422 Quasi
1479 1369 1565 1410 lie-ri

153 1427 230 1466 nllo
254 1428 367 1467 modo
391 1428 529 1481 possit,
557 1429 657 1481 quod
679 1428 718 1468 in
739 1429 934 1468 amatorio
957 1441 1139 1469 sermone
1157 1428 1230 1467 dici
1253 1427 1368 1476 solet,
1395 1434 1437 1468 ut
1459 1427 1565 1480 quis-

91 1507 99 1521 A
151 1498 263 1536 qnam
288 1484 373 1537 plus
396 1484 561 1526 alterum
586 1485 721 1539 diligat
743 1499 857 1538 quain
882 1498 939 1526 se.
980 1485 1230 1525 Praeclarum
1253 1485 1348 1525 illud
1372 1491 1429 1525 est
1454 1492 1506 1532 et,
1532 1484 1565 1525 si

152 1541 327 1593 qnaeris,
363 1548 513 1581 rectum
537 1555 690 1595 quoque
714 1549 752 1582 et
773 1555 926 1590 verum,
961 1548 1004 1582 ut
1027 1556 1111 1591 eos,
1147 1542 1213 1594 qui
1236 1542 1347 1582 nobis
1370 1539 1565 1581 carissimi

152 1610 241 1637 esse
264 1597 454 1647 debeant,
489 1612 611 1652 aeque
643 1612 688 1639 ac
719 1605 873 1639 nosmet
902 1599 1009 1652 ipsos
1039 1612 1238 1648 amemus,
1274 1605 1316 1639 ut
1336 1611 1433 1639 vero
1467 1598 1564 1651 plns,

151 1654 234 1694 lieri
258 1655 366 1694 nullo
389 1662 503 1708 pacto
526 1663 672 1710 potest.
714 1655 775 1696 Ne
799 1663 863 1708 opt
867 1655 1008 1697 andum
1039 1655 1193 1708 quidem
1225 1663 1283 1696 est
1314 1656 1353 1695 in
1375 1654 1563 1704 amicitia,

154 1719 191 1750 nt
215 1725 276 1751 me
298 1711 364 1751 ille
388 1712 473 1765 plus
496 1726 610 1766 quain
633 1725 698 1762 se,
733 1727 805 1766 ego
829 1712 937 1752 illum
960 1713 1044 1776 plus
1068 1726 1181 1765 quam
1207 1726 1289 1762 me,
1323 1711 1565 1767 perturbatio

151 1768 272 1816 xime,
300 1768 331 1807 si
354 1769 407 1808 ita
430 1769 497 1819 sit,
524 1777 638 1823 atque
662 1745 872 1809 olliciorum
898 1769 1070 1810 omnium
1095 1777 1372 1822 ‹onsequatur

195 1910 236 1941 clo
249 1920 325 1949 ⁸110,
342 1920 389 1941 sc.
405 1911 528 1950 Aiace,-
545 1911 629 1942 also:
646 1912 723 1943 dass
738 1912 820 1943 ancli

148 1956 238 1987 sein
261 1954 351 1986 Solin
371 1955 518 1996 gesatten
538 1956 599 1988 sei.

198 2014 292 2054 Quae.
310 2031 354 2035 —-
372 2015 555 2044 amentia?
579 2014 621 2045 im
638 2012 822 2045 Riickblick

148 2058 210 2089 aul*
228 2058 310 2099 Quis
331 2062 401 2090 Iam
424 2059 562 2090 clemens
582 2064 646 2091 etc.

892 1913 1024 1952 magis.
1055 1911 1130 1941 weil
1158 1921 1231 1941 inan
1259 1912 1341 1943 auch
1371 1912 1412 1942 im
1439 1910 1566 1941 Positiv

892 1966 993 1998 sag-en
1014 1956 1121 1987 kann:
1143 1956 1291 1987 maltum
1313 1957 1468 1998 aliquem
1488 1956 1567 1987 dili-

889 2014 974 2045 gere
992 2001 1163 2043 (anun-(¹).

940 2049 994 2078 725.
1022 2050 1221 2089 siquam-125,
1241 2048 1359 2088 eigtl.
1368 2058 1475 2080 wenn
1491 2058 1565 2079 man

196 2115 248 2145 72.
279 2114 348 2146 Sed
373 2115 496 2156 plnres
524 2120 588 2147 etc.
627 2115 745 2147 Cicero
764 2117 823 2147 wi-

148 2160 280 2200 ‹lerlegt
308 2171 373 2191 nun
399 2161 452 2192 (lie
479 2161 651 2193 einzelnen
672 2162 822 2203 Behaup-

149 2212 270 2245 tnngen
303 2206 364 2237 der
390 2206 498 2249 Perip.
517 2232 524 2240 ,
560 2208 717 2239 zuniiclist
748 2207 821 2249 §72

148 2251 213 2282 nnd
235 2252 275 2281 13
295 2252 367 2291 die,
398 2252 474 2284 dass
495 2253 582 2284 aller
599 2253 755 2284 Schmerz
775 2258 824 2284 et-

149 2294 444 2328 uasNatiirliclies
461 2297 566 2338 (nicht
584 2298 674 2329 bloss
688 2298 751 2330 auf
765 2299 824 2330 dcl·

148 2341 366 2382 Yorstellung
386 2342 616 2384 Ber-uliendes)
635 2344 696 2375 sei.

195 2409 264 2439 qno
293 2401 364 2430 viso
391 2403 498 2440 alque
521 2411 705 2441 persuaso.
746 2400 821 2442 Vgl.

151 2443 192 2474 ll.
208 2444 263 2483 20,
278 2442 319 2475 47
335 2456 341 2474 :
369 2445 465 2486 quod
482 2448 514 2476 ,εἰ
531 2447 821 2487 libe'per·sua.s-11m

150 2493 215 2521 est.

193 2546 274 2586 plus
294 2564 333 2570 —
355 2547 496 2590 diligat,
517 2549 580 2579 wie
599 2547 706 2588 gleicli
725 2549 824 2580 nach-

151 2591 210 2621 lier
239 2595 280 2622 nt
305 2602 382 2625 vero
410 2594 490 2635 plus
518 2593 730 2635 (amemus).
770 2594 823 2625 fiir

892 2094 944 2125 die
957 2093 1063 2125 Saclie
1081 2094 1173 2124 recht
1187 2071 1413 2125 untur-‘sucin
1422 2093 1565 2132 ‚daherz

910 2150 974 2176 nm
1011 2138 1197 2179 tufi-iclitig
1230 2150 1271 2170 zu
1307 2139 1400 2179 sein,
1442 2139 1474 2170 in
1509 2139 1568 2171 der

895 2184 1011 2216 Tliat
1061 2184 1103 2214 so
1123 2185 1226 2215 auch:
1255 2187 1287 2216 si
1303 2195 1520 2227 quaer-tmus,
1538 2188 1571 2217 si

896 2242 1012 2262 uram
1037 2240 1191 2271 quaeres,
1223 2241 1341 2261 verum
1367 2233 1402 2262 si
1425 2233 1568 2273 qnoerz'-

894 2287 983 2307 mus.

941 2326 976 2353 et
1001 2331 1140 2361 rernm,
1177 2332 1204 2353 s.
1234 2332 1273 2352 zu
1300 2321 1355 2353 27.
1376 2322 1430 2353 et.
1481 2321 1567 2353 Dass

895 2366 1036 2406 dat-anf,
1066 2378 1160 2398 wenn
1186 2372 1292 2398 etwas
1319 2367 1368 2398 als
1392 2367 1466 2399 eine
1487 2367 1568 2398 For-

894 2412 1022 2453 ‹lerung
1041 2412 1307 2454 ansgesproclien
1327 2412 1424 2452 wird,
1446 2416 1485 2444 n!
1507 2412 1568 2444 sot-

894 2468 955 2499 gen
983 2469 1091 2492 mtlsS.
1122 2458 1165 2489 ist
1194 2457 1280 2490 klar.
1330 2458 1404 2499 vgt.
1425 2458 1481 2498 31,
1505 2459 1564 2489 75:

894 2504 1053 2536 Aclditm·
1072 2522 1112 2526 —
1134 2507 1185 2535 ut.

941 2552 1203 2591 consequatur,
1239 2559 1266 2580 s.
1301 2548 1325 2580 l.
1359 2549 1416 2589 16,
1450 2550 1490 2581 36
1526 2561 1567 2582 zu

895 2598 1073 2626 conseenli
1088 2598 1184 2626 sunt.
