1684 2819
1 1343 7 1710 l

643 171 721 205 LIB.
740 171 792 205 ΙΙῘ.
830 172 922 206 CAP.
944 174 994 207 12.
1016 175 1065 207 13.
1478 178 1556 218 183

157 274 259 313 enim
298 272 400 313 aliud
433 286 480 312 ei
488 287 507 313 1
516 276 611 314 anti
650 275 766 313 viam
803 286 895 314 non
934 283 1218 324 monstrare,
1262 277 1365 329 quod
1397 278 1557 319 Athenis

156 330 461 369 execiationibus
484 331 644 382 publicis
671 337 845 370 sanetum
868 338 943 379 est,
972 333 1003 371 si
1033 334 1107 372 hoe
1132 346 1213 373 non
1240 340 1316 382 est
1343 341 1557 387 emptorem

154 386 232 438 pati
253 399 363 426 ruele
384 393 420 427 et
439 400 509 438 pei
530 400 701 427 errorem
723 388 762 426 in
783 389 987 428 maximam
1011 390 1182 429 fiandem
1204 365 1428 430 incurrere?
1467 392 1557 432 Plus

155 442 268 482 etiam
289 449 347 482 est
368 456 481 495 quam
504 445 602 483 viam
622 456 702 483 non
723 449 878 483 monsti
881 457 959 484 aie
992 458 1079 485 nam
1102 453 1160 485 est
1181 447 1365 486 scientem
1386 448 1425 487 in
1447 460 1556 488 erro-

154 512 235 538 lem
257 501 416 539 alterum
437 500 638 540 inducere'
678 500 868 551 Diogenes
891 507 1039 541 contra:
1073 502 1194 542 Num
1215 509 1251 542 te
1273 516 1398 543 emere
1421 504 1556 556 coegit,

155 556 219 607 qui
239 568 287 595 ne
307 557 483 596 hortatus
506 558 660 620 quidem
684 555 770 596 est?
812 558 874 596 Ille
896 559 998 621 quod
1019 571 1099 597 non
1121 560 1292 610 placebat
1312 561 1556 612 prosciipsit‚

155 618 197 651 tu
219 613 322 664 quod
343 613 515 665 placebat
535 614 672 653 emisti.
716 614 829 660 Quod
852 614 884 652 si
907 615 970 665 qui
992 615 1241 676 plosoribunt
1262 617 1443 655 “villam
1471 616 1556 655 ho-

153 680 256 707 nam
278 668 482 720 beneque
504 669 837 715 aedificatam,
860 682 939 708 non
955 670 1223 711 existimantur
1241 672 1428 720 fefellisse,
1444 673 1556 712 etiam

153 725 184 763 si
211 725 269 764 illa
297 737 369 764 nee
394 725 496 764 bona
526 732 583 764 est
609 739 678 765 nee
699 725 892 765 aedificata
914 727 1077 773 ratione,
1104 728 1224 766 multo
1247 728 1375 767 minus
1397 729 1463 780 qui
1485 729 1557 768 do-

154 793 262 820 mum
291 793 371 820 non
399 782 614 821 laudarunt.
655 782 724 820 Ubi
748 782 849 820 enim
871 783 1056 821 iudicium
1074 784 1260 834 emptoris
1282 791 1358 832 est,
1380 785 1431 824 ibi
1451 786 1556 824 fraus

153 837 362 876 venditoris
385 850 481 888 quae
501 844 631 888 potest
652 836 765 876 esse?
802 838 868 876 Sin
892 844 1018 877 autem
1041 839 1184 878 dietum
1205 852 1286 878 non
1309 853 1423 879 omne
1444 853 1556 891 prae-

153 893 333 932 standum
370 900 445 941 est,
481 896 584 945 quod
621 895 764 933 dietum
801 906 880 932 non
917 900 991 942 est,
1028 895 1063 933 id
1102 896 1375 946 praestandum
1413 895 1556 948 putas?

116 951 121 955 '
153 949 253 996 Quid
285 962 373 988 vero
402 956 461 989 est
489 951 640 990 stultius
669 963 781 1002 quam
805 951 1041 990 venditorem
1065 952 1146 990 eius
1168 953 1241 998 rei,
1270 965 1386 1003 quam
1408 953 1557 999 vendat,

152 1006 239 1045 vitia
260 1005 449 1045 narrare?
481 1007 583 1054 Quid
606 1014 731 1046 autem
754 1012 831 1045 tam
853 1007 1062 1046 absurdum
1087 1021 1199 1059 quam
1223 1008 1254 1047 si
1276 1009 1425 1047 domini
1446 1009 1556 1048 iussu

151 1063 202 1102 ita
217 1075 357 1114 praeeo
372 1063 582 1114 praedicet:
601 1068 621 1084 “
634 1064 656 1102 d
667 1076 817 1103 omum
840 1064 1142 1114 pestilentem
1162 1063 1367 1103 vendo‘?”
1385 1065 1448 1104 Sic
1464 1078 1555 1117 ergo

151 1120 189 1158 in
217 1119 445 1170 quibusdam
476 1121 601 1159 causis
629 1120 755 1159 dubiis
783 1133 824 1158 ex
855 1121 973 1159 altera
995 1127 1102 1171 parte
1124 1120 1338 1160 defenditur
1358 1122 1556 1168 honestas,

151 1189 196 1214 ex
223 1176 336 1215 altera
365 1176 415 1215 ita
442 1176 487 1214 de
514 1177 670 1215 utilitate
692 1176 849 1222 dicitur,
877 1182 919 1215 ut
939 1177 995 1223 id,
1024 1177 1127 1227 quod
1149 1177 1239 1215 utile
1260 1178 1450 1224 videatur,
1479 1190 1557 1217 non

151 1233 269 1271 modo
290 1233 413 1271 facere
434 1233 642 1271 honestum
666 1234 726 1279 sit,
750 1233 814 1271 sed
837 1233 950 1271 etiam
971 1245 1052 1271 non
1074 1235 1197 1272 faeere
1218 1240 1340 1284 turpe.
1378 1234 1481 1273 Haec
1501 1240 1560 1273 est

151 1288 227 1336 illa,
263 1301 360 1339 quae
395 1289 544 1327 videtur
575 1289 725 1328 utilium
761 1289 840 1327 fieri
874 1302 961 1328 eum
996 1290 1170 1328 honestis
1205 1303 1318 1340 saepe
1353 1289 1556 1329 dissensio.

152 1346 258 1392 Quae
279 1345 521 1384 diiudicanda
543 1352 651 1384 sunt:
684 1358 763 1384 non
785 1345 900 1392 enim,
926 1351 967 1383 ut
988 1358 1270 1396 quaereremus,
1292 1346 1556 1397 exposuimus,

153 1401 221 1440 sed
250 1406 293 1439 ut
321 1402 610 1452 explicaremus.
652 1403 738 1441 Non
766 1401 880 1451 igitur
908 1402 1056 1440 videtur
1091 1415 1162 1441 nec
1190 1403 1460 1441 frumentarius
1496 1403 1556 1442 ille

152 1457 324 1496 Rhodios
353 1470 424 1496 nec
448 1458 510 1497 hic
537 1459 687 1497 aedium
708 1458 885 1497 venditor
908 1459 1027 1497 celare
1049 1464 1243 1509 emptores
1266 1459 1456 1498 debuisse.
1479 1459 1555 1497 Ne-

151 1638 216 1659 non
241 1629 308 1658 est:
346 1626 442 1659 Verr.
468 1631 530 1658 aet.
557 1625 579 1666 I,
609 1626 659 1666 10,
679 1626 719 1657 28
744 1626 822 1669 quid

153 1674 205 1704 est
225 1682 366 1715 quaese,
396 1671 543 1713 Metelle,
566 1671 725 1703 e'uclz'ez'mn
748 1682 820 1704 cor-

153 1727 310 1762 rumpere
326 1718 358 1748 si
373 1717 433 1749 lzoe
449 1728 513 1749 uon
534 1719 595 1748 est.

198 1775 471 1806 eoeecratiom'bus
486 1774 637 1817 publicis.
669 1774 735 1805 Das
751 1773 817 1805 Ge—

153 1824 224 1851 setz
247 1819 361 1850 wurde
384 1819 444 1850 anf
463 1819 615 1861 Buzyges
633 1819 819 1859 zuriickge-

150 1865 251 1902 nihi-‚t
272 1875 298 1896 5.
318 1864 591 1915 Schweigh²iuser
615 1875 655 1895 zu
672 1864 819 1895 Herodot

152 1909 204 1952 Vl,
222 1906 544 1961 231B0u5152175—
558 1904 648 1940 ι’ἒΝα
666 1907 707 1941 δὲ
725 1909 818 1940 πο]-

152 1952 195 1986 λα
211 1951 341 2006 (ερᾶται
358 1954 417 1985 καὶ
436 1965 512 1989 τοις
528 1966 553 1999 μ
562 1967 579 1995 η
597 1964 731 1986 nowen
736 1954 816 1985 οὖσι

151 2011 241 2031 κατα
264 1996 328 2031 τὸν
350 2001 432 2040 βίον
454 1996 622 2034 {wemos-
614 1995 631 2039 ὴ
657 2009 710 2030 π(
713 1996 774 2042 peg-
801 1995 817 2040 ἢ

151 2042 202 2089 μὴ
183 2041 499 2088 ηὑποφαίιουσιν
517 2041 609 2077 ὁὸὸι
623 2044 720 2077 71)ch
723 2044 818 2075 (υιιέ-

151 2100 239 2125 ιοις
286 2089 405 2130 Diphil.
435 2089 466 2120 b.
492 2089 600 2121 Athen
627 2087 670 2121 Vl
698 2100 726 2130 p
754 2088 818 2119 23&

149 2131 212 2177 Α)
214 2136 310 2169 νοεῖς
326 2132 365 2165 ἐν
378 2135 457 2169 ταῖς
475 2130 583 2185 ἀραῖς
595 2129 638 2166 O
657 2144 688 2163 τι
708 2132 818 2171 ἐστι’,ν

156 2181 190 2211 εἴ
203 2190 257 2215 τις
272 2176 336 2229 μὴ
343 2174 494 2231 φράσει
504 2166 640 2221 ὀρθῶς
658 2175 759 2215 ὀὸόν,
770 2174 823 2209 II

154 2225 230 2268 πῦρ
251 2208 409 2256 ἓναύσει
431 2219 451 2263 ἢ
471 2208 699 2267 διαᾷθείοει
723 2204 820 2266 ὕδωρ

154 2274 217 2302 ete.
262 2268 337 2310 vgl.
365 2268 416 2300 die
434 2268 541 2300 Verse
565 2269 622 2300 des
648 2267 808 2300 Ennius]
797 2269 821 2307 1,

158 2314 208 2358 16,
227 2314 280 2346 51.

188 2370 367 2414 fraudem,
386 2370 545 2412 Schaden,
563 2370 626 2402 wie
641 2370 672 2401 in
687 2370 746 2401 der
758 2369 822 2401 Re-

156 2417 292 2448 densart
302 2415 429 2458 fraudi
444 2426 517 2447 esse
540 2416 604 2447 und
629 2420 722 2447 sonst
745 2415 825 2446 hiiu-

157 2461 209 2502 fig.

204 2505 264 2540 Ubi
295 2506 453 2538 iudicium
491 2508 652 2550 emptoris
681 2508 733 2537 est
765 2508 824 2537 eet.

159 2551 323 2591 Diogenes
348 2551 418 2583 h'aeilt
445 2551 512 2583 sich
529 2561 569 2582 an
587 2552 647 2583 den
667 2551 825 2583 Buchsta-

158 2596 220 2628 ben
238 2596 296 2628 des
312 2595 485 2628 Gesetzes.
504 2596 549 2628 Es
567 2597 611 2628 ist
628 2596 679 2628 ein
695 2595 826 2627 Grund-

893 1632 964 1659 satz
974 1628 1030 1658 des
1040 1626 1223 1658 riimischen
1232 1626 1363 1668 Rechts,
1379 1627 1558 1660 dasskeine

894 1671 1329 1712 [feberlistungstattfindet,
1343 1682 1395 1703 wo
1404 1671 1558 1705 der-Rau-

892 1717 943 1749 fer
972 1718 1023 1749 die
1051 1716 1261 1757 Mijglichkeit
1289 1718 1358 1749 sich
1387 1718 1493 1749 selbst
1517 1728 1559 1749 zu

892 1763 1098 1802 iiberzeugen
1118 1763 1182 1801 hat,
1201 1762 1264 1793 und
1279 1763 1400 1794 ebenso
1415 1762 1561 1794 schreibt

892 1808 942 1839 ein
967 1807 1091 1839 Gesetz
1114 1817 1190 1838 vor:
1216 1818 1269 1848 ea,
1292 1818 1376 1849 quae
1392 1818 1558 1839 commen-

891 1853 994 1884 dandi
1010 1863 1114 1884 eausa
1127 1853 1161 1883 in
1180 1853 1428 1885 condicionibus
1444 1852 1559 1884 dicim-

892 1901 957 1937 tur,
973 1899 1005 1929 sl
1014 1897 1126 1940 palam
1139 1901 1337 1940 appareant,
1352 1897 1558 1930 conditorem

889 1953 954 1974 nou
980 1943 1130 1984 obligant
1153 1942 1195 1980 (d.
1222 1944 1252 1973 h.
1274 1942 1489 1984 verpssichten
1507 1943 1559 1974 ihn

892 1988 981 2019 nieht
1005 1988 1059 2018 fiir
1081 1987 1137 2018 das
1164 1986 1308 2028 Gesagte
1332 1988 1559 2026 einzustehen,

893 2034 1076 2074 praestare)
1109 2032 1212 2063 veluti
1238 2034 1270 2064 .ςὶ
1296 2033 1394 2075 dieat,
1424 2043 1559 2064 servum

892 2080 1090 2121 speciosum,
1105 2077 1242 2109 domum
1251 2079 1331 2109 bene
1339 2077 1560 2119 aedfflcatam.

939 2145 983 2165 ea·
1006 2133 1114 2165 altera
1134 2136 1249 2175 parte,
1276 2144 1350 2165 vom
1374 2133 1561 2175 Antipater,

894 2178 947 2210 ffiv
970 2179 1031 2209 den
1056 2179 1113 2209 das
1131 2176 1306 2210 Niitzliche
1331 2179 1361 2210 in
1386 2179 1446 2210 der
1461 2178 1562 2210 unbe-

895 2223 1094 2255 schriinkten
1114 2222 1278 2255 Olfenheit
1295 2223 1436 2255 besteht.

942 2279 994 2320 55.
1020 2291 1085 2312 non
1103 2281 1142 2310 ut
1157 2290 1414 2322 quaereremus,
1439 2280 1469 2311 d.
1487 2280 1509 2311 i.
1528 2284 1564 2311 ut

896 2325 1022 2356 inanem
1051 2325 1275 2367 quaestionem
1302 2325 1562 2357 institueremus.

897 2380 1065 2413 eas-ponere
1079 2371 1119 2401 im
1135 2369 1322 2411 Gegensatz
1340 2382 1382 2402 zu
1396 2370 1565 2414 eoeplz'eare

899 2416 942 2446 ist
959 2415 1041 2446 kurz
1059 2416 1234 2456 andeuten,
1259 2415 1325 2447 fast
1340 2430 1385 2442 =
1400 2425 1564 2458 propone-

898 2470 945 2491 re.
976 2460 1067 2492 Brut.
1087 2458 1140 2499 44,
1162 2460 1224 2492 164
1244 2462 1345 2504 plura
1362 2462 1464 2492 etiam.
1477 2460 1565 2492 dicta

899 2515 998 2548 quam
1021 2507 1166 2548 scripta,
1190 2506 1280 2547 quod
1301 2517 1345 2538 er:
1367 2505 1566 2548 quibusdam

899 2551 1062 2593 capitibus
1077 2553 1241 2594 ewpo-se'tc's
1254 2561 1312 2582 nec
1325 2550 1499 2595 eoeplz'catis
1512 2552 1565 2583 in-

901 2595 1013 2638 tellegi
1026 2595 1110 2628 licet.

1586 1074 1627 1105 56
