1684 2819
196 161 273 200 140
762 158 818 190 DE
844 157 1025 191 OFFICHS

195 262 252 308 lia,
274 266 425 312 portus,
444 272 628 312 aquarum
649 261 786 299 ductus
806 260 1023 310 omniaque,
1045 272 1140 311 quae
1155 260 1200 300 ad
1217 272 1333 300 usum
1352 259 1405 298 rei
1423 258 1598 310 publicae

194 318 397 368 pertinent.
435 318 677 368 Quamquam
696 318 800 368 quod
818 329 1001 368 praesens
1023 322 1221 367 tamquam
1242 317 1280 355 in
1304 328 1462 356 manum
1486 315 1598 355 datur

193 374 398 413 iucundius
421 380 497 421 est,
526 374 620 413 haee
641 380 769 413 tamen
791 373 830 412 in
852 379 1054 425 posterum
1076 373 1252 423 gratiora.
1295 373 1474 418 Theatra,
1501 385 1596 424 por-

193 431 311 476 ticus,
339 443 438 470 nova
468 431 605 482 templa
627 430 880 470 verecundius
908 430 1150 481 reprehendo
1172 435 1331 481 propter
1351 429 1595 481 Pompeium,

193 488 259 526 sed
282 487 497 526 doctissimi
519 499 601 526 non
622 487 800 538 probant,
822 492 863 526 ut
885 493 922 525 et
942 487 1003 525 bic
1024 487 1108 538 ipse
1123 486 1338 533 Panaetius,
1360 498 1475 537 quem
1495 486 1597 525 mul-

195 551 275 582 tum
304 544 342 582 in
364 544 423 583 his
455 544 561 583 libris
584 549 739 582 secutus
763 556 867 591 sum,
896 556 977 582 non
1007 543 1301 595 interpretatus,
1332 549 1368 581 et
1389 542 1597 581 Phalereus·

192 600 421 646 Demetrius,
445 601 510 652 qui
527 600 712 640 Periclem
735 601 949 652 principem
967 600 1144 639 Graeciae
1166 599 1364 650 vituperat,
1386 598 1489 650 quod
1511 605 1598 637 tan-

194 664 270 696 tam
292 657 492 708 pecuniam
516 658 554 696 in
576 657 769 708 praeclara
792 657 851 696 illa
874 657 1078 709 propylaea
1101 655 1318 695 coniecerit.
1361 655 1435 695 Sed
1458 655 1505 694 de
1525 655 1601 694 hoc

193 725 332 763 genere
352 719 435 753 toto
458 714 497 752 in
519 714 564 753 iis
588 714 715 761 libris,
738 727 836 765 quos
868 715 933 760 ,de
955 726 994 753 re
1016 713 1183 764 publica*
1213 712 1371 764 scripsi,
1399 711 1600 762 diligenter

193 776 252 809 est
278 770 528 822 disputatum.
573 771 671 809 Tota
699 771 811 821 igitur
832 771 927 810 ratio
959 770 1089 809 talium
1116 769 1363 820 largitionum
1385 781 1523 819 genere
1543 768 1599 806 vi-

196 828 290 866 tiosa
315 833 388 874 est,
419 827 661 878 temporibus
691 828 908 867 necessaria
935 834 968 866 et
1000 833 1080 866 tum
1106 827 1236 878 ipsum
1265 832 1302 865 ct
1329 826 1375 865 ad
1403 825 1599 864 facultates

119 884 170 923 18
196 885 526 924 acconunodanda
559 890 595 923 et
628 884 890 923 mediocritate
925 884 1156 922 moderanda
1187 889 1255 922 est.

122 947 157 977 til

123 1116 162 1146 02

124 1536 164 1565 (553

307 942 347 979 In
363 941 423 979 illo
441 946 566 980 autem
585 941 703 980 altero
720 953 856 992 genere
869 941 1064 989 largiendi,
1082 940 1184 991 quod
1203 953 1223 979 a
1240 939 1460 978 liberalitate
1478 941 1598 990 proli-

195 997 362 1043 ciscitur,
381 1010 460 1036 non
479 1009 556 1036 uno
576 997 692 1035 modu
712 998 749 1035 in
766 997 984 1048 disparibus
1004 997 1130 1035 causis
1148 995 1282 1035 adfecti
1301 1008 1385 1034 esse
1400 995 1598 1034 debenms.

193 1053 273 1092 Alia
289 1066 403 1093 causa
419 1059 476 1093 est
491 1054 659 1105 cius,qui
675 1054 884 1093 calamitate
900 1053 1101 1105 premitur,
1111 1059 1147 1092 et
1161 1052 1256 1099 eius,
1267 1052 1331 1103 qui
1345 1064 1406 1091 res
1422 1051 1600 1090 meliores

195 1111 341 1162 quaerit
356 1111 468 1150 nullis
485 1111 564 1149 suis
581 1111 696 1149 rebus
712 1110 894 1149 adversis.
918 1110 1156 1161 Propensior
1166 1109 1379 1160 benignitas
1390 1121 1475 1147 esse
1485 1108 1599 1146 debe-

196 1167 305 1206 bitin
321 1168 580 1213 calamitosos,
603 1168 677 1206 nisi
697 1168 795 1212 forte
818 1173 927 1206 crunt
953 1167 1056 1219 digni
1072 1165 1294 1205 calamitate.
1329 1166 1370 1205 In
1392 1165 1437 1204 iis
1461 1171 1599 1211 tamen,

196 1223 259 1275 qui
283 1238 322 1262 se
344 1223 513 1263 adiuvari
540 1224 685 1271 volent,
718 1236 796 1262 non
818 1237 866 1262 ne
888 1224 1136 1274 adfligantur,
1165 1223 1231 1262 sed
1254 1228 1296 1262 ut
1315 1222 1490 1262 altiorem
1511 1234 1598 1272 gra-

195 1281 285 1319 dum
309 1281 533 1327 ascendant,
555 1281 719 1320 restricti
743 1281 905 1319 omnino
930 1293 1015 1319 esse
1038 1280 1143 1319 nullo
1167 1280 1284 1318 modo
1307 1279 1510 1325 debemus,
1533 1279 1599 1317 scd

195 1337 233 1375 in
268 1337 477 1387 deligendis
511 1338 659 1376 idoneis
694 1337 875 1376 iudicium
913 1343 949 1375 et
984 1336 1217 1388 diligentiam
1254 1336 1447 1375 adbibere.
1502 1335 1596 1374 Nam

196 1394 386 1445 praeclare
408 1394 573 1433 Ennius:

309 1461 405 1500 Bene
426 1464 532 1514 sa'cta
553 1463 652 1501 male
674 1462 799 1501 lomim
819 1462 919 1501 male
939 1464 1045 1514 sacta
1068 1461 1254 1500 arbitror.

196 1530 307 1577 Quod
330 1536 456 1569 autem
480 1531 665 1570 tributum
687 1537 744 1569 est
766 1530 869 1569 bono
892 1530 973 1568 viro
996 1537 1032 1569 et
1054 1535 1182 1580 grato,
1205 1529 1243 1567 in
1267 1540 1310 1567 eo
1337 1540 1424 1567 cum
1448 1541 1492 1566 ex
1515 1527 1601 1579 ipso

194 1588 341 1626 fructus
363 1593 421 1626 est
442 1592 525 1626 tum
547 1588 660 1627 etiam
683 1601 727 1626 ex
748 1587 894 1626 ceteris.
933 1586 1161 1626 Temeritate
1178 1585 1279 1624 enim
1296 1590 1444 1624 remota
1463 1584 1601 1636 gratis-

194 1644 370 1683 sima-est
392 1644 608 1687 liberalitas,
631 1657 754 1695 eoque
775 1657 857 1683 eam
881 1643 1092 1683 studiosius
1115 1642 1287 1695 plerique
1308 1641 1475 1687 laudant,
1497 1641 1600 1692 quod

194 1703 338 1739 summi
384 1701 569 1753 cuiusque
611 1701 764 1740 bonitas
807 1713 1016 1739 ccunmune
1058 1699 1278 1752 perfugium
1316 1704 1375 1737 est
1411 1698 1598 1737 omnium.

192 1757 324 1796 Danda
354 1758 467 1807 igitur
496 1771 611 1809 opera
641 1765 695 1797 cst
728 1764 768 1797 ut
795 1757 840 1797 iis
870 1757 1067 1797 beneficiis
1092 1769 1205 1809 quam
1227 1755 1416 1808 plurimos
1444 1755 1599 1794 adlicia-

195 1827 295 1857 mus,
318 1827 483 1864 quorum
507 1814 846 1859 memorialiberis
864 1815 1111 1865 posterisque
1129 1813 1327 1864 prodatur,
1351 1817 1392 1852 ut
1408 1812 1454 1851 iis
1473 1812 1598 1862 ingra-

195 1870 241 1909 tis
270 1884 357 1909 esse
385 1883 465 1909 non
493 1871 611 1910 liceat.
654 1872 800 1910 Omnes
823 1872 923 1910 enim
948 1872 1215 1909 immemorem
1238 1869 1412 1908 beneficii
1437 1869 1603 1907 oderunt

194 1940 354 1978 eamque
385 1927 563 1966 iniuriam
595 1929 630 1967 in
661 1928 885 1967 deterrenda
909 1927 1128 1966 liberalitate
1152 1926 1222 1965 sibi
1245 1926 1359 1964 etiam
1383 1925 1464 1964 lieri
1488 1937 1601 1964 cum-

240 2052 292 2084 60.
326 2063 499 2095 praesens,
518 2053 719 2095 persimlich:
737 2052 863 2091 1‚4‚11.

236 2100 402 2140 gralsora,
421 2098 736 2135 dankcnswertlier;
760 2099 791 2139 ξ.
810 2097 864 2129 45.

240 2145 378 2184 lliealra,
395 2145 558 2187 μον-ἥσω.
594 2143 655 2175 Mit
676 2144 747 2175 dem
773 2154 813 2174 zu
831 2143 862 2184 ξ.

195 2189 234 2219 57
256 2190 447 2220 erwiilmten
472 2189 618 2220 Theatcr
641 2190 697 2220 dcs
726 2189 864 2230 Pompe-

191 2235 247 2274 jus
267 2245 379 2266 waren
406 2235 489 2265 zwci
514 2234 649 2276 Tempel
674 2235 733 2265 der
753 2234 863 2266 Ycuus·

197 2281 259 2311 und
280 2280 424 2312 Nic-toria
449 2281 513 2311 und
532 2280 761 2320 Siiulcngiinge
787 2290 864 2311 icr-

195 2326 335 2357 bundeni.

241 2371 425 2403 Phalereus
442 2371 657 2403 Demetrius.-
683 2370 703 2404 l,
727 2371 754 2408 1,
774 2372 803 2401 3.

243 2420 368 2448 lantum
385 2419 580 2460 pecuniam:
609 2417 660 2447 (lie
679 2416 863 2458 l'ropyliien

195 2463 294 2494 alleiu
313 2463 418 2493 sollen
439 2462 524 2493 21112
544 2461 685 2493 'salente
711 2462 863 2501 gvkostvt

196 2508 309 2541 baben,
325 2509 405 2539 dot-li
421 2507 628 2539 schciutdics
645 2507 865 2538 iibcrtricbcu.

243 2557 312 2584 lum
330 2555 450 2597 ipsum,
469 2564 562 2583 wcun
582 2553 629 2583 sic
649 2552 786 2583 niimlich
802 2562 862 2582 iun

197 2599 257 2629 ‹lcu
274 2599 473 2630 l'mstiiuden
493 2598 660 2629 erfordcrt
677 2597 764 2639 siud,
784 2597 866 2628 iiber

938 2055 1006 2083 lum
1036 2053 1145 2095 ipsum
1165 2061 1190 2082 s,
1208 2049 1326 2092 Zumpt
1343 2048 1374 2091 ξ.
1394 2048 1469 2081 270.

985 2090 1050 2130 18.
1067 2096 1119 2128 (31.
1136 2095 1171 2127 ln
1187 2096 1292 2128 allero
1308 2105 1454 2137 genere:
1472 2106 1500 2126 z.
1512 2105 1538 2127 c.
1554 2094 1603 2126 113.

938 2154 965 2174 z.
984 2143 1058 2174 Ans.

982 2188 1159 2220 alim-ausa
1167 2188 1296 2218 esteius
1307 2188 1357 2218 et.-
1375 2188 1408 2217 εἰ
1425 2186 1504 2217 nach
1519 2185 1605 2218 alius

939 2233 1038 2265 findet
1056 2233 1123 2264 sicli
1143 2232 1231 2264 nieht
1249 2231 1355 2263 setten
1373 2231 1424 2263 hei
1439 2231 1504 2263 Cic.
1525 2235 1607 2262 statt

937 2280 994 2310 dcs
1027 2278 1312 2319 geuiilmlicberen
1348 2280 1464 2318 atq11e;
1499 2276 1538 2307 dc
1557 2286 1604 2306 or.

939 2324 989 2362 Ill,
1010 2324 1057 2366 19,
1077 2324 1118 2355 eo·
1135 2323 1202 2355 alia
1215 2324 1301 2354 enim.
1321 2325 1354 2354 et
1371 2323 1456 2353 bona
1473 2324 1506 2353 et
1519 2321 1608 2353 mala

940 2370 1094 2401 ridentur
1111 2367 1235 2400 Stoicis
1253 2370 1287 2399 et
1302 2368 1424 2399 ceteris
1442 2368 1578 2399 eit-ibus.

982 2415 1035 2446 62.
1069 2414 1214 2446 1'donet's:
1236 2412 1266 2455 ξ.
1287 2412 1340 2444 54.

984 2459 1035 2491 63.
1071 2471 1142 2491 eam
1176 2460 1335 2491 iniuriam
1375 2457 1507 2490 bezieht
1539 2457 1608 2489 sich

937 2506 997 2537 aul¹
1009 2508 1238 2536 immemorem
1258 2504 1422 2546 beneficii,
1443 2503 1492 2534 als
1511 2502 1550 2534 ob
1567 2513 1606 2534 an

938 2552 1056 2582 ‹lessen
1074 2550 1178 2582 Stclte
1193 2550 1243 2580 ein
1255 2549 1466 2581 Abstractum
1481 2549 1608 2587 stando,

938 2597 1009 2637 ,die
1036 2595 1331 2636 Undaukbarkeit·,
1365 2598 1448 2626 orat.
1479 2594 1538 2635 20,
1566 2594 1607 2624 (ἰδ’
