1684 2819
580 146 1021 188 LtBERffl.28,70.71.
1061 148 1116 180 29.
1467 150 1544 189 153

138 262 271 315 igitur,
304 274 347 301 se
376 268 482 309 tum,
515 275 631 314 quum
653 260 719 301 illa
742 261 876 301 videre
908 261 1125 316 coepisset,
1157 261 1370 316 exstingui.
1417 263 1544 314 Quid?

140 332 192 358 ex
222 316 364 358 ceteris
393 317 633 371 philosophis
665 331 796 357 nonne
826 318 995 372 optimus
1025 325 1064 359 et
1093 319 1350 371 gravissimus
1380 320 1545 374 quisque

140 372 363 423 confitetur,
396 374 514 414 multa
538 387 580 414 se
602 374 789 428 ignoraie
821 382 859 414 et
894 375 1012 416 multa
1033 375 1109 416 sibi
1131 375 1247 416 etiam
1280 383 1395 429 atque
1427 378 1544 418 etiam

139 443 229 470 esse
260 429 475 471 discenda?
511 445 638 484 neque
667 437 821 481 tamen,
851 446 965 485 quum
989 446 1032 473 se
1052 433 1092 472 in
1114 432 1240 472 media
1262 432 1445 482 stultitia,
1471 449 1545 488 qua

137 486 232 526 nihil
264 493 326 527 est
356 487 489 539 peius,
535 488 699 528 haerere
732 488 976 552 intelligant,
1018 489 1266 543 aegritudine
1295 498 1540 544 premuntur.

136 542 252 583 Nulla
290 544 392 583 enim
425 544 662 585 admiscetur
693 544 825 598 opinio
857 545 1018 586 officiosi
1050 546 1212 585 doloris.

251 599 377 650 Quid?
398 601 460 653 qui
484 616 562 640 non
583 608 721 655 putant
741 601 950 654 lugendum
968 602 1092 641 viris?
1115 602 1240 654 qualis
1263 603 1335 642 fuit
1357 602 1403 653 Q.
1418 603 1546 644 Maxi-

136 671 223 697 mus
245 656 413 697 efferens
437 657 555 697 filium
578 657 847 706 consulirem,
884 657 1007 710 qualis
1028 658 1076 697 L.
1096 658 1255 698 Paullus
1279 660 1429 700 duobus
1451 674 1545 714 pau-

137 713 192 753 615
215 713 351 754 diebus
374 714 530 753 amissis
549 713 655 762 filiis,
681 714 805 766 qualis
821 714 876 753 Μ.
896 713 992 753 Cato
1014 721 1199 768 praetore
1217 715 1423 768 designato
1440 730 1545 757 mor-

137 777 204 809 tuo
243 770 348 819 filio,
393 769 526 822 quales
558 770 725 822 reliqui,
769 784 866 823 quos
906 770 946 810 in
980 770 1261 811 Consolatione
1295 773 1540 826 collegimus.

138 825 235 877 Quid
270 827 339 866 hos
371 825 475 865 aliud
507 826 699 879 placavit,
733 826 806 867 nisi
830 826 930 879 quod
963 827 1105 867 luctum
1137 834 1176 867 et
1206 840 1424 868 maerorem
1458 844 1545 870 esse

135 896 213 921 non
235 882 435 935 putabant
445 882 549 922 viri?
579 883 683 936 Ergo
706 883 767 931 id,
802 884 903 935 quod
927 883 994 924 alii
1017 890 1165 924 rectum
1188 884 1392 938 opinantes
1416 886 1544 940 aegri-

134 938 258 978 tudini
281 951 322 978 se
346 939 474 979 solent
497 940 653 989 dedere,
678 939 715 978 id
747 914 785 979 lii
807 946 920 994 turpe
943 948 1124 1005 putantes
1147 941 1434 994 aegritudinem
1458 956 1545 996 rep—

134 995 333 1048 pulerunt.
374 995 437 1035 Ex
461 1010 536 1049 quo
559 996 812 1049 intelligitur,
847 1011 926 1036 non
947 998 986 1037 in
1010 1005 1171 1047 natura,
1207 998 1307 1037 sed
1297 1013 1337 1038 111
1360 999 1544 1052 opinione

134 1065 222 1093 esse
244 1052 546 1107 aegritudinem.

248 1084 394 1149 Cobntra
416 1109 598 1150 dicuntur
619 1108 737 1149 haec:
765 1110 859 1161 Quis
883 1118 960 1151 tam
983 1112 1158 1160 demens,
1182 1118 1225 1151 ut
1246 1125 1317 1151 sua
1338 1113 1541 1152 voluntate
1559 1112 1616 1157 29

134 1167 336 1206 maereat?
355 1165 506 1206 Natura
528 1167 641 1206 affert
663 1167 855 1217 dolorem,
881 1168 942 1208 eui
966 1168 1120 1222 quidem
1136 1168 1321 1219 Crantor,
1345 1169 1540 1222 inquiunt⁷

132 1228 267 1262 vester
298 1224 511 1263 cedendum
542 1230 665 1277 putat.
709 1223 857 1264 Premit
879 1225 979 1265 enim
1004 1231 1119 1277 atque
1139 1225 1283 1272 instat,
1318 1239 1390 1265 1166
1410 1226 1543 1265 resisti

133 1285 277 1332 potest.
313 1278 447 1332 ltaque
468 1278 603 1320 Oileus
625 1280 692 1320 ille
715 1282 816 1335 apud
839 1282 1085 1336 Sophoclem,
1113 1282 1178 1335 qui
1198 1281 1452 1323 Telamonem
1475 1297 1543 1322 an-

873 1406 1069 1438 Lieinianus
1096 1406 1159 1437 152
1187 1417 1219 1439 v.
1247 1405 1327 1438 Chr.

872 1453 994 1484 schline
1013 1451 1140 1483 Stelle:
1162 1452 1200 1484 de
1220 1462 1291 1483 sen.
1312 1452 1367 1492 24,
1389 1451 1443 1483 Si.

918 1500 951 1529 ἰη
974 1498 1240 1537 Consolatione,
1263 1508 1289 1529 s.
1313 1508 1353 1528 zu
1374 1497 1397 1529 1.
1415 1497 1470 1537 26,
1487 1498 1542 1529 65.

920 1543 974 1574 71.
1003 1543 1042 1574 id
1057 1561 1094 1566 —
1112 1543 1160 1581 id,
1184 1542 1318 1583 s.8,1S
1337 1554 1379 1573 zu
1397 1544 1440 1574 ab
1460 1553 1512 1574 eo.

917 1584 986 1623 29.
1005 1589 1141 1620 Contra
1153 1588 1323 1619 (licaretur
1333 1589 1430 1628 leaeo,
1443 1588 1544 1619 niiml.

872 1644 904 1664 v.
926 1633 959 1664 (1.
979 1632 1261 1675 Peripatetikern.

921 1679 1082 1710 Crantor
1115 1679 1157 1720 (s.
1188 1679 1212 1710 1.
1234 1679 1296 1718 43,
1321 1679 1398 1718 115)
1440 1678 1546 1710 heisst

874 1728 984 1756 vester
994 1724 1044 1756 als
1055 1723 1210 1764 Mitglied
1222 1724 1547 1764 derAkade1uie‚der

872 1770 989 1801 Cicero
1017 1770 1059 1801 im
1077 1769 1212 1812 Princip
1238 1770 1309 1801 sich
1328 1769 1544 1801 anschfiesst.

871 1814 1159 1855 Vg1.111.6,12.

916 1860 1015 1902 apud
1030 1860 1251 1912 Sophoclem,
1275 1859 1306 1891 in
1326 1860 1399 1891 dem
1418 1860 1546 1891 verior-

872 1906 1044 1942 11611Αἴας
1057 1901 1542 1949 Λοκρός,11ε161181011.561·111.

873 1951 936 1982 113
956 1951 1024 1992 (bei
1044 1951 1144 1982 Dind.
1164 1961 1196 1993 p.
1212 1951 1290 1991 29);

875 1993 967 2033 Τοις
991 1992 1022 2028 <5⁰
1044 1990 1089 2028 αὖ
1113 1997 1312 2048 μεγίστοις
1335 1995 1397 2027 καὶ
1423 2003 1544 2039 σοφω-

1197 2038 1328 2078 τάτους
1345 2051 1437 2084 φρει
1441 2041 1453 2072 ὶ

178 1404 232 1434 70.
268 1404 487 1446 inlelligaut.
533 1403 624 1437 Nach
657 1408 802 1448 quisque

130 1449 196 1480 und
224 1448 384 1492 uffewrte,
410 1451 474 1482 wie
500 1451 583 1482 nach
603 1450 714 1483 Subst.
736 1452 803 1483 col-

130 1494 225 1535 lect.,
241 1495 321 1535 geht
339 1496 421 1527 auch
436 1495 554 1528 Cicero
572 1497 615 1528 im
636 1497 675 1528 fo
688 1498 695 1528 Ι
708 1508 754 1537 ge
767 1508 802 1529 n-

132 1540 150 1571 d
163 1550 211 1571 en
229 1540 330 1573 Satze
358 1542 448 1572 nicht
466 1542 573 1574 selten
592 1543 624 1573 in
644 1543 706 1574 deu
727 1543 802 1574 Plu-

133 1585 185 1616 ral
210 1585 304 1617 iiber.

178 1642 331 1682 officiosi
347 1642 493 1684 doloris,
505 1643 569 1675 wie
583 1654 614 1686 p.
628 1642 700 1675 Mil.
714 1643 800 1685 5,12

132 1688 283 1728 officiosi
306 1688 457 1720 labores.

180 1744 219 1785 Q.
235 1743 368 1775 Fabius
383 1744 565 1777 Maoez'mus
583 1747 796 1779 Cunctator.

133 1788 207 1820 Cat.
236 1788 279 1820 M.
309 1790 341 1829 4,
366 1790 425 1821 12:
458 1791 575 1823 Multa
601 1795 637 1823 z'n
663 1803 700 1824 eo
726 1795 802 1824 viro

126 1835 322 1876 praeclara
349 1839 515 1878 cognovi,
542 1837 606 1868 sed
631 1838 723 1869 nihil
749 1842 803 1870 est

132 1880 394 1921 admirabilius,
410 1891 516 1922 qaam
535 1893 603 1924 qao
618 1883 722 1914 modo
742 1884 802 1915 ille

131 1925 382 1966 *morlemfile‘z‘
413 1927 520 1967 tulit,
557 1928 650 1959 clarc·
675 1931 742 1959 viri
769 1932 802 1960 et

132 1970 342 2002 consularis.
378 1972 445 2003 Est
469 1975 504 2003 in
530 1974 693 2005 manibus
723 1974 801 2006 lau-

131 2016 252 2048 datio:
271 2026 502 2059 quamquam
521 2019 684 2061 legimus,
698 2030 799 2062 quem

124 2062 379 2104 philosophum
413 2073 482 2095 non
516 2067 802 2109 oontemmfmas?
877 2083 984 2118 Τοιού
1007 2082 1037 2118 ὃ
1059 2082 1129 2118 ἶὸοι
1178 2082 1241 2125 ἂν
1278 2083 1332 2119 oio'
1375 2086 1453 2119 {ou
1478 2097 1544 2119 ην

128 2107 199 2139 Β61·
223 2106 332 2148 Sohn,
361 2106 421 2149 Q.,
457 2119 530 2140 war
555 2109 619 2141 213
645 2111 705 2142 mit
722 2109 798 2143 Tib.
989 2098 1004 2124 g
1136 2099 1152 2124 ς
1197 2112 1241 2164 vd?
1336 2099 1352 2124 ς

129 2152 344 2195 Sempronius
379 2153 552 2187 Gracchus
585 2154 711 2188 Consul
745 2166 802 2197 ge·
1194 2144 1212 2165 ⁰
1241 2143 1269 2171 δ’

128 2208 255 2231 wesen·
871 2177 1004 2214 Καλῶς
1025 2178 1144 2214 κακῶς
1162 2175 1337 2222 πράσσοι
1339 2189 1371 2209 τι
1393 2185 1544 2221 συμπα-

1196 2224 1382 2267 οαινέσαι·

1387 1405 1462 1446 Vgl.
1491 1406 1553 1438 die.

175 2255 217 2287 L.
232 2256 408 2288 Aemilius
422 2257 593 2297 Paullus,
616 2257 674 2288 der
687 2258 802 2290 Besie-

129 2310 188 2341 ger
214 2301 272 2333 des
291 2300 453 2342 Perseus,
480 2303 596 2334 verlor
622 2304 703 2334 nach
725 2303 799 2335 Liv.

127 2344 234 2378 XLV.
254 2347 296 2378 40
324 2358 356 2379 u.
378 2348 417 2378 41
448 2346 512 2380 i.J.
532 2348 608 2388 167,
639 2349 741 2389 grade
769 2349 800 2380 in

128 2391 191 2423 den
215 2391 331 2433 Tagen
358 2392 469 2425 seines
495 2392 713 2436 Triumphes,
746 2394 800 2426 die

127 2436 247 2469 beiden
267 2438 430 2480 jiiugsten
455 2439 567 2471 seiner
583 2441 656 2471 vier
675 2439 798 2480 Siihne,

129 2481 171 2513 im
189 2481 432 2515 Knahenalter.

175 2538 224 2571 M.
241 2540 388 2572 Porcius
406 2539 495 2572 Cato
512 2541 707 2574 Censorius
726 2550 801 2572 ver-

130 2583 182 2614 lor
206 2584 320 2616 seinen
347 2585 476 2617 allex-en
497 2585 605 2627 Sohn,
634 2585 677 2618 M.
700 2585 737 2617 P.
760 2584 798 2617 C.

863 2262 977 2301 Ὅταν
995 2266 1035 2300 δὲ
1060 2253 1207 2313 ὁάίαων
1223 2265 1269 2301 ἀι
1272 2265 1357 2313 δρὸς
1374 2264 1546 2310 εὐτιχοῦς

1194 2311 1234 2346 τὸ
1251 2315 1339 2357 πρὶν

871 2356 1034 2403 Νἶάστιγ
1062 2353 1114 2404 ἔρ
1108 2360 1183 2404 ίσῃ
1218 2360 1281 2392 τοῦ
1303 2360 1384 2401 βίου
1410 2360 1542 2391 παλιν-

1194 2415 1343 2460 τροπον,

873 2447 929 2481 Τὰ
954 2446 1070 2482 πολλὰ
1095 2449 1242 2495 φροῦδα
1270 2450 1331 2482 καὶ
1357 2449 1475 2484 καλῶς
1493 2448 1543 2480 εἰ-

1219 2496 1343 2539 ημέια

870 2540 939 2572 Der
955 2539 1179 2573 Uebersetzer
1193 2508 1247 2573 Qist
1265 2539 1542 2572 wahrscheinlich

871 2585 990 2618 Cicero
1009 2587 1126 2619 selbst.
