1684 2819
635 160 714 192 LlB.
732 158 755 192 Ι.
794 159 886 196 CAP.
906 163 959 195 36.
979 163 1033 195 37.
1484 163 1534 202 91

136 270 175 304 ut
202 277 268 303 eos
289 262 478 313 exquisito
500 262 641 301 iudicio
664 268 818 314 putares
840 265 896 304 uti
919 265 1149 311 litterarum,
1177 276 1411 315 quamquam
1432 270 1539 303 erant

134 320 297 365 litterati,
318 319 385 357 sed
408 324 442 357 et
464 318 536 365 alii,
557 319 597 357 hi
614 324 743 358 autem
762 321 907 371 optime
923 321 980 360 uti
994 320 1123 371 lingna
1138 320 1272 359 Latina
1289 319 1537 371 putabantur.

137 378 265 415 Sonus
288 380 369 414 erat
391 375 532 421 dulcis,
556 375 701 415 litterae
722 388 847 428 neque
869 389 1073 428 expressae
1094 389 1219 427 neque
1242 389 1468 427 oppressae,
1489 388 1539 414 ne

133 437 197 471 aut
226 432 438 470 obscurum
460 437 562 470 esset
582 438 646 470 aut
666 433 864 483 putidum3
893 433 977 472 sine
998 433 1247 472 contentione
1267 445 1341 471 vox
1361 444 1434 471 nec
1452 432 1538 471 lan-

137 500 258 539 guens
287 500 359 526 nec
386 500 536 526 canora.
585 488 750 527 Uberior
779 489 900 528 oratio
928 489 970 528 L.
994 488 1120 528 Crassi
1147 501 1219 527 nee
1244 489 1375 527 minus
1406 489 1538 534 faceta,

136 545 204 583 sed
233 545 332 583 hene
360 544 542 595 loquendi
573 545 618 583 de
647 544 787 583 Catulis
818 545 949 596 opinio
977 557 1057 583 non
1083 545 1225 584 minor.
1275 545 1359 583 Sale
1384 557 1474 583 vero
1503 550 1540 583 et

135 600 277 639 facetiis
300 600 456 647 Caesar,
487 600 604 639 Catuli
633 601 752 651 patris
782 602 915 648 frater,
943 601 1028 640 vicit
1056 613 1210 648 omnes,
1239 605 1281 639 ut
1308 601 1347 639 in
1369 600 1430 639 illo
1451 601 1539 652 ipso

135 657 281 696 forensi
315 668 454 706 genere
486 656 636 694 dicendi
664 657 932 696 contentiones
961 657 1122 696 aliorum
1150 669 1331 696 sermone
1359 657 1540 695 vinceret.

135 713 178 751 In
208 712 391 751 omnibus
420 712 535 762 igitur
562 712 621 750 his
646 713 924 752 elaborandum
947 719 1023 759 est7
1056 713 1087 751 si
1110 713 1148 751 in
1171 712 1277 751 omni
1298 725 1338 751 re
1360 712 1451 763 quid
1473 713 1540 751 de—

136 774 218 807 ceat
240 768 492 818 exquirimus.
535 767 592 806 Sit
619 780 711 818 ergo
740 769 803 807 hic
831 781 978 816 sermo,
1005 769 1045 807 in
1072 781 1148 819 quo
1170 769 1354 807 Socratici
1375 768 1541 807 maxime

135 824 334 871 excellunt⁷
357 823 452 861 lenis
475 823 710 874 minimeque
731 825 920 874 pertinax,
943 824 1035 863 insit
1056 824 1094 862 in
1116 838 1160 862 eo
1182 825 1303 874 lepos.
1340 824 1421 862 Nec
1436 836 1540 869 vero,

132 886 329 930 tamqnam
345 879 384 917 in
400 879 699 930 possessionem
716 892 826 919 suam
850 881 1006 927 venerit,
1032 880 1204 919 excludat
1228 879 1335 925 alios,
1361 880 1429 918 sed
1453 892 1541 918 cum

132 935 289 986 reliquis
319 935 357 973 in
386 935 501 974 rebus
531 941 612 974 tum
642 936 681 974 in
705 949 888 976 sermone
911 936 1108 976 communi
1131 935 1437 974 vicissitudinem
1459 946 1541 974 non

134 992 305 1042 iniquam
333 996 452 1042 putet.
494 992 547 1030 Ac
574 992 697 1030 videat
724 993 762 1030 in
792 993 928 1043 primis
959 993 1099 1044 quibus
1128 993 1173 1031 de
1201 992 1317 1030 rebus
1344 992 1541 1042 loquatur:

135 1048 166 1086 si
189 1047 313 1093 seriis⁷
337 1047 576 1086 severitatem
598 1047 790 1095 adhibeat,
814 1050 845 1087 si
867 1050 1023 1096 iocosis,
1042 1050 1230 1099 leporem.
1266 1048 1310 1086 In
1326 1048 1542 1098 primisque

134 1104 333 1155 provideat
365 1116 413 1142 ne
449 1117 578 1142 sermo
609 1104 744 1143 vitium
772 1104 926 1156 aliquod
953 1105 1095 1144 indicet
1122 1104 1250 1143 inesse
1279 1104 1316 1142 in
1345 1104 1541 1142 moribus:

135 1161 238 1211 quod
272 1160 437 1198 maxime
469 1165 551 1198 tum
586 1161 682 1198 solet
711 1161 879 1207 evenire,
915 1174 1000 1200 eum
1032 1160 1204 1199 studiose
1240 1161 1285 1198 de
1320 1160 1542 1198 absentibus

135 1216 357 1254 detrahendi
386 1228 498 1255 causa
526 1222 590 1254 aut
618 1229 687 1266 per
714 1216 917 1256 ridiculum
941 1222 1004 1256 aut
1027 1229 1173 1262 severe,
1200 1215 1381 1255 maledice
1404 1220 1543 1254 contu-

132 1271 370 1322 melioseque
410 1272 559 1311 dicitur.
609 1272 808 1311 Habentur
835 1279 963 1313 autem
991 1273 1218 1324 plerumque
1245 1284 1450 1311 sermones
1478 1277 1542 1311 aut

130 1365 229 1404 vaste,
263 1373 327 1395 non
347 1364 484 1403 rustice,
506 1373 571 1394 non
589 1363 711 1401 Maleo,
742 1362 804 1394 sed

126 1417 246 1450 presse
270 1410 303 1438 et
319 1407 537 1449 aequabiliter
556 1410 587 1438 et
604 1407 732 1439 leniter.
757 1407 798 1438 il).

134 1452 147 1482 1
159 1451 184 1492 1,
193 1451 234 1482 43
248 1462 343 1483 nemo
353 1455 413 1491 est,
432 1454 507 1493 quin
517 1452 740 1484 litteratissime
746 1463 800 1483 mn

134 1498 487 1538 togatormnomnium
504 1496 538 1536 Q.
554 1497 732 1529 Valerium-
740 1495 765 1528 S
768 1508 801 1528 o-

131 1551 251 1573 ranum
269 1541 405 1573 lenitate
422 1544 508 1573 vocis
526 1545 625 1584 atque
640 1544 713 1585 ipso
733 1543 802 1573 oris

130 1597 152 1629 p
163 1596 286 1617 ressa
304 1589 337 1617 ei
352 1597 433 1618 sono
441 1587 550 1628 facile
567 1589 684 1618 vineat.

182 1630 254 1662 133,
272 1632 305 1661 in
321 1630 466 1663 Catulis:
480 1631 584 1673 §109
599 1642 629 1662 u.
642 1631 694 1662 76.
710 1631 801 1663 Brut.

134 1675 186 1715 35,
209 1674 269 1705 133
288 1675 372 1707 Fuit*
386 1679 493 1718 [gitur
510 1678 541 1708 ιή
558 1676 672 1708 Catulo
689 1686 801 1707 sermo

133 1719 288 1752 Latinus.
320 1740 363 1743 —
392 1722 480 1754 Nam
502 1722 542 1753 de
559 1732 641 1753 sono
665 1723 752 1753 vocis
772 1723 804 1751 et

133 1766 302 1797 suavitate
318 1766 594 1810 appellandarum
609 1766 803 1798 litterarum

132 1810 202 1841 noli
226 1814 406 1853 eoepeeiare
430 1811 509 1853 quid
532 1811 651 1842 dicam.
690 1812 728 1842 de
755 1821 803 1841 or.

133 1853 170 1895 11,
190 1855 219 1895 7,
238 1854 291 1886 25.
318 1855 366 1897 III,
384 1855 412 1897 5,
432 1855 484 1887 29.

179 1900 239 1931 sed
256 1900 370 1932 etalii.
403 1903 436 1931 et
451 1900 505 1931 fiir
522 1902 638 1940 etium,
664 1900 727 1930 wie
746 1909 803 1930 na-

133 1945 288 1975 mentlieh
298 1946 377 1976 nach
387 1945 456 1985 sed,
471 1956 551 1976 nam
558 1946 622 1976 und
631 1945 801 1976 {ilinlielien

133 1989 252 2031 hiiufig,
274 1989 390 2031 §.142
409 2001 488 2022 nam
505 1993 538 2021 et
554 1989 702 2022 ordinem
721 1989 803 2032 defi-

134 2035 240 2066 nimii.

179 2089 322 2111 canora:
349 2080 438 2111 Brut.
469 2079 521 2120 66,
554 2079 618 2110 234
647 2079 804 2110 bedentet

135 2134 203 2155 vooe
215 2127 328 2155 suavis
342 2127 375 2156 et
386 2135 510 2157 canora
523 2125 595 2155 eine
604 2124 803 2155 melodische

137 2167 282 2208 Stimme,
306 2169 378 2200 hier
397 2171 450 2207 (im
470 2168 656 2209 Gegensatz
676 2180 717 2199 zu
733 2168 805 2199 Ian-

134 2224 253 2255 guens,
276 2214 491 2255 schleppend,
514 2215 682 2254 monoton)
701 2213 805 2244 allzu-

138 2259 215 2289 sehr
234 2259 455 2297 modulirendg
484 2269 531 2289 or.
553 2258 602 2299 13,
619 2259 658 2289 57
679 2261 731 2289 est
745 2268 806 2289 aa·

138 2306 203 2334 iem.
226 2304 260 2334 in
285 2303 422 2335 dicendo
451 2306 569 2335 cantus
593 2303 725 2345 quidam
750 2303 805 2333 ob-

136 2349 280 2389 scurior,
297 2359 362 2380 ηοη
386 2349 436 2380 llic
454 2360 471 2380 e
488 2349 641 2391 Phrygia
657 2351 689 2379 et
707 2347 805 2379 Caria

138 2393 314 2425 rhetorum
337 2394 488 2437 epilogus
507 2405 614 2437 paene
630 2395 803 2435 canticum,

139 2437 199 2469 sed
213 2438 282 2478 ille,
307 2450 403 2480 quem
424 2440 594 2481 signifieat
608 2439 807 2470 Demosthe·

139 2492 197 2513 nes
222 2486 255 2514 et
276 2484 477 2523 Aeschines,
508 2494 583 2515 cvm
606 2484 690 2515 alter
712 2483 811 2514 altem?

142 2528 241 2558 obicit
256 2529 536 2570 vom'ssteoeioues.
570 2528 681 2570 Quint.
699 2527 757 2567 XI,
777 2527 807 2567 3,

142 2570 182 2601 57
216 2570 284 2603 Sed
298 2573 525 2616 quodcumque
552 2585 596 2606 em
618 2574 669 2606 leis
695 2575 806 2606 vitiam

872 1366 983 1406 vulgis
1010 1363 1150 1404 tulerim,
1169 1374 1267 1405 qnam
1285 1372 1347 1404 quo
1364 1372 1452 1394 nanc
1468 1373 1542 1394 ma-

872 1411 966 1441 :rime
983 1409 1166 1449 laboratur,
1192 1410 1223 1439 in
1242 1409 1355 1440 causis
1374 1409 1544 1439 omnibus-

874 1465 936 1496 que
952 1453 1076 1485 scholis
1093 1453 1262 1489 cantandi,
1287 1452 1376 1494 quod
1390 1452 1543 1484 inutilius

865 1500 913 1541 fit
941 1510 982 1530 (m
1001 1498 1148 1540 ¹foedius
1175 1499 1300 1529 neseio.
1343 1496 1431 1536 Quid
1457 1499 1544 1528 enim

874 1546 986 1575 minus
1004 1544 1135 1575 oratori
1150 1544 1302 1574 convenit
1313 1552 1411 1584 (μιαιη
1427 1541 1545 1574 modu-

875 1589 954 1620 latio
972 1590 1122 1619 scenica?

920 1633 957 1665 L.
979 1632 1110 1665 Crassi:
1127 1632 1158 1674 ξ
1181 1632 1253 1663 108.

923 1678 1064 1709 Caesar:
1082 1677 1197 1719 §.108
1222 1676 1268 1707 Er
1285 1676 1351 1707 und
1365 1676 1424 1707 der
1438 1675 1543 1708 altere

876 1722 1011 1755 Catulus
1045 1732 1156 1753 waren
1185 1722 1291 1753 So'hne
1320 1721 1379 1752 der
1407 1721 1544 1762 Popilia,

875 1769 913 1799 de
933 1779 979 1799 or.
999 1767 1035 1807 11,
1057 1767 1107 1807 11,
1126 1767 1179 1798 44.

924 1812 998 1843 134.
1015 1810 1069 1843 Sit
1082 1822 1173 1853 ergo.
1193 1810 1255 1842 Mit
1269 1821 1351 1852 ergo
1366 1821 1390 1840 u
1400 1810 1449 1841 ird
1464 1810 1545 1841 nach

876 1858 935 1888 der
956 1856 1214 1896 Absehweil'ung
1233 1866 1305 1886 zum
1326 1855 1545 1896 Hauptthema

876 1902 1181 1942 zuriickgegangen,
1193 1901 1372 1941 wieigitur
1381 1898 1503 1941 (§.121)
1514 1911 1545 1930 u.

876 1947 937 1978 sed
947 1947 1127 1988 gebraucht
1145 1946 1298 1983 werden3
1326 1956 1352 1976 s.
1370 1956 1399 1975 z.
1421 1944 1451 1985 ἓ.
1471 1944 1544 1975 105.

920 1990 974 2023 Sit
990 2002 1072 2032 ergo
1090 1992 1142 2022 hie
1153 2000 1265 2022 sermo
1280 2009 1322 2012 ——
1336 1989 1546 2022 excludat—

874 2039 982 2080 putez‘.
1014 2036 1103 2068 Statt
1116 2046 1235 2077 sermo,
1251 2045 1320 2066 was
1335 2039 1448 2066 zuerst
1463 2034 1547 2065 Sub-

872 2082 943 2123 ject
957 2081 1008 2122 ist,
1019 2081 1209 2112 substituirt
1217 2079 1480 2111 Cieallmtihlich
1494 2078 1545 2109 die

876 2126 1002 2158 Person
1027 2126 1084 2156 des
1110 2125 1285 2156 Redenden
1315 2124 1365 2155 als
1390 2123 1544 2163 Subject3

876 2172 981 2211 vgl.z.
995 2170 1054 2200 121
1072 2181 1102 2200 u.
1121 2170 1151 2210 ξ.
1164 2169 1222 2200 151
1241 2172 1434 2200 mercatura
1448 2170 1480 2200 si
1490 2178 1547 2199 sa-

879 2218 962 2247 tiata
975 2217 1216 2256 quaesta—se
1229 2215 1260 2244 ιή
1276 2224 1380 2255 agros
1396 2212 1544 2245 contulit.

923 2258 1096 2291 Socratici.
1131 2259 1195 2290 Cic.
1221 2258 1324 2290 denkt
1339 2269 1379 2290 an
1398 2257 1449 2289 die
1468 2258 1547 2289 Dia-

877 2305 952 2345 loge
967 2305 1024 2335 des
1032 2304 1137 2345 Plato,
1146 2303 1341 2345 Xenophon,
1352 2303 1546 2342 Aeschines,

879 2360 904 2381 s.
924 2349 954 2390 ξ.
975 2349 1047 2380 114.

924 2397 985 2426 aut
998 2404 1060 2437 per
1079 2393 1255 2426 ridiculum
1268 2405 1277 2423 :
1298 2393 1386 2424 ‹liese
1401 2392 1472 2423 dem
1481 2392 1548 2423 Ad-

878 2439 1029 2470 verbiuin
1076 2439 1182 2479 gleieh
1227 2437 1431 2469 bedentende
1471 2436 1548 2469 Um—

880 2484 1078 2524 sclireibung
1092 2484 1176 2515 wird
1192 2483 1389 2514 namentlich
1406 2481 1549 2523 bciSp’a'-

880 2534 955 2560 tern
986 2529 1097 2570 hiiufig
1130 2533 1212 2561 statt
1240 2529 1296 2560 des
1327 2526 1547 2560 Adverbiums

880 2574 1069 2615 gebraucht.

1574 772 1636 804 134

1574 1279 1635 1311 135
