1684 2819
100 594 138 626 17

169 131 248 170 124
641 131 805 164 LlssER
827 131 881 163 111.
909 132 941 173 s,
967 132 1018 164 Π.
1044 132 1096 164 18.

166 245 203 286 id
226 254 302 296 est,
327 246 596 287 tantummodo
619 245 761 295 utiles3
787 253 828 286 at
848 245 941 287 illud
963 253 1024 287 est
1046 248 1187 295 latius,
1213 247 1341 288 omnis
1364 247 1467 287 enim
1490 247 1580 288 abs-

167 303 358 351 tinentia,
402 303 528 343 omnis
568 302 795 342 innocentia
826 327 881 333 —
922 315 1022 356 quae
1053 304 1152 357 apud
1186 303 1360 345 Graecos
1392 304 1578 344 usitatum

166 374 310 400 nomen
332 359 477 399 nullum
502 359 641 406 habet,
679 359 747 400 sed
770 358 915 400 habere
946 365 1075 413 potest
1096 355 1359 414 ἀβλάβειαν,
1396 374 1485 400 nam
1519 368 1580 401 est

165 416 393 456 innocentia
415 415 571 456 affectio
594 414 683 455 talis
702 415 839 464 animi,
866 429 964 468 quae
984 424 1126 456 noceat
1142 419 1304 467 nemini,
1329 443 1383 447 —
1406 417 1579 470 reliquas

165 473 283 512 etiam
306 472 477 512 virtutes
510 472 715 522 frugalitas
739 472 929 512 continet.
976 471 1086 523 Quae
1108 473 1185 513 nisi
1215 480 1323 515 tanta
1346 481 1452 515 esset
1484 481 1523 514 et
1544 474 1577 514 si

164 529 214 569 iis
245 529 465 582 angustiiS,
506 528 646 582 quibus
678 528 855 583 plerique
888 534 1050 582 putant,
1100 536 1325 578 teneretur,
1366 544 1578 583 numquam

164 593 269 627 esset
290 586 336 626 L.
355 585 511 626 Pisonis
534 599 751 640 cognomen
775 592 884 626 tanto
907 598 1026 639 opere
1048 585 1260 627 laudatum.
1296 587 1372 627 Sed
1394 587 1485 639 quia
1506 600 1579 627 nec

163 643 228 697 qui
249 650 410 697 propter
431 649 574 683 metum
600 643 837 697 praesidium
861 643 1034 696 reliquit,
1069 643 1171 696 quod
1193 650 1254 684 est
1275 644 1474 697 ignaviae,
1506 656 1580 683 neo

164 701 228 753 qui
260 707 420 754 propter
442 700 650 740 avaritiam
683 700 782 740 clam
814 700 1032 753 depositum
1055 714 1133 739 non
1164 700 1355 749 reddidit,
1390 699 1491 753 quod
1521 706 1581 739 est

163 756 380 798 iniustitiae
395 787 404 805 ,
430 771 504 814 neq
526 757 589 810 qui
613 764 774 811 propter
796 757 1058 797 temeritatem
1082 757 1183 797 male
1206 770 1288 798 rem
1310 757 1451 811 gessit,
1476 756 1580 809 quod

165 821 225 855 est
247 813 451 862 stultitiae,
473 814 614 868 fingi
631 814 818 867 appellari
841 813 962 854 solet:
1003 826 1050 853 eo
1075 821 1154 853 tres
1173 814 1356 862 virtutes,
1382 812 1580 853 fortitudi-

164 884 278 920 nem,
305 870 518 919 iustitiam,
551 871 820 924 prudentiam,
848 870 1053 924 trogalitas
1077 871 1282 924 complexa
1305 878 1366 911 est
1390 870 1484 917 (etsi
1509 869 1580 909 hoe

161 929 316 981 quidem
341 940 547 967 commune
570 935 631 968 est
653 927 867 977 virtutum,
909 940 1047 967 omnes
1071 927 1173 966 enim
1197 927 1302 967 inter
1323 940 1365 967 se
1388 939 1518 966 nexae
1541 933 1581 965 et

163 985 321 1038 iugatae
344 991 478 1036 sunt),
504 984 652 1036 reliqua
675 985 799 1037 igitur
821 991 900 1032 est,
928 991 1067 1036 quarta
1087 984 1215 1024 virtus
1238 990 1281 1023 nt
1301 983 1368 1032 sit,
1393 983 1478 1036 ipsa
1501 983 1580 1022 l'ru—

159 1043 317 1094 galitas.
365 1040 462 1080 Eius
485 1040 589 1080 enim
612 1041 770 1080 videtur
792 1054 882 1081 esse
904 1040 1103 1094 proprium
1119 1070 1128 1088 ,
1166 1047 1294 1081 motus
1318 1040 1436 1080 animi
1459 1053 1575 1092 appe—

162 1104 291 1138 tentes
314 1109 454 1150 regere
488 1104 526 1136 et
548 1098 689 1137 sedare
712 1110 945 1151 semperque
967 1097 1242 1137 adversantem
1272 1097 1423 1138 libidini
1445 1096 1579 1136 mode-

161 1162 289 1194 ratam
313 1157 348 1192 in
373 1154 478 1193 omni
502 1167 545 1194 re
568 1168 731 1195 servare
754 1154 1033 1195 constantiam.
1079 1153 1151 1194 Cui
1173 1154 1416 1194 contrarium
1437 1152 1579 1193 vitium

97 1219 139 1252 18
161 1211 336 1264 nequitia
369 1211 525 1251 dieitur.
574 1212 846 1265 Frugalilas,
882 1218 924 1252 ut
947 1211 1108 1265 opinor,
1143 1212 1350 1265 afi‘uge,
1386 1224 1460 1263 qua
1482 1209 1580 1249 nihil

161 1268 301 1308 melius
321 1275 380 1308 est
397 1275 563 1318 eterrag
589 1270 777 1323 nequitia
792 1267 840 1307 ab
859 1280 905 1308 eo
924 1268 1016 1314 (etsi
1037 1267 1113 1307 erit
1138 1267 1211 1308 hoc
1231 1269 1399 1308 sortasse
1417 1266 1576 1314 durins3

162 1326 230 1366 sed
262 1331 522 1378 temptemus,
567 1325 711 1365 lusisse
743 1331 939 1377 putemur,
974 1324 1007 1364 si
1041 1324 1139 1364 nihil
1169 1325 1254 1377 sit),
1290 1324 1338 1364 ali
1370 1337 1433 1373 eo,
1475 1324 1575 1375 quod

162 1384 432 1437 nequicquam
456 1388 517 1422 est
538 1381 578 1420 in
601 1382 668 1422 tali
693 1382 873 1431 homine3
900 1394 952 1421 ex
974 1394 1049 1434 quo
1072 1381 1173 1421 idem
1197 1381 1322 1421 nihili
1340 1380 1498 1419 dicitur.
1523 1403 1578 1409 —

201 1494 314 1527 illud:
335 1495 394 1527 das
414 1496 767 1538 latein.ji·1tg·ale'ias.

202 1543 315 1572 omnis
327 1551 364 1572 en
371 1544 416 1572 iue
430 1542 648 1573 abstinentia
661 1546 741 1582 etc.,
754 1541 833 1573 wie-

156 1586 216 1619 der
226 1586 550 1620 eineAnakoluthie.
564 1586 610 1619 Es
622 1588 719 1619 sollte
733 1588 833 1618 naeh-

155 1632 216 1664 her
234 1633 370 1664 heissen
386 1644 392 1664 :
415 1633 573 1675 reliquae
592 1635 700 1665 etiam
723 1636 833 1664 virtu-

155 1681 206 1710 tes
216 1679 447 1720 frugalitate
466 1681 707 1711 eontinentur.
737 1678 830 1710 Ganz

153 1724 288 1756 {ilinlich
316 1724 356 1755 de
382 1724 438 1755 fin.
460 1724 518 1756 111.
538 1724 571 1761 3,
596 1725 655 1755 11;
688 1725 833 1757 Ceterae

148 1770 447 1811 philosophorum
477 1770 692 1812 disciplinae
709 1788 749 1792 —
772 1781 831 1802 eas

155 1833 196 1838 —
216 1815 312 1846 nihil
329 1815 500 1846 adiuvare
516 1817 692 1848 arbitror.

201 1856 376 1902 ἅβλάβεια
387 1861 451 1892 und
464 1857 619 1902 ἀβλαβής
629 1862 734 1893 haben
747 1861 829 1892 auch

154 1906 308 1937 wirklich
338 1907 429 1938 diese
457 1907 667 1947 Bedeutuug.
713 1907 831 1939 Cicero

154 1952 230 1983 thul
272 1952 360 1983 belm
396 1951 508 1983 Loben
551 1952 664 1984 scinci·
690 1951 832 1984 Mntter-

154 1998 294 2040 spraehe
323 1998 386 2029 den
407 1996 572 2029 Griechen
602 1997 831 2029 fortwiillrend

155 2041 316 2075 Unrecht.
540 2078 544 2082 p

198 2088 240 2121 L.
266 2089 485 2131 Calpurnius
505 2089 586 2120 Piso
607 2088 737 2130 Frugi,
770 2089 828 2120 be-

152 2134 304 2166 riilimter
323 2135 456 2167 Reduer
482 2135 548 2165 und
568 2133 747 2166 Verl'asser
764 2145 828 2165 von

152 2179 318 2216 Annalen,
340 2185 447 2212 setzte
464 2180 513 2212 als
524 2179 748 2212 Volkstribun
766 2181 828 2211 149

151 2235 185 2257 v.
202 2225 283 2257 Chr.
306 2226 358 2257 (11(-
379 2227 437 2258 lea:
453 2226 648 2267 Calpurnia
669 2226 829 2267 depecu-

152 2273 221 2302 nit‘s
256 2272 463 2314 repetundis
498 2272 623 2311 durch,
659 2282 730 2303 war
767 2272 828 2303 133

153 2316 278 2349 Consul
313 2318 376 2349 und
407 2317 469 2348 120
498 2318 636 2349 Censor.
694 2317 767 2349 Cic.
795 2328 826 2360 p.

152 2361 251 2394 Font.
278 2363 335 2396 13.
367 2364 429 2394 20:
490 2364 548 2404 (L.
579 2362 678 2404 Piso)
723 2366 829 2394 [unta

152 2411 285 2440 virtute
303 2412 412 2451 atque
429 2411 641 2451 iniegrilaie
659 2409 759 2449 sui!-
790 2412 832 2440 ut

154 2457 262 2486 etiam
309 2455 381 2486 illis
416 2457 560 2496 optimis
597 2456 825 2496 {einflat-ibus,

153 2511 259 2542 quum
288 2501 463 2532 hominem
497 2503 653 2532 invenire
679 2511 827 2541 nequam

153 2548 325 2577 neminem
364 2557 486 2588 posses
501 2571 509 2586 ‚
567 2546 666 2577 solus
710 2550 828 2577 tamen

152 2592 271 2633 Frugi
287 2595 550 2624 munium-etur.

952 1495 1005 1526 17.
1034 1495 1176 1536 reliqua
1191 1497 1304 1536 igilur
1319 1498 1375 1526 est
1387 1498 1467 1531 etc„
1485 1491 1579 1525 Mau-

902 1541 977 1581 vigs
998 1540 1183 1582 Conjectur
1210 1540 1264 1571 l'tir
1291 1540 1343 1571 die
1368 1539 1492 1571 Lesart
1520 1539 1580 1570 der

902 1586 1068 1618 Hdscln·.:
1099 1585 1237 1627 reliqua
1264 1587 1379 1627 igilur·
1397 1588 1430 1616 el
1448 1588 1577 1627 quarta

904 1635 1018 1664 virtus
1038 1635 1077 1663 ut
1095 1633 1147 1663 sit
1163 1632 1359 1673 ipsust-ug.
1374 1643 1384 1670 ,-
1404 1630 1580 1662 einfacher

902 1678 953 1709 als
972 1677 1024 1709 die
1044 1675 1286 1709 Riihnersclie:
1308 1677 1370 1708 rel.
1393 1679 1440 1718 ig.
1465 1680 1499 1707 et
1517 1687 1576 1716 qu.

903 1726 986 1756 virt.
1017 1726 1089 1754 erit·
1113 1726 1193 1764 ipsa
1213 1723 1323 1764 frug.
1366 1722 1579 1763 Frugaliias

902 1769 977 1800 hier
1014 1769 1056 1800 im
1084 1778 1207 1810 engern
1232 1767 1333 1799 Sinne
1360 1783 1403 1793 z
1431 1776 1579 1811 σωᾳρο-

902 1810 1003 1855 mito),
1026 1816 1279 1856 temperantia.
1308 1812 1465 1845 Nachlier
1483 1813 1576 1849 aber,

900 1860 942 1892 im
964 1859 1155 1901 Gegeusatz
1182 1870 1222 1891 zu
1241 1862 1414 1900 nequitia,
1442 1858 1524 1890 wird
1545 1868 1579 1889 es

901 1905 1029 1937 wieder
1056 1906 1087 1936 in
1117 1905 1176 1936 der
1203 1905 1362 1936 weiteren
1383 1904 1579 1944 Bedeutung

902 1951 1115 1991 angewandt.

952 1997 1003 2028 19.
1032 1997 1075 2027 ab
1095 2006 1132 2027 eo
1150 2013 1194 2019 —
1213 1997 1256 2027 ab
1276 2006 1326 2026 eo.
1374 1993 1506 2026 Ebenso
1535 1995 1577 2025 ist

901 2042 956 2082 23,
972 2042 1005 2072 71
1031 2042 1068 2073 id
1087 2041 1168 2073 nacli
1185 2040 1577 2073 einemzwischcnsatze

900 2087 1122 2128 wiederliolt,
1169 2087 1234 2118 und
1269 2087 1332 2120 29.
1354 2087 1394 2117 72
1429 2088 1459 2117 is
1493 2086 1575 2117 nach

904 2133 1020 2166 Oileus
1038 2133 1114 2171 ille,
1144 2144 1205 2164 zur
1229 2131 1491 2172 Erleichterung
1518 2131 1576 2163 des

899 2178 1195 2211 Versuindnisses.

945 2227 1191 2267 nequicquam.
1245 2223 1377 2256 Ebenso
1405 2222 1514 2255 Varro
1534 2222 1574 2255 L.

901 2270 938 2301 L.
959 2270 1005 2302 X.
1027 2271 1063 2310 5,
1094 2270 1189 2311 §512
1233 2280 1279 2301 ea·
1307 2280 1356 2300 ne
1383 2273 1420 2301 et
1450 2268 1576 2311 quid-

899 2327 952 2357 qu
965 2326 1048 2355 am,
1097 2315 1212 2348 media
1248 2318 1387 2347 ‹wit-ua
1420 2314 1572 2355 syllaba,

899 2365 1062 2394 eom-ium
1091 2365 1144 2393 esi
1170 2370 1375 2403 nequam.
1429 2359 1572 2399 Falsch3

899 2417 1048 2450 nequam
1064 2407 1130 2438 und
1146 2409 1307 2448 nequitia
1322 2405 1395 2437 sind
1410 2405 1576 2438 vielmelir

899 2454 956 2485 mit
977 2455 1122 2494 nequire
1142 2452 1242 2484 Eines
1260 2451 1438 2483 stammes.

946 2499 1036 2531 idem
1064 2498 1170 2530 nihili
1195 2498 1340 2529 dieitur.
1379 2497 1438 2529 Die
1458 2496 1573 2528 besten

901 2544 1042 2576 Hdschr.
1081 2544 1186 2575 haben
1224 2543 1296 2574 hier
1332 2543 1445 2582 nihil,
1492 2542 1573 2572 doch

901 2590 1031 2622 scheint
1065 2590 1136 2622 «lies
1163 2588 1385 2620 unlateiniscli
1416 2599 1456 2619 zu
1486 2588 1573 2619 sein.
