1684 2819
577 157 737 190 LIBER
759 157 799 190 11.
829 158 883 199 24,
905 160 959 191 57.
981 158 1035 191 58.
1435 160 1513 198 107

107 274 234 323 Genu,
257 272 495 321 mehercule,
515 272 569 312 M.
587 272 801 312 Antonium
819 272 914 322 vidi,
936 287 1053 326 quum
1071 279 1250 313 contente
1273 287 1343 326 pro
1367 286 1409 312 se
1431 273 1515 326 ipse
1534 282 1574 312 57

105 330 193 384 lege
214 329 332 369 Varia
363 329 526 378 diceret,
560 335 708 369 terram
731 336 908 383 tangere.
955 330 1003 370 Ut
1024 328 1127 369 enim
1148 329 1312 370 balistae
1343 329 1514 383 lapidum

106 394 146 426 et
172 386 321 438 reliqua
354 392 547 426 tormenta
580 386 745 425 telorum
776 400 821 426 eo
852 387 1055 440 graviores
1086 386 1320 426 emissiones
1350 386 1508 434 habent,

105 457 181 494 quo
214 449 306 482 sunt
337 449 521 486 contenta
550 450 666 495 atque
700 443 865 483 adducta
896 443 1193 483 vehementius:
1230 443 1287 483 sie
1318 456 1422 492 vox,
1455 442 1512 482 sic

103 513 266 547 cursus,
311 498 368 539 sic
400 500 513 552 plaga
543 498 616 539 hoc
646 500 822 552 gravior,
867 514 984 551 quum
1019 506 1079 539 est
1110 499 1230 540 missa
1265 498 1508 540 contentius.

105 555 226 595 Cuius
259 556 523 596 contentionis
548 570 665 608 quum
688 563 795 596 tanta
817 555 877 595 vis
900 556 965 605 sit,
992 555 1024 595 si
1046 556 1213 608 gemitus
1235 556 1275 594 in
1298 556 1434 596 dolore
1465 555 1513 595 ad

104 612 413 652 confirmandum
445 613 614 652 animum
638 612 799 660 valebit,
833 619 1012 662 utemur3
1047 611 1109 651 sin
1143 612 1218 651 erit
1247 612 1312 652 ille
1343 612 1512 665 gemitus

104 668 406 716 elainentabilis,
439 669 472 708 si
501 668 734 714 imbecillus,
765 668 798 711 si
827 667 1019 715 abiectus,
1052 669 1084 706 si
1117 667 1269 716 flebilis,
1306 669 1340 708 ei
1373 668 1437 721 qui
1469 682 1512 708 se

78 729 80 731 ’
105 725 270 773 dederit,
291 726 361 764 vix
378 738 466 764 eum
482 725 610 764 virum
627 724 810 763 dixerim.
837 723 909 774 Qui
929 723 1082 776 quidem
1102 724 1270 776 gemitus
1292 725 1326 764 si
1348 724 1513 764 levatio-

104 781 165 821 nis
188 781 329 833 aliquid
354 780 529 828 afferret,
555 787 685 820 tamen
709 780 946 829 videremus,
973 780 1063 832 quid
1089 787 1197 820 esset
1217 780 1330 821 fortis
1359 788 1394 820 et
1427 781 1512 820 ani-

101 837 199 877 mosi
221 837 320 887 viri3
356 850 473 888 quum
495 851 591 877 vero
613 837 710 876 nihil
737 836 944 876 imminuat
967 836 1130 884 doloris,
1156 850 1226 877 cur
1247 838 1395 877 frustra
1430 844 1512 876 tur-

102 906 170 946 pes
203 906 292 932 esse
313 892 524 934 volumus?
555 892 652 943 Quid
676 901 736 933 est
757 893 861 934 enim
885 893 977 933 fletu
999 892 1181 933 muliebri
1204 893 1291 933 viro
1316 892 1495 945 turpius?

215 948 344 1002 Atque
367 949 439 989 hoe
462 957 727 1003 praeceptum,
748 951 847 1003 quod
871 950 917 990 de
939 950 1075 990 dolore
1092 950 1222 999 datur,
1248 956 1355 1002 patet
1375 949 1506 989 latius.

104 1005 292 1046 Omnibus
325 1006 426 1046 enim
458 1006 599 1055 rebus,
643 1021 723 1046 non
755 1006 881 1046 solum
911 1006 1060 1055 dolori,
1106 1006 1222 1046 simili
1258 1006 1511 1046 contentione

100 1062 222 1102 animi
250 1062 512 1102 resistendum
545 1070 619 1103 est.
665 1063 726 1103 Ira
757 1063 1006 1110 exardescit,
1039 1063 1158 1102 libido
1191 1063 1432 1102 concitatur:
1470 1064 1511 1102 in

102 1119 264 1158 eandem
289 1132 420 1159 arcem
452 1120 755 1173 confugiendum
779 1127 855 1169 est,
882 1120 1016 1159 eadem
1041 1126 1133 1159 sunt
1162 1133 1271 1159 arma
1301 1119 1504 1159 sumenda.

101 1174 176 1214 Sed
200 1175 382 1228 quoniam
407 1176 453 1215 de
475 1176 610 1216 dolore
633 1176 843 1229 loquimur,
867 1177 934 1216 illa
957 1176 1196 1216 omittamus.
1225 1175 1285 1215 Ad
1307 1176 1511 1216 ferendum

99 1232 221 1285 igitur
261 1232 434 1272 dolorem
474 1232 622 1286 placide
662 1240 778 1286 atque
819 1233 954 1273 sedate
987 1233 1190 1288 plurimum
1234 1232 1386 1286 proficit
1427 1239 1510 1272 toto

100 1295 274 1342 pectore,
309 1295 351 1328 ut
382 1288 537 1338 dicitur,
572 1289 763 1342 cogitare,
797 1303 910 1342 quam
940 1289 1215 1330 id'honestum
1250 1290 1313 1329 sit.
1369 1288 1510 1328 Sumus

99 1345 202 1384 enim
221 1352 376 1393 natura,
393 1352 435 1385 ut
452 1352 541 1385 ante
560 1345 642 1385 dixi
660 1346 880 1398 (dicendum
901 1353 957 1386 est
977 1347 1077 1386 enim
1096 1347 1288 1398 saepius)⁷
1304 1345 1512 1387 studiosis-

99 1401 187 1441 simi
204 1402 592 1455 appetentissimique
615 1403 856 1443 honestatis:
883 1403 992 1443 cuius
1015 1403 1047 1442 si
1069 1403 1181 1455 quasi
1203 1403 1333 1442 lumen
1355 1400 1512 1454 aliquod

146 1555 202 1585 57.
239 1554 288 1585 M.
318 1555 519 1594 Antonius,
555 1556 604 1587 als
639 1555 771 1588 Redner

99 1598 338 1630 hochberiihmt
372 1601 535 1639 (weshalb
570 1602 625 1632 ihn
652 1601 770 1632 Cicero

99 1645 139 1676 de
153 1649 238 1676 orat.
252 1644 311 1675 mit
321 1644 360 1675 L.
372 1644 522 1676 Licinius
535 1646 677 1678 Crassus
688 1647 772 1678 iiber

100 1690 152 1721 die
166 1689 437 1721 Beredtsamkeit
456 1691 642 1732 disputiren
658 1692 768 1733 lasso,

101 1734 225 1766 Consul
244 1735 299 1773 99,
325 1735 417 1766 starb
437 1735 538 1767 durch
557 1736 685 1769 Marius
703 1737 770 1768 und

100 1779 220 1812 Cinna.
249 1779 324 1821 Vgl.
353 1780 378 1812 Ι.
401 1781 434 1821 5,
457 1781 496 1812 10
521 1792 554 1814 u.
575 1781 615 1814 V.
638 1782 692 1822 19,
713 1783 768 1813 55.

99 1825 163 1856 Ein
192 1826 313 1857 andres
340 1826 485 1868 Beispiel
510 1837 572 1857 von
602 1828 661 1859 der
684 1827 770 1859 Leb-

100 1871 280 1912 haftigkeit
293 1871 404 1902 seiner
412 1872 531 1903 Action
546 1873 637 1912 gicht
648 1872 768 1904 Cicero

99 1917 131 1947 in
152 1915 248 1947 Verr.
268 1915 310 1947 V.
333 1916 363 1955 1,
385 1916 426 1947 3:
457 1917 506 1949 M.
527 1919 706 1950 Antonius
724 1936 769 1941 —

98 1963 172 2003 ipse
190 1963 355 2002 arripuit
370 1962 422 1993 Μ’
434 1962 617 2003 Aquilium
637 1966 769 1996 eonsti-

100 2009 239 2049 tuitque
257 2008 293 2037 in
312 2011 500 2048 conspeetu
525 2011 682 2040 omnium
713 2013 770 2041 tu-

98 2054 282 2094 nicamque
303 2054 375 2083 eius
394 2063 415 2084 a
428 2057 575 2094 pectore
600 2055 764 2095 abseidit,

98 2101 140 2128 ut
164 2099 349 2129 cicatrices
373 2099 529 2140 populus
550 2098 650 2131 Rom.
677 2100 769 2132 iadi-

98 2153 222 2184 cesque
237 2145 440 2185 aspicerent
454 2144 601 2177 adverso
621 2156 770 2186 corpore

99 2191 277 2230 exceptas,
296 2199 393 2220 wozu
412 2199 488 2221 man
508 2190 547 2221 de
566 2196 651 2223 orat.
669 2191 766 2223 11.47

96 2233 301 2273 vergleiebe.

144 2278 219 2320 lege
246 2279 372 2318 Varia,
405 2279 447 2311 de
471 2283 673 2312 maiestate.
712 2279 768 2312 Sie

98 2323 176 2364 ging
199 2334 272 2355 vom
291 2323 396 2356 Volks
424 2325 555 2357 ‘'bunen
573 2325 621 2367 Q.
643 2325 768 2357 Varius

98 2367 249 2414 Hybrida
277 2379 356 2410 aus,
384 2369 404 2401 9
469 2395 476 2401 .
498 2371 575 2402 Chr.
592 2395 600 2411 ‚
632 2371 683 2402 als
710 2372 770 2402 der

99 2413 495 2457 Bundesgenossenkrieg
509 2416 688 2456 ausbrach‚
702 2417 768 2448 und

99 2459 155 2489 ord
163 2464 236 2491 nete
251 2460 325 2491 eine
337 2459 594 2502 Umersuchung
608 2472 649 2493 an
663 2472 766 2503 gegen

99 2503 167 2542 die,
194 2505 322 2537 welche
351 2505 403 2538 die
429 2506 645 2538 ital.Vo‘lker
662 2507 766 2539 durch

99 2546 199 2580 Wort
216 2551 297 2582 oder
307 2550 396 2583 That
413 2562 486 2583 zum
504 2552 691 2584 Aufstande
710 2562 767 2584 an-

100 2598 216 2634 geregt
232 2595 358 2628 hatten.

889 1556 1049 1598 lapidum
1062 1556 1177 1595 heingt,
1190 1555 1253 1587 wie
1268 1556 1433 1595 telorum,
1447 1565 1513 1586 von

843 1604 1044 1633 emissiones
1072 1601 1112 1631 ab
1142 1601 1302 1640 (welches
1329 1601 1421 1631 nieht
1454 1600 1513 1631 mit

841 1646 975 1677 Freund
990 1646 1056 1677 und
1069 1645 1167 1677 lilotz
1182 1657 1245 1677 von
1261 1646 1320 1677 der
1332 1645 1513 1686 Schwung-

840 1691 943 1731 kraft,
953 1692 1097 1723 sondern
1109 1702 1169 1722 von
1183 1691 1394 1724 ‹lenWin-fen
1407 1691 1513 1722 selbst

842 1747 883 1768 zu
900 1737 1077 1769 verstehen
1098 1737 1169 1776 ist).

886 1785 997 1814 missa
1012 1787 1105 1824 passt
1119 1782 1257 1822 eigentl.
1270 1792 1331 1813 nur
1345 1781 1510 1823 zuplaga

840 1828 906 1858 und
936 1837 1021 1867 vox,
1059 1827 1149 1858 nieht
1176 1837 1216 1858 zu
1243 1837 1389 1866 ottrstls5
1426 1827 1509 1857 doch

839 1873 911 1904 siud
946 1873 1058 1904 solche
1090 1871 1276 1913 Zeugmata
1309 1872 1362 1903 bei
1393 1871 1510 1903 Cicero

839 1919 932 1950 nicht
957 1918 1077 1949 selten.

883 1964 939 1995 58.
960 1963 1018 1995 Ira
1036 1982 1080 1985 —
1099 1965 1314 2003 concitatur,
1343 1973 1369 1994 s.
1394 1962 1447 2003 12,
1468 1961 1509 1993 28

839 2019 880 2040 zu
898 2008 996 2050 Rogo
1016 2009 1081 2040 hoc
1098 2008 1203 2039 idem.

886 2057 1118 2095 totopectsore
1129 2052 1507 2093 „iuitga1ize1-Seele“.

839 2098 881 2131 So
910 2099 949 2131 de
977 2099 1042 2139 leg.
1073 2098 1098 2130 1.
1122 2099 1174 2138 18,
1195 2099 1258 2130 49:
1287 2101 1320 2130 si
1344 2109 1411 2130 non
1438 2100 1511 2139 ipse

840 2148 975 2176 amiens
992 2155 1056 2186 per
1073 2155 1109 2175 se
1127 2148 1274 2175 amatur
1294 2147 1372 2176 toto
1387 2147 1512 2185 pecto-

839 2201 888 2230 re,
918 2194 960 2221 ul‘
984 2190 1135 2221 dicitur.
1157 2207 1200 2212 -—
1227 2188 1296 2220 Fiir
1320 2193 1364 2220 ut
1378 2190 1513 2221 dicitur

838 2241 913 2276 sagt
956 2235 1074 2266 Cicero
1117 2235 1169 2266 bei
1212 2234 1271 2266 der
1312 2234 1512 2274 Anfiihrung

839 2280 1075 2322 spriichwo'rtl.
1112 2279 1312 2311 Ausdriicke
1353 2280 1437 2311 auch
1472 2282 1516 2310 ut

838 2325 1033 2368 (bisweilen
1083 2325 1380 2366 quemadmodum
1431 2325 1512 2355 oder

839 2371 956 2413 quod)
972 2373 1086 2411 aiunt,
1104 2370 1185 2402 aber
1203 2371 1295 2402 nicht
1313 2374 1356 2402 ut
1370 2370 1509 2401 dieunt.

884 2419 990 2458 quasi
1006 2417 1122 2447 lumen
1140 2415 1291 2458 aliquod
1308 2426 1432 2456 „wenn
1448 2415 1510 2444 wir

837 2461 935 2493 einen
954 2461 1162 2493 Liehtstrahl
1192 2471 1257 2492 von
1285 2461 1337 2492 ihr
1363 2460 1508 2500 gesehen

838 2507 988 2539 haben“.
1010 2506 1085 2547 vgl.
1100 2506 1195 2537 Lael.
1208 2507 1240 2546 8,
1254 2506 1294 2536 27
1309 2507 1359 2546 (in
1375 2504 1510 2546 amico)

837 2554 944 2594 quasi
959 2552 1077 2584 lumen
1096 2551 1244 2594 aliquod
1257 2552 1454 2592 probitatis
1474 2553 1510 2581 et

837 2599 983 2629 virtutis
998 2600 1214 2639 perspicere.

1534 957 1574 988 58
