1684 2819
570 124 881 166 LlssER1.2‚5.
917 126 1002 166 3‚c.
1467 127 1489 164 7

89 241 226 280 fidibus
244 238 443 293 praeclare
466 236 658 278 cecinisse
676 237 834 287 dicitur,
850 237 1215 290 Themistoclesque
1232 237 1380 290 aliquot
1401 245 1492 277 ante

88 311 229 343 annos,
254 309 370 347 quum
393 293 433 333 in
458 294 582 347 epulis
603 301 806 334 recusaret
836 294 978 349 lyram,
1004 302 1065 335 est
1093 294 1248 334 habitus
1277 294 1489 334 indoctior.

87 354 194 406 Ergo
214 351 255 391 in
271 350 434 391 Graecia
456 351 594 391 musici
617 351 850 400 floruerunt,
871 351 1148 404 discebantque
1169 351 1209 391 id
1231 363 1382 399 omnes,
1403 363 1492 400 nec,

89 409 154 462 qui
187 406 401 456 nesciebat,
436 407 530 447 satis
562 408 745 447 excultus
778 407 957 448 doctrina
989 408 1211 462 putabatur.
1270 407 1313 447 In
1344 421 1496 448 summo
1515 415 1533 446 ὅ

88 466 189 519 apud
229 464 320 505 illos
351 464 500 503 honore
531 464 748 517 geometria
779 464 876 515 fuit,
919 464 1049 517 itaque
1081 464 1180 504 nihil
1200 462 1497 516 smathematicis

87 520 295 562 illustrius.
336 519 388 560 At
409 534 481 560 nos
503 520 690 560 metiendi
711 520 1052 573 ratiocinandique
1074 521 1238 561 utilitate
1262 520 1378 561 huius
1401 519 1497 560 artis

88 577 389 619 terminavimus
415 578 586 616 modum.

203 636 255 673 At
277 639 415 674 contra
445 640 643 673 oratorem
674 633 855 672 celeriter
886 633 1085 686 complexi
1115 647 1273 682 sumus,
1308 646 1380 673 nec
1412 647 1500 673 eum
1521 632 1548 676 3

90 691 215 745 primo
228 690 438 738 eruditum,
451 696 581 743 aptum
596 695 726 729 tamen
738 690 784 728 ad
799 688 1002 729 dicendum
1015 705 1025 739 ς
1042 696 1129 743 post
1142 696 1270 729 autem
1285 689 1494 729 eruditum.

88 747 190 788 Nam
211 746 395 795 Galbam,
420 745 671 794 Africanum,
697 745 875 785 Laelium
898 746 1033 785 doctos
1054 746 1174 786 fuisse
1197 746 1381 786 traditum
1413 753 1497 795 est,

90 803 306 845 studiosum
322 808 452 841 autem
466 802 648 854 eun1,qui
665 801 714 843 iis
727 809 855 842 aetate
869 802 1054 851 anteibat,
1070 802 1259 842 Catonem
1274 818 1283 851 3
1304 809 1393 855 post
1403 815 1500 841 vero

90 859 278 913 Lepidum
295 890 306 909 ,
332 858 577 907 Carbonem,
604 858 824 908 Gracchos,
860 859 949 898 inde
972 859 1026 898 ita
1049 872 1212 911 magnos
1246 866 1423 899 nostram
1454 860 1502 897 ad

90 922 281 965 aetatem,
316 922 359 955 ut
379 929 459 955 non
489 916 651 955 multum
673 923 740 956 aut
767 915 865 955 nihil
896 915 1055 955 omnino
1079 914 1243 955 Graecis
1274 915 1497 955 cederetur.

91 972 342 1025 Philosophia
380 971 499 1012 iacuit
535 985 657 1025 usque
695 973 741 1012 ad
777 972 876 1013 hanc
908 980 1076 1012 aetatem
1112 985 1184 1012 nec
1214 972 1334 1012 ullum
1370 971 1506 1011 habuit

90 1030 223 1070 lumen
244 1029 464 1069 litterarum
481 1029 736 1080 Latinarum,
764 1043 862 1082 quae
884 1029 1116 1069 illustranda
1139 1036 1177 1068 et
1200 1029 1409 1069 excitanda
1433 1042 1504 1068 no-

91 1087 149 1127 bis
173 1093 246 1136 est,
272 1092 329 1135 ut,
355 1085 389 1125 si
410 1086 588 1139 occupati
618 1086 833 1140 profuimus
866 1085 1011 1139 aliquid
1043 1085 1191 1126 civibus
1223 1085 1504 1138 nostris,-pro—

92 1143 214 1184 simus
245 1142 376 1192 etiam,
412 1142 444 1182 si
467 1156 691 1196 possumus,
717 1143 849 1184 otiosi.
896 1143 939 1182 In
961 1157 1035 1195 quo
1067 1157 1112 1182 eo
1145 1142 1271 1195 magis
1300 1141 1414 1182 nobis
1445 1148 1541 1181 ests>

92 1199 388 1247 elaborandum,
413 1199 513 1251 quod
536 1199 647 1239 multi
669 1198 746 1239 iam
770 1213 858 1241 esse
881 1199 970 1239 libri
993 1199 1124 1239 Latini
1147 1200 1342 1247 dicuntur,
1368 1198 1505 1251 scripti

91 1256 382 1297 inconsiderate
405 1256 452 1295 ab
476 1256 631 1309 optimis
654 1256 732 1296 illis
764 1256 921 1309 quidem
942 1256 1057 1305 viris,
1084 1256 1152 1295 sed
1176 1271 1253 1295 non
1276 1255 1375 1295 satis
1413 1268 1503 1294 eru-

93 1313 200 1353 ditis.
226 1312 331 1352 Fieri
348 1320 475 1353 autem
495 1319 640 1367 potest,
660 1320 702 1353 ut
718 1321 827 1353 recte
846 1313 932 1366 quis
951 1312 1095 1353 sentiat
1115 1320 1154 1352 et
1172 1312 1227 1362 id,
1247 1313 1349 1365 quod
1367 1312 1502 1359 sentit,

138 1431 278 1472 aliquot
309 1435 392 1462 ante
421 1442 556 1463 annos:
591 1432 643 1463 ein
669 1431 767 1463 Jahr-

97 1477 241 1508 hundert
258 1477 323 1508 und
342 1477 478 1508 driiber.

140 1522 177 1554 id
202 1522 332 1554 erkliirt
355 1523 423 1554 sich
453 1523 556 1553 leicbt
582 1522 683 1553 durch
707 1523 766 1554 das

95 1577 393 1608 vorangegangene
406 1568 766 1609 musicifloruerunt.

142 1614 172 1643 5.
195 1613 286 1644 ηιΙιίί
297 1614 562 1644 nmthematz'eis
572 1613 711 1644 ellastr‘
698 1624 765 1644 cus.

95 1657 258 1689 Aehnlich
279 1656 474 1698 111.1o‚22
490 1682 497 1688 .
490 1658 765 1699 ··Ρειι”])αΐθΐιοί,

96 1705 222 1745 quzbus
241 1703 333 1735 mlzz'l
345 1707 397 1734 est
412 1704 568 1743 uberius,
583 1704 674 1734 ni'lzzl
687 1715 717 1734 et
719 1714 768 1735 ιι-

96 1749 219 1789 ditz‘us,
240 1748 333 1779 nihil
344 1751 505 1790 gravius,
526 1749 592 1779 und
610 1748 711 1780 o'fter.

141 1791 179 1830 3.
211 1793 378 1834 Galbam,
410 1795 646 1836 Africanum,
678 1794 768 1826 Lae-

95 1840 197 1872 lium.
218 1838 356 1871 Servius
375 1838 544 1882 Sulpicius
564 1839 685 1877 Galba,
704 1840 767 1870 144

95 1884 234 1925 Consul,
252 1884 336 1915 wird
356 1884 405 1916 als
418 1884 552 1916 Redncr
568 1895 632 1916 von
649 1884 767 1916 Cicero

96 1931 184 1962 b'fter
209 1930 361 1962 erwiihnt
388 1931 453 1961 und
480 1930 562 1962 iiber
586 1931 653 1962 alle
676 1931 767 1962 seinc

95 1975 356 2017 Zeitgenossen,
400 1976 484 2007 auch
528 1976 590 2007 den
620 1977 767 2018 jiingern

94 2021 275 2053 Africanus
304 2021 368 2052 und
395 2022 514 2053 dessen
535 2021 767 2053 Busenfreund

78 2066 135 2099 ‘C.
154 2066 273 2100 L'alius
292 2066 451 2110 Sapiens,
478 2067 636 2107 gestent,
664 2078 692 2100 s.
713 2067 768 2099 be-

97 2112 237 2144 sonders
256 2113 349 2144 Brut.
371 2123 400 2145 c.
413 2112 561 2144 21—-23,

142 2158 266 2190 doctos
294 2159 354 2198 (=
379 2158 451 2189 dem
468 2159 670 2199 vorhergeh.
690 2169 769 2190 eru—

97 2203 207 2244 ditus)
230 2204 463 2243 „theoretisch
484 2204 672 2243 gebildet“,
688 2204 718 2236 d.
733 2205 765 2235 h.

95 2259 160 2280 von
203 2249 437 2289 griechischen
472 2249 621 2281 Lehrern
657 2255 769 2281 unter-

96 2294 232 2326 richtet.

143 2343 262 2372 aetate
280 2341 455 2371 anteibat.
493 2339 577 2371 Cato
603 2350 674 2371 war
691 2341 769 2381 geb:

96 2385 176 2425 234,
197 2385 322 2417 Consul
342 2385 419 2425 195,
441 2384 568 2417 Censor
584 2386 661 2425 184,
681 2391 767 2427 gest.

100 2431 177 2462 149.
205 2431 253 2463 Er
278 2430 383 2462 heisst
411 2441 473 2462 nur
497 2431 680 2463 studiosus
705 2432 766 2471 (sc.

99 2476 402 2518 doctrinae),weil
419 2487 458 2508 er
474 2482 543 2508 erst
561 2478 604 2508 iln
623 2477 769 2509 h'oheren

99 2521 196 2553 Alter
221 2521 292 2553 sich
319 2521 528 2562 griechische
547 2522 691 2563 Bildung
712 2533 770 2554 an-

100 2567 262 2607 zueignen
281 2567 416 2599 bemiiht
436 2578 517 2600 war.

881 1432 1054 1473 Lepidum
1080 1435 1145 1462 ete.
1184 1429 1230 1462 M.
1258 1430 1422 1462 Aemilius
1447 1428 1511 1461 Le-

835 1478 932 1519 pidus
958 1477 1122 1511 Porcina,
1160 1475 1285 1507 Consul
1314 1476 1390 1516 137,
1427 1474 1509 1506 nach

837 1523 956 1554 Cicero
984 1523 1093 1563 (Brut.
1117 1522 1158 1552 25
1174 1545 1182 1559 ,
1212 1522 1268 1561 95)
1293 1521 1352 1552 der
1379 1522 1511 1562 griisste

837 1568 971 1599 Redner
1003 1568 1064 1598 der
1088 1567 1230 1598 zweiten
1259 1569 1359 1597 aetas
1387 1569 1512 1598 orato-

838 1623 915 1644 rum
930 1638 939 1653 ,
984 1612 1048 1643 wie
1083 1611 1191 1643 Galba
1226 1611 1259 1642 in
1289 1611 1349 1642 der
1385 1616 1510 1643 ersten.

840 1658 918 1689 Sein
931 1657 1122 1689 SchiilerC.
1136 1657 1159 1689 P
1172 1667 1189 1688 a
1202 1657 1239 1699 pi
1252 1657 1318 1688 riu
1330 1668 1344 1688 s
1357 1656 1379 1688 C
1393 1667 1411 1687 a
1424 1656 1467 1687 rb
1479 1667 1508 1695 o,

839 1703 965 1735 Consul
986 1704 1062 1743 120,
1083 1703 1148 1733 und
1169 1703 1220 1733 die
1240 1702 1361 1733 beiden
1383 1701 1512 1733 Grac-

837 1749 945 1780 chen
965 1749 1111 1790 geho'ren
1131 1748 1191 1779 der
1208 1748 1240 1778 3.
1262 1746 1401 1778 Periode
1420 1757 1476 1778 an.

883 1797 936 1825 ita
962 1804 1132 1835 magnos,
1170 1805 1201 1824 z.
1233 1793 1271 1823 B.
1303 1803 1362 1823 aus
1390 1793 1451 1823 der
1476 1793 1511 1822 4.

837 1843 939 1871 aetas
957 1843 1146 1871 oratorum
1165 1838 1210 1870 M.
1224 1838 1391 1869 Antonius
1411 1837 1512 1878 (Con-

837 1885 889 1917 sul
914 1885 973 1926 99)
1017 1884 1082 1915 und
1118 1884 1157 1915 L.
1187 1883 1337 1915 Licinius
1365 1883 1513 1915 Crassus

838 1930 977 1969 (Consul
996 1931 1051 1968 95,
1075 1930 1204 1961 Censor
1217 1929 1299 1969 93),
1321 1939 1380 1961 aus
1401 1929 1460 1960 der
1480 1930 1512 1960 5.

839 1976 878 2008 C.
891 1976 1051 2008 Aurelius
1071 1975 1170 2007 Cotta
1190 1975 1253 2006 und
1270 1974 1305 2005 P.
1319 1974 1513 2016 Sulpicius,

837 2032 898 2054 aus
913 2022 972 2053 der
983 2025 1015 2053 6.
1030 2020 1070 2062 Q.
1085 2020 1281 2052 Hortensius
1300 2020 1441 2060 (Consul
1457 2020 1515 2061 69)

837 2067 903 2098 und
923 2067 1042 2099 Cicero
1064 2066 1182 2098 selbst.

885 2114 1004 2144 lumen
1031 2113 1237 2144 litterarum
1258 2111 1343 2143 Lat.
1380 2110 1459 2151 Vgl.
1480 2121 1514 2153 p.

837 2158 940 2190 Arch.
961 2160 994 2198 ti,
1017 2158 1077 2189 l-lt
1107 2167 1197 2198 quae
1221 2159 1384 2188 iacerent
1410 2159 1443 2187 jn
1466 2160 1517 2187 te-

838 2206 953 2236 nebris*
973 2206 1110 2243 omnia,
1143 2205 1215 2234 m‘sz’
1233 2203 1442 2234 litterarum
1464 2202 1518 2233 lu-

838 2261 916 2282 men
936 2249 1133 2281 accederet.

885 2296 918 2326 6.
961 2297 1106 2337 ο])ΐί”1ηι.ς
1147 2293 1225 2325 zllzs
1263 2294 1406 2336 quidem
1449 2297 1514 2324 etc.

838 2339 1417 2381 BeiEim'aumungeninitqm',dem
1434 2338 1516 2369 nach

839 2386 944 2418 (leuen
965 2387 1051 2417 daun
1070 2386 1168 2417 meist
1186 2385 1240 2416 ein
1262 2385 1342 2424 sed,
1372 2385 1438 2416 secl
1465 2388 1519 2415 tc]-

838 2442 915 2463 men
935 2432 1016 2464 oder
1033 2442 1115 2463 vero
1135 2430 1235 2471 folgt,
1265 2432 1364 2472 pssegt
1398 2430 1429 2460 in
1459 2429 1519 2460 der

839 2483 940 2518 guten
960 2477 1064 2509 Prosa
1090 2476 1143 2508 ein
1169 2477 1242 2507 dem
1262 2475 1380 2507 Pr'adic
1391 2481 1426 2506 at
1447 2479 1519 2505 ent-

839 2523 1064 2565 sprechendes
1089 2522 1275 2555 Pronomen
1302 2520 1518 2560 eingescbal-

838 2574 887 2600 tet
906 2580 946 2600 zu
966 2568 1111 2601 werden.
1139 2567 1275 2609 (Zumpt
1295 2565 1352 2597 Gr.
1382 2565 1399 2607 §
1420 2566 1516 2604 744.)
