1684 2819
94 779 135 811 59

159 148 239 188 238
598 148 759 181 LIBER
780 149 818 181 V.
847 150 902 190 20,
927 151 982 183 59.
1004 150 1135 182 edet.

160 277 296 304 eorum
321 263 482 311 nemini,
509 263 577 302 sed
599 262 664 311 iis,
693 276 790 315 quos
813 277 865 303 ex
887 264 1043 305 familiis
1065 263 1314 317 locupletium
1337 276 1477 303 servos
1501 264 1568 304 de-

158 320 331 373 legerat,
364 319 501 371 quibus
533 331 676 358 nomen
706 319 911 360 servitutis
940 320 1024 373 ipse
1053 322 1309 369 detraxerat,
1340 327 1377 359 et
1408 320 1567 372 quibus-

160 377 247 416 dam
270 375 459 415 convenis
482 382 520 414 et
542 375 635 415 feris
653 375 831 415 barbaris
851 376 1027 429 corporis
1045 377 1261 417 custodiam
1281 377 1563 417 committebat.

160 432 216 472 lta
239 438 398 485 propter
428 431 613 471 iniustam
643 432 863 472 dominatus
893 432 1140 485 cupiditatem
1171 434 1211 472 in
1243 446 1441 473 carcerem
1471 447 1567 486 quo-

160 488 244 527 dam
270 488 383 527 modo
406 487 490 541 ipse
512 500 554 527 se
576 488 807 528 incluserat.
853 487 955 539 Quin
986 489 1102 528 etiam
1119 520 1129 538 ,
1163 502 1212 528 ne
1244 490 1394 529 tonsori
1423 490 1565 530 collum

159 544 446 593 committeret,
482 545 648 585 tondere
679 544 780 585 filias
804 559 896 586 suas
919 545 1064 585 docuit.
1100 545 1156 585 lta
1179 546 1335 586 sordido
1358 553 1475 599 atque
1498 562 1567 587 an-

159 601 284 641 cillari
307 601 474 641 artificio
496 602 630 656 regiae
652 601 842 655 virgines,
869 608 911 642 ut
933 602 1212 650 tonstriculae,
1244 602 1455 642 tondebant
1478 604 1567 643 barr-

158 656 246 698 bam
269 665 308 697 et
330 658 508 710 capillum
532 658 669 711 patris.
697 660 745 699 Et
768 667 895 699 tamen
919 659 966 698 ab
990 659 1049 699 his
1072 658 1183 711 ipsis,
1205 672 1321 711 quum
1339 659 1415 698 iam
1433 668 1569 700 essent

159 714 339 763 adultae,
377 716 523 755 serrum
555 716 725 756 removit
745 716 1017 769 instituitque,
1052 722 1094 755 ut
1124 715 1384 755 candentibus
1412 715 1568 769 iuglan-

159 770 263 810 dium
287 772 547 825 putaminibus
570 771 730 812 barbam
753 773 824 813 sihi
849 781 886 813 et
907 773 1088 827 capillum
1108 773 1336 812 adurerent.
1364 772 1569 825 Quumque

160 828 255 868 duas
278 841 427 868 uxores
451 828 627 878 haberet,
651 829 950 870 Aristomachen
973 829 1099 869 civem
1122 843 1231 870 suam
1247 859 1257 877 ,
1292 829 1476 868 Doridem
1500 842 1569 870 au-

160 892 237 925 tem
258 885 501 926 Locrensem
517 917 527 936 ,
559 886 615 925 sic
639 893 756 926 noctu
778 888 823 926 ad
847 900 914 926 eas
939 886 1178 935 ventitabat,
1214 892 1256 926 ut
1278 885 1406 925 omnia
1429 899 1570 938 specu—

161 942 310 993 laretur
331 948 369 981 et
392 949 707 995 perscrutaretur
728 950 834 982 aute.
877 944 926 982 Et
956 957 1070 995 quum
1102 943 1246 982 fossam
1267 941 1383 981 latam
1413 942 1567 982 cubicu-

159 997 231 1038 lari
264 999 366 1038 lecto
399 999 723 1040 circumdedisset
759 999 919 1052 eiusque
957 1001 1089 1039 fossae
1124 999 1342 1052 tgansitum
1368 999 1568 1051 ponticulo

161 1054 291 1108 ligneo
314 1054 616 1105 coniunxisset,
650 1069 735 1095 eum
767 1056 893 1109 ipsum
909 1087 919 1104 ,
945 1069 1059 1108 quum
1083 1052 1204 1095 forem
1229 1054 1399 1095 cubiculi·
1417 1055 1569 1095 clause-

158 1117 235 1160 rat,
262 1110 532 1164 detorquebat.
560 1111 743 1165 Idemque
765 1126 880 1165 quum
903 1112 943 1152 in
967 1111 1236 1151 communibus
1259 1111 1456 1164 suggestis
1475 1127 1570 1153 con-

94 1176 137 1208 60
159 1167 302 1208 sistere
325 1182 403 1207 non
425 1169 602 1217 auderet,
640 1169 859 1209 contionari
881 1183 933 1208 ex
957 1169 1054 1208 turri
1077 1169 1154 1207 alta
1177 1167 1340 1208 solebat.
1384 1167 1512 1221 Atque
1534 1169 1568 1210 is

94 1743 132 1774 61

160 1238 276 1277 quum
300 1224 377 1277 pila
401 1225 535 1265 ludere
557 1225 677 1264 vellet
695 1225 885 1272 (studiose
904 1225 1008 1264 enim
1025 1224 1062 1264 id
1083 1225 1299 1277 factitabat)
1319 1224 1569 1279 tunicamque

160 1288 340 1334 poneret,
366 1281 659 1321 adolescentulo
676 1312 686 1330 ,
724 1296 836 1334 quem
860 1283 1038 1330 amabat,
1075 1281 1284 1321 tradidisse
1317 1281 1487 1334 gladium
1512 1283 1569 1322 di-

160 1337 276 1377 citur.
321 1337 392 1377 Hic
423 1352 539 1390 quum
564 1338 716 1391 quidam
740 1338 944 1378 familiaris
966 1339 1098 1378 iocans
1121 1338 1314 1377 dixisset:
1351 1338 1459 1378 Huic
1480 1341 1569 1393 qui-

160 1393 247 1433 dem
280 1400 391 1433 certe
425 1397 548 1434 vitam
586 1402 695 1435 tuam
733 1396 975 1444 committis,
1009 1394 1286 1447 arrisissetque
1316 1394 1565 1445 adolescens,

160 1457 368 1502 utrumque
390 1450 506 1491 iussit
526 1451 710 1501 interfici,
735 1451 924 1500 alterum,
959 1451 1049 1504 quia
1082 1451 1183 1490 viam
1218 1451 1569 1491 demonstravisset

159 1506 412 1547 interimendi
446 1507 528 1556 sui,
561 1508 751 1557 alterum,
785 1508 874 1561 quia
906 1508 1049 1547 dictum
1079 1507 1116 1546 id
1148 1507 1229 1547 risu
1253 1507 1565 1561 approbavisset.

159 1563 286 1617 Atque
308 1576 354 1603 eo
379 1564 478 1604 facto
502 1564 556 1604 sic
578 1564 716 1615 doluit,
742 1565 838 1605 nihil
859 1571 901 1604 ut
924 1564 1058 1605 tulerit
1080 1564 1240 1617 gravius
1262 1564 1301 1604 in
1324 1563 1427 1613 vita3
1454 1578 1568 1617 quem

161 1621 264 1660 euim
286 1619 545 1661 vehementer
566 1628 734 1670 amarat,
760 1621 975 1661 occiderat.
1010 1620 1073 1660 Sic
1104 1620 1376 1661 distrahuntur
1406 1621 1446 1661 in
1474 1635 1569 1661 con-

158 1676 304 1717 trarias
327 1685 460 1730 partes
483 1678 752 1731 impotentium
785 1678 1034 1732 cupiditates.
1078 1677 1202 1728 Quum
1236 1676 1324 1717 huic
1357 1677 1568 1718 obsecutus

158 1735 239 1783 sis,
276 1734 333 1774 illi
363 1741 423 1773 est
451 1735 762 1788 repugnandum.
808 1735 1048 1788 Quamquam
1085 1733 1146 1774 hic
1182 1733 1337 1787 quidem
1377 1741 1570 1788 tyrannus

159 1790 245 1844 ipse
267 1790 468 1840 iudicavit,
495 1805 608 1844 quam
632 1799 738 1832 esset
758 1792 913 1832 beatus.

203 1880 248 1901 eu·
266 1870 427 1911 st11111‘le'1's
453 1880 549 1909 „aus
576 1871 637 1902 den
664 1870 828 1902 Gesinde-

157 1915 327 1947 stuben“.

202 1971 326 1992 nomen
357 1960 583 1992 delraoeerat.
629 1960 675 1991 Er
706 1966 826 1992 nannte

158 2006 205 2038 sic
224 2006 322 2045 (nach
342 2005 439 2037 Diod.
457 2005 511 2038 Vl.
539 2006 594 2048 14)
613 2004 824 2047 Ncubiirger,

158 2051 379 2083 νεοπολῖται.

204 2101 243 2128 ut
267 2098 512 2128 tonstriculae.
534 2095 724 2129 weibliche
744 2097 826 2128 Bar-

157 2143 249 2177 biere
269 2142 418 2174 kommen
435 2143 519 2173 auch
537 2147 630 2174 sonst
649 2143 825 2173 biswcilen

156 2199 229 2227 vor,
250 2199 280 2219 z.
299 2188 333 2219 B.
356 2187 648 2220 Ptau2.'1'ruc.11.
670 2189 702 2226 4,
722 2188 778 2220 51.

204 2237 244 2264 ut
260 2251 305 2256 ——
323 2233 530 2265 adurerent.
576 2233 732 2265 Dieselbe
762 2232 827 2264 Ge-

157 2278 327 2310 schichte:
348 2279 387 2309 de
403 2278 558 2319 off.11.7‚
571 2279 629 2318 25;
644 2278 719 2309 Val.
734 2277 825 2310 Max.

158 2322 219 2355 lx.
244 2324 271 2363 1,
294 2328 383 2355 extr.
402 2324 435 2362 3,
456 2324 521 2354 und
541 2324 764 2355 andcrwiirts.

203 2370 258 2400 59.
295 2369 384 2400 duas
419 2379 573 2406 uoeures,
609 2369 750 2400 niimlich
786 2380 826 2400 zu

158 2414 311 2454 gleicher
339 2413 424 2445 Zeit.
463 2414 507 2445 lm
537 2413 672 2446 Ganzcn
709 2415 764 2445 hat
793 2424 829 2445 er

161 2461 261 2500 (nach
276 2459 358 2501 Nep.
372 2460 410 2491 dc
425 2470 496 2500 reg.
511 2460 543 2498 2,
557 2461 591 2499 23)
609 2460 681 2491 ‹lrci
698 2459 829 2492 Frauen

160 2505 295 2546 geliabt.
321 2504 410 2537 Nach
431 2505 503 2536 dem
523 2505 749 2536 Selbstmorde
769 2506 829 2537 der

159 2556 284 2591 ersten,
306 2551 366 2582 der
376 2550 500 2582 Mutter
518 2551 576 2582 des
591 2551 738 2591 jiingern
754 2550 829 2582 Dio-

162 2597 289 2639 nysius,
312 2597 500 2628 heirathete
527 2607 564 2628 er
590 2597 644 2628 die
673 2597 746 2627 hier
772 2606 828 2636 ge-

900 1876 1044 1902 nanuten
1080 1870 1197 1901 beiden
1233 1880 1272 1901 an
1308 1871 1442 1902 einem
1474 1869 1568 1910 Tage

899 1915 989 1956 (vat.
1011 1914 1099 1947 Max.
1124 1914 1182 1946 [X.
1210 1915 1261 1953 Is,
1286 1921 1357 1946 ext.
1376 1915 1427 1956 4).

943 1963 1050 1992 ciuem
1077 1971 1198 1999 suam,
1229 1960 1281 1991 die
1301 1960 1493 1992 Schwester
1511 1960 1568 1991 des

898 2005 995 2037 Dion.

943 2050 1150 2083 Locrensem
1167 2064 1175 2082 :
1196 2061 1256 2082 aus
1275 2050 1375 2082 Locri
1395 2051 1426 2082 iu
1447 2050 1569 2083 Unter-

898 2096 1027 2127 italien.

944 2142 1142 2173 cubicular-17
1159 2142 1261 2173 lecto.
1293 2141 1338 2172 Es
1359 2142 1402 2173 ist
1421 2141 1493 2172 hier
1511 2152 1569 2173 na—

898 2186 1017 2218 tiirlicli
1039 2187 1098 2218 das
1110 2186 1268 2218 Gebiiude
1291 2188 1369 2227 (der
1382 2186 1569 2229 Pavsslon),

898 2232 930 2262 in
957 2233 1115 2264 welchem
1150 2233 1218 2264 sein
1247 2233 1324 2264 Bett
1358 2233 1481 2273 stand,
1511 2243 1569 2273 ge-

898 2278 1012 2309 meint.

945 2326 1170 2365 temieumque
1185 2327 1347 2365 poneret,
1370 2334 1397 2354 s.
1414 2322 1439 2354 1.
1458 2323 1510 2362 11,
1524 2323 1566 2354 24

899 2379 938 2399 zu
962 2372 1070 2410 posui
1093 2370 1233 2400 Ιίῠνιιιη.

944 2417 1202 2455 impotentium,
1224 2415 1286 2445 wie
1308 2415 1338 2451 ἶ,
1361 2414 1414 2445 17.

943 2460 1024 2490 huic
1048 2460 1161 2491 ——1'lli
1193 2459 1290 2499 „der
1315 2459 1410 2490 einen
1437 2477 1479 2481 —-
1507 2460 1567 2491 der

899 2505 1023 2536 andern
1046 2504 1284 2545 (ssegierde)“.

945 2550 1000 2582 fil.
1030 2550 1201 2581 Iudicavi!
1226 2550 1319 2589 „hat
1345 2550 1415 2581 scin
1436 2547 1568 2581 Urtbeil

900 2595 1046 2628 dariiber
1071 2596 1320 2637 angedeutet“.
1345 2594 1420 2636 vgt.
1441 2595 1481 2627 de
1508 2594 1567 2626 off.
