<?xml version="1.0" encoding="UTF-8"?>
<!DOCTYPE html PUBLIC "-//W3C//DTD XHTML 1.0 Transitional//EN"
    "http://www.w3.org/TR/xhtml1/DTD/xhtml1-transitional.dtd">
<html xmlns="http://www.w3.org/1999/xhtml" xml:lang="en" lang="en">
 <head>
  <title>
</title>
<meta http-equiv="Content-Type" content="text/html;charset=utf-8" />
  <meta name='ocr-system' content='tesseract 3.04.00' />
  <meta name='ocr-capabilities' content='ocr_page ocr_carea ocr_par ocr_line ocrx_word'/>
</head>
<body>
  <div class='ocr_page' id='page_1' title='image "./tusculanarumdisp00ciceuoft_0073.png"; bbox 0 0 1684 2819; ppageno 0'>
   <div class='ocr_carea' id='block_1_1' title="bbox 602 159 1535 202">
    <p class='ocr_par' dir='ltr' id='par_1_1' title="bbox 602 159 1535 202">
     <span class='ocr_line' id='line_1_1' title="bbox 602 159 1535 202; baseline 0.004 -11"><span class='ocrx_word' id='word_1_1' title='bbox 602 159 810 192; x_wconf 72' lang='lat' dir='ltr'>menni.</span> <span class='ocrx_word' id='word_1_2' title='bbox 839 160 1047 202; x_wconf 78' lang='lat'>31,75.76.</span> <span class='ocrx_word' id='word_1_3' title='bbox 1480 164 1535 202; x_wconf 87' lang='lat'>47</span> 
     </span>
    </p>
   </div>
   <div class='ocr_carea' id='block_1_2' title="bbox 122 274 1602 1576">
    <p class='ocr_par' dir='ltr' id='par_1_2' title="bbox 123 274 1536 608">
     <span class='ocr_line' id='line_1_2' title="bbox 126 274 1536 328; baseline 0 -12"><span class='ocrx_word' id='word_1_4' title='bbox 126 276 293 325; x_wconf 83' lang='lat' dir='ltr'>Socrati,</span> <span class='ocrx_word' id='word_1_5' title='bbox 327 289 429 315; x_wconf 87' lang='lat' dir='ltr'>nunc</span> <span class='ocrx_word' id='word_1_6' title='bbox 451 274 606 324; x_wconf 78' lang='lat' dir='ltr'>Cat-oni,</span> <span class='ocrx_word' id='word_1_7' title='bbox 640 288 756 328; x_wconf 83' lang='lat' dir='ltr'>saepe</span> <span class='ocrx_word' id='word_1_8' title='bbox 779 275 930 325; x_wconf 91' lang='lat' dir='ltr'>multis,</span> <span class='ocrx_word' id='word_1_9' title='bbox 960 289 1035 317; x_wconf 88' lang='lat' dir='ltr'>nae</span> <span class='ocrx_word' id='word_1_10' title='bbox 1055 275 1137 326; x_wconf 89' lang='lat' dir='ltr'>illc,</span> <span class='ocrx_word' id='word_1_11' title='bbox 1162 275 1447 326; x_wconf 90' lang='lat' dir='ltr'>mediusfidius,</span> <span class='ocrx_word' id='word_1_12' title='bbox 1471 276 1536 317; x_wconf 86' lang='lat' dir='ltr'>vir</span> 
     </span>
     <span class='ocr_line' id='line_1_3' title="bbox 125 331 1536 386; baseline 0.001 -14"><span class='ocrx_word' id='word_1_13' title='bbox 125 332 282 386; x_wconf 84' lang='lat' dir='ltr'>sapiens</span> <span class='ocrx_word' id='word_1_14' title='bbox 306 331 430 371; x_wconf 82' lang='lat' dir='ltr'>laetus</span> <span class='ocrx_word' id='word_1_15' title='bbox 453 345 506 371; x_wconf 84' lang='lat' dir='ltr'>ex</span> <span class='ocrx_word' id='word_1_16' title='bbox 529 331 587 371; x_wconf 89' lang='lat' dir='ltr'>his</span> <span class='ocrx_word' id='word_1_17' title='bbox 609 331 785 372; x_wconf 87' lang='lat' dir='ltr'>tenebris</span> <span class='ocrx_word' id='word_1_18' title='bbox 807 332 847 372; x_wconf 93' lang='lat' dir='ltr'>in</span> <span class='ocrx_word' id='word_1_19' title='bbox 877 332 1002 373; x_wconf 89' lang='lat' dir='ltr'>lucem</span> <span class='ocrx_word' id='word_1_20' title='bbox 1013 332 1142 373; x_wconf 54' lang='lat' dir='ltr'>“illam</span> <span class='ocrx_word' id='word_1_21' title='bbox 1173 333 1408 373; x_wconf 82' lang='lat' dir='ltr'>excesserit.</span> <span class='ocrx_word' id='word_1_22' title='bbox 1451 332 1536 373; x_wconf 87' lang='lat' dir='ltr'>Nec</span> 
     </span>
     <span class='ocr_line' id='line_1_4' title="bbox 124 387 1535 443; baseline 0 -14"><span class='ocrx_word' id='word_1_23' title='bbox 124 397 256 430; x_wconf 86' lang='lat' dir='ltr'>tamen</span> <span class='ocrx_word' id='word_1_24' title='bbox 273 388 342 428; x_wconf 89' lang='lat' dir='ltr'>illa</span> <span class='ocrx_word' id='word_1_25' title='bbox 360 387 490 429; x_wconf 88' lang='lat' dir='ltr'>vincla</span> <span class='ocrx_word' id='word_1_26' title='bbox 508 388 679 428; x_wconf 84' lang='lat' dir='ltr'>carceris</span> <span class='ocrx_word' id='word_1_27' title='bbox 696 391 847 442; x_wconf 80' lang='lat' dir='ltr'>ruperit</span> <span class='ocrx_word' id='word_1_28' title='bbox 870 390 996 443; x_wconf 86' lang='lat' dir='ltr'>(leges</span> <span class='ocrx_word' id='word_1_29' title='bbox 1018 390 1121 429; x_wconf 91' lang='lat' dir='ltr'>enim</span> <span class='ocrx_word' id='word_1_30' title='bbox 1138 391 1305 441; x_wconf 86' lang='lat' dir='ltr'>vetant),</span> <span class='ocrx_word' id='word_1_31' title='bbox 1328 389 1412 438; x_wconf 89' lang='lat' dir='ltr'>sed,</span> <span class='ocrx_word' id='word_1_32' title='bbox 1435 396 1535 429; x_wconf 91' lang='lat' dir='ltr'>tam-</span> 
     </span>
     <span class='ocr_line' id='line_1_5' title="bbox 123 445 1535 500; baseline 0 -14"><span class='ocrx_word' id='word_1_33' title='bbox 123 460 237 499; x_wconf 89' lang='lat' dir='ltr'>quam</span> <span class='ocrx_word' id='word_1_34' title='bbox 259 459 282 484; x_wconf 85' lang='lat' dir='ltr'>a</span> <span class='ocrx_word' id='word_1_35' title='bbox 303 445 537 499; x_wconf 86' lang='lat' dir='ltr'>magistratu</span> <span class='ocrx_word' id='word_1_36' title='bbox 559 451 626 485; x_wconf 82' lang='lat' dir='ltr'>aut</span> <span class='ocrx_word' id='word_1_37' title='bbox 647 445 694 485; x_wconf 91' lang='lat' dir='ltr'>ab</span> <span class='ocrx_word' id='word_1_38' title='bbox 718 446 846 499; x_wconf 87' lang='lat' dir='ltr'>aliqua</span> <span class='ocrx_word' id='word_1_39' title='bbox 868 453 1061 500; x_wconf 78' lang='lat' dir='ltr'><strong>potestate</strong></span> <span class='ocrx_word' id='word_1_40' title='bbox 1092 445 1266 499; x_wconf 88' lang='lat' dir='ltr'>legitima</span> <span class='ocrx_word' id='word_1_41' title='bbox 1280 476 1291 495; x_wconf 94' lang='lat'>,</span> <span class='ocrx_word' id='word_1_42' title='bbox 1324 445 1381 486; x_wconf 88' lang='lat' dir='ltr'>sic</span> <span class='ocrx_word' id='word_1_43' title='bbox 1410 461 1433 486; x_wconf 87' lang='lat' dir='ltr'>a</span> <span class='ocrx_word' id='word_1_44' title='bbox 1462 446 1535 487; x_wconf 91' lang='lat' dir='ltr'>deo</span> 
     </span>
     <span class='ocr_line' id='line_1_6' title="bbox 124 501 1535 557; baseline -0.001 -14"><span class='ocrx_word' id='word_1_45' title='bbox 124 508 312 543; x_wconf 86' lang='lat' dir='ltr'>evocatus</span> <span class='ocrx_word' id='word_1_46' title='bbox 343 508 459 555; x_wconf 86' lang='lat' dir='ltr'>atque</span> <span class='ocrx_word' id='word_1_47' title='bbox 493 501 659 543; x_wconf 89' lang='lat' dir='ltr'>emissus</span> <span class='ocrx_word' id='word_1_48' title='bbox 690 502 854 543; x_wconf 83' lang='lat' dir='ltr'>exierit.</span> <span class='ocrx_word' id='word_1_49' title='bbox 913 502 1017 543; x_wconf 78' lang='lat' dir='ltr'>Tota</span> <span class='ocrx_word' id='word_1_50' title='bbox 1056 502 1159 543; x_wconf 90' lang='lat' dir='ltr'>enim</span> <span class='ocrx_word' id='word_1_51' title='bbox 1190 502 1535 557; x_wconf 76' lang='lat' dir='ltr'>philosophorum</span> 
     </span>
     <span class='ocr_line' id='line_1_7' title="bbox 123 558 1090 608; baseline -0.001 -9"><span class='ocrx_word' id='word_1_52' title='bbox 123 560 224 608; x_wconf 78' lang='lat' dir='ltr'>vita,</span> <span class='ocrx_word' id='word_1_53' title='bbox 251 565 294 598; x_wconf 88' lang='lat' dir='ltr'>ut</span> <span class='ocrx_word' id='word_1_54' title='bbox 316 558 371 598; x_wconf 85' lang='lat' dir='ltr'>ait</span> <span class='ocrx_word' id='word_1_55' title='bbox 391 559 510 608; x_wconf 91' lang='lat' dir='ltr'>idem,</span> <span class='ocrx_word' id='word_1_56' title='bbox 540 561 823 600; x_wconf 74' lang='lat' dir='ltr'>commentatio</span> <span class='ocrx_word' id='word_1_57' title='bbox 845 561 990 599; x_wconf 79' lang='lat' dir='ltr'>mortis</span> <span class='ocrx_word' id='word_1_58' title='bbox 1012 566 1090 599; x_wconf 81' lang='lat' dir='ltr'>est.</span> 
     </span>
    </p>

    <p class='ocr_par' dir='ltr' id='par_1_3' title="bbox 122 615 1602 1461">
     <span class='ocr_line' id='line_1_8' title="bbox 235 615 1602 668; baseline 0 -13"><span class='ocrx_word' id='word_1_59' title='bbox 235 615 336 656; x_wconf 88' lang='lat' dir='ltr'>Nam</span> <span class='ocrx_word' id='word_1_60' title='bbox 367 615 458 668; x_wconf 93' lang='lat' dir='ltr'>quid</span> <span class='ocrx_word' id='word_1_61' title='bbox 487 615 590 655; x_wconf 87' lang='lat' dir='ltr'>aliud</span> <span class='ocrx_word' id='word_1_62' title='bbox 612 616 764 668; x_wconf 79' lang='lat' dir='ltr'>agimus</span> <span class='ocrx_word' id='word_1_63' title='bbox 779 646 789 664; x_wconf 90' lang='lat'>,</span> <span class='ocrx_word' id='word_1_64' title='bbox 823 629 940 668; x_wconf 90' lang='lat' dir='ltr'>quum</span> <span class='ocrx_word' id='word_1_65' title='bbox 962 629 984 655; x_wconf 92' lang='lat' dir='ltr'>a</span> <span class='ocrx_word' id='word_1_66' title='bbox 1005 615 1206 668; x_wconf 90' lang='lat' dir='ltr'>voluptate</span> <span class='ocrx_word' id='word_1_67' title='bbox 1222 646 1232 665; x_wconf 91' lang='lat'>,</span> <span class='ocrx_word' id='word_1_68' title='bbox 1263 615 1303 655; x_wconf 93' lang='lat' dir='ltr'>id</span> <span class='ocrx_word' id='word_1_69' title='bbox 1326 622 1387 655; x_wconf 89' lang='lat' dir='ltr'>est</span> <span class='ocrx_word' id='word_1_70' title='bbox 1407 628 1426 655; x_wconf 90' lang='lat' dir='ltr'>a</span> <span class='ocrx_word' id='word_1_71' title='bbox 1452 629 1538 656; x_wconf 89' lang='lat' dir='ltr'>cor·</span> <span class='ocrx_word' id='word_1_72' title='bbox 1554 616 1602 661; x_wconf 80' lang='grc'>31</span> 
     </span>
     <span class='ocr_line' id='line_1_9' title="bbox 123 671 1596 725; baseline 0.001 -13"><span class='ocrx_word' id='word_1_73' title='bbox 123 685 243 725; x_wconf 86' lang='lat' dir='ltr'>pore,</span> <span class='ocrx_word' id='word_1_74' title='bbox 278 686 393 725; x_wconf 86' lang='lat' dir='ltr'>quum</span> <span class='ocrx_word' id='word_1_75' title='bbox 426 686 448 712; x_wconf 89' lang='lat' dir='ltr'>a</span> <span class='ocrx_word' id='word_1_76' title='bbox 477 686 520 712; x_wconf 88' lang='lat' dir='ltr'>re</span> <span class='ocrx_word' id='word_1_77' title='bbox 552 671 760 720; x_wconf 77' lang='lat' dir='ltr'>familiari,</span> <span class='ocrx_word' id='word_1_78' title='bbox 793 685 892 724; x_wconf 86' lang='lat' dir='ltr'>quae</span> <span class='ocrx_word' id='word_1_79' title='bbox 922 678 982 711; x_wconf 88' lang='lat' dir='ltr'>est</span> <span class='ocrx_word' id='word_1_80' title='bbox 1011 671 1195 712; x_wconf 87' lang='lat' dir='ltr'>ministra</span> <span class='ocrx_word' id='word_1_81' title='bbox 1223 679 1263 711; x_wconf 90' lang='lat' dir='ltr'>et</span> <span class='ocrx_word' id='word_1_82' title='bbox 1282 672 1427 713; x_wconf 88' lang='lat' dir='ltr'>famula</span> <span class='ocrx_word' id='word_1_83' title='bbox 1449 686 1535 713; x_wconf 85' lang='lat' dir='ltr'>cor·</span> <span class='ocrx_word' id='word_1_84' title='bbox 1553 681 1596 713; x_wconf 88' lang='lat'>75</span> 
     </span>
     <span class='ocr_line' id='line_1_10' title="bbox 124 727 1536 782; baseline 0 -14"><span class='ocrx_word' id='word_1_85' title='bbox 124 728 256 782; x_wconf 88' lang='lat' dir='ltr'>poris,</span> <span class='ocrx_word' id='word_1_86' title='bbox 292 742 407 780; x_wconf 89' lang='lat' dir='ltr'>quum</span> <span class='ocrx_word' id='word_1_87' title='bbox 437 742 459 768; x_wconf 90' lang='lat' dir='ltr'>a</span> <span class='ocrx_word' id='word_1_88' title='bbox 487 741 530 767; x_wconf 84' lang='lat' dir='ltr'>re</span> <span class='ocrx_word' id='word_1_89' title='bbox 561 727 740 780; x_wconf 89' lang='lat' dir='ltr'>publica,</span> <span class='ocrx_word' id='word_1_90' title='bbox 776 741 893 780; x_wconf 91' lang='lat' dir='ltr'>quum</span> <span class='ocrx_word' id='word_1_91' title='bbox 925 741 948 767; x_wconf 84' lang='lat' dir='ltr'>a</span> <span class='ocrx_word' id='word_1_92' title='bbox 977 728 1138 782; x_wconf 86' lang='lat' dir='ltr'>negotio</span> <span class='ocrx_word' id='word_1_93' title='bbox 1171 729 1276 768; x_wconf 90' lang='lat' dir='ltr'>omni</span> <span class='ocrx_word' id='word_1_94' title='bbox 1305 741 1536 769; x_wconf 79' lang='lat' dir='ltr'>sevocamus</span> 
     </span>
     <span class='ocr_line' id='line_1_11' title="bbox 123 783 1535 838; baseline -0.001 -14"><span class='ocrx_word' id='word_1_95' title='bbox 123 785 326 825; x_wconf 83' lang='lat' dir='ltr'>animum?</span> <span class='ocrx_word' id='word_1_96' title='bbox 357 784 462 836; x_wconf 82' lang='lat' dir='ltr'>quid,</span> <span class='ocrx_word' id='word_1_97' title='bbox 486 784 657 837; x_wconf 85' lang='lat' dir='ltr'>inquam,</span> <span class='ocrx_word' id='word_1_98' title='bbox 684 791 764 824; x_wconf 91' lang='lat' dir='ltr'>tum</span> <span class='ocrx_word' id='word_1_99' title='bbox 787 784 955 838; x_wconf 83' lang='lat' dir='ltr'>agimus,</span> <span class='ocrx_word' id='word_1_100' title='bbox 984 785 1059 824; x_wconf 88' lang='lat' dir='ltr'>nisi</span> <span class='ocrx_word' id='word_1_101' title='bbox 1082 783 1255 830; x_wconf 87' lang='lat' dir='ltr'>animum</span> <span class='ocrx_word' id='word_1_102' title='bbox 1278 784 1325 824; x_wconf 88' lang='lat' dir='ltr'>ad</span> <span class='ocrx_word' id='word_1_103' title='bbox 1347 798 1390 825; x_wconf 91' lang='lat' dir='ltr'>se</span> <span class='ocrx_word' id='word_1_104' title='bbox 1411 786 1535 838; x_wconf 85' lang='lat' dir='ltr'>ipsum</span> 
     </span>
     <span class='ocr_line' id='line_1_12' title="bbox 124 840 1537 894; baseline 0 -14"><span class='ocrx_word' id='word_1_105' title='bbox 124 841 383 890; x_wconf 76' lang='lat' dir='ltr'>advocamus,</span> <span class='ocrx_word' id='word_1_106' title='bbox 419 854 554 881; x_wconf 88' lang='lat' dir='ltr'>secum</span> <span class='ocrx_word' id='word_1_107' title='bbox 584 854 671 881; x_wconf 88' lang='lat' dir='ltr'>esse</span> <span class='ocrx_word' id='word_1_108' title='bbox 702 840 879 894; x_wconf 86' lang='lat' dir='ltr'>cogimus</span> <span class='ocrx_word' id='word_1_109' title='bbox 910 841 1160 894; x_wconf 80' lang='lat' dir='ltr'>maximeque</span> <span class='ocrx_word' id='word_1_110' title='bbox 1185 855 1207 881; x_wconf 87' lang='lat' dir='ltr'>a</span> <span class='ocrx_word' id='word_1_111' title='bbox 1229 854 1395 894; x_wconf 87' lang='lat' dir='ltr'>corpore</span> <span class='ocrx_word' id='word_1_112' title='bbox 1417 841 1537 881; x_wconf 88' lang='lat' dir='ltr'>abdu-</span> 
     </span>
     <span class='ocr_line' id='line_1_13' title="bbox 123 897 1537 951; baseline 0 -14"><span class='ocrx_word' id='word_1_113' title='bbox 123 898 276 937; x_wconf 80' lang='lat' dir='ltr'>cimus‘?</span> <span class='ocrx_word' id='word_1_114' title='bbox 316 897 535 937; x_wconf 88' lang='lat' dir='ltr'>Secernere</span> <span class='ocrx_word' id='word_1_115' title='bbox 565 904 694 938; x_wconf 91' lang='lat' dir='ltr'>autem</span> <span class='ocrx_word' id='word_1_116' title='bbox 725 911 746 937; x_wconf 87' lang='lat' dir='ltr'>a</span> <span class='ocrx_word' id='word_1_117' title='bbox 776 911 942 951; x_wconf 89' lang='lat' dir='ltr'>corpore</span> <span class='ocrx_word' id='word_1_118' title='bbox 971 898 1145 938; x_wconf 88' lang='lat' dir='ltr'>animum</span> <span class='ocrx_word' id='word_1_119' title='bbox 1176 898 1405 951; x_wconf 80' lang='lat' dir='ltr'>ecquidnam</span> <span class='ocrx_word' id='word_1_120' title='bbox 1432 897 1537 937; x_wconf 89' lang='lat' dir='ltr'>aliud</span> 
     </span>
     <span class='ocr_line' id='line_1_14' title="bbox 123 954 1534 1007; baseline -0.001 -13"><span class='ocrx_word' id='word_1_121' title='bbox 123 961 183 995; x_wconf 83' lang='lat' dir='ltr'>est</span> <span class='ocrx_word' id='word_1_122' title='bbox 205 967 318 1007; x_wconf 87' lang='lat' dir='ltr'>quam</span> <span class='ocrx_word' id='word_1_123' title='bbox 342 954 467 994; x_wconf 89' lang='lat' dir='ltr'>emori</span> <span class='ocrx_word' id='word_1_124' title='bbox 489 954 670 997; x_wconf 80' lang='lat' dir='ltr'>discere?</span> <span class='ocrx_word' id='word_1_125' title='bbox 699 954 829 1005; x_wconf 81' lang='lat' dir='ltr'>Quare</span> <span class='ocrx_word' id='word_1_126' title='bbox 848 956 921 994; x_wconf 88' lang='lat' dir='ltr'>hoc</span> <span class='ocrx_word' id='word_1_127' title='bbox 941 962 1264 1003; x_wconf 83' lang='lat' dir='ltr'>commentemur,</span> <span class='ocrx_word' id='word_1_128' title='bbox 1285 954 1382 994; x_wconf 90' lang='lat' dir='ltr'>mihi</span> <span class='ocrx_word' id='word_1_129' title='bbox 1401 955 1534 1002; x_wconf 89' lang='lat' dir='ltr'>crede,</span> 
     </span>
     <span class='ocr_line' id='line_1_15' title="bbox 122 1010 1534 1065; baseline 0 -15"><span class='ocrx_word' id='word_1_130' title='bbox 122 1010 471 1065; x_wconf 80' lang='lat' dir='ltr'>disiungamusque</span> <span class='ocrx_word' id='word_1_131' title='bbox 493 1025 565 1051; x_wconf 93' lang='lat' dir='ltr'>nos</span> <span class='ocrx_word' id='word_1_132' title='bbox 588 1025 610 1051; x_wconf 85' lang='lat' dir='ltr'>a</span> <span class='ocrx_word' id='word_1_133' title='bbox 633 1010 879 1065; x_wconf 85' lang='lat' dir='ltr'>corporibus,</span> <span class='ocrx_word' id='word_1_134' title='bbox 913 1012 952 1051; x_wconf 92' lang='lat' dir='ltr'>id</span> <span class='ocrx_word' id='word_1_135' title='bbox 983 1019 1056 1061; x_wconf 89' lang='lat' dir='ltr'>est,</span> <span class='ocrx_word' id='word_1_136' title='bbox 1090 1024 1395 1052; x_wconf 89' lang='lat' dir='ltr'>consuescamus</span> <span class='ocrx_word' id='word_1_137' title='bbox 1418 1011 1534 1051; x_wconf 90' lang='lat' dir='ltr'>mori.</span> 
     </span>
     <span class='ocr_line' id='line_1_16' title="bbox 123 1067 1534 1118; baseline 0 -11"><span class='ocrx_word' id='word_1_138' title='bbox 123 1067 206 1107; x_wconf 89' lang='lat' dir='ltr'>Hoc</span> <span class='ocrx_word' id='word_1_139' title='bbox 228 1074 283 1117; x_wconf 89' lang='lat' dir='ltr'>et,</span> <span class='ocrx_word' id='word_1_140' title='bbox 309 1069 398 1108; x_wconf 88' lang='lat' dir='ltr'>dum</span> <span class='ocrx_word' id='word_1_141' title='bbox 422 1067 568 1108; x_wconf 89' lang='lat' dir='ltr'>erimus</span> <span class='ocrx_word' id='word_1_142' title='bbox 589 1068 630 1108; x_wconf 91' lang='lat' dir='ltr'>in</span> <span class='ocrx_word' id='word_1_143' title='bbox 653 1067 786 1117; x_wconf 86' lang='lat' dir='ltr'>terris,</span> <span class='ocrx_word' id='word_1_144' title='bbox 811 1068 886 1108; x_wconf 88' lang='lat' dir='ltr'>erit</span> <span class='ocrx_word' id='word_1_145' title='bbox 905 1068 974 1108; x_wconf 42' lang='lat' dir='ltr'>illi*</span> <span class='ocrx_word' id='word_1_146' title='bbox 985 1068 1148 1108; x_wconf 88' lang='lat' dir='ltr'>caelesti</span> <span class='ocrx_word' id='word_1_147' title='bbox 1170 1068 1277 1108; x_wconf 88' lang='lat' dir='ltr'>vitae</span> <span class='ocrx_word' id='word_1_148' title='bbox 1301 1067 1447 1117; x_wconf 91' lang='lat' dir='ltr'>simile,</span> <span class='ocrx_word' id='word_1_149' title='bbox 1481 1075 1534 1118; x_wconf 84' lang='lat' dir='ltr'>et,</span> 
     </span>
     <span class='ocr_line' id='line_1_17' title="bbox 124 1124 1538 1178; baseline 0 -14"><span class='ocrx_word' id='word_1_150' title='bbox 124 1138 240 1178; x_wconf 91' lang='lat' dir='ltr'>quum</span> <span class='ocrx_word' id='word_1_151' title='bbox 269 1124 361 1164; x_wconf 88' lang='lat' dir='ltr'>illuc</span> <span class='ocrx_word' id='word_1_152' title='bbox 394 1138 445 1164; x_wconf 84' lang='lat' dir='ltr'>ex</span> <span class='ocrx_word' id='word_1_153' title='bbox 478 1124 536 1166; x_wconf 90' lang='lat' dir='ltr'>his</span> <span class='ocrx_word' id='word_1_154' title='bbox 566 1124 708 1165; x_wconf 83' lang='lat' dir='ltr'>vinclis</span> <span class='ocrx_word' id='word_1_155' title='bbox 746 1124 879 1165; x_wconf 90' lang='lat' dir='ltr'>emissi</span> <span class='ocrx_word' id='word_1_156' title='bbox 917 1126 1114 1175; x_wconf 89' lang='lat' dir='ltr'>feremur,</span> <span class='ocrx_word' id='word_1_157' title='bbox 1159 1125 1288 1165; x_wconf 88' lang='lat' dir='ltr'>minus</span> <span class='ocrx_word' id='word_1_158' title='bbox 1320 1124 1538 1165; x_wconf 82' lang='lat' dir='ltr'>tardabitur</span> 
     </span>
     <span class='ocr_line' id='line_1_18' title="bbox 124 1181 1539 1236; baseline 0 -15"><span class='ocrx_word' id='word_1_159' title='bbox 124 1195 263 1222; x_wconf 88' lang='lat' dir='ltr'>cursus</span> <span class='ocrx_word' id='word_1_160' title='bbox 295 1181 530 1221; x_wconf 90' lang='lat' dir='ltr'>animorum.</span> <span class='ocrx_word' id='word_1_161' title='bbox 587 1181 684 1221; x_wconf 84' lang='lat' dir='ltr'>Nam</span> <span class='ocrx_word' id='word_1_162' title='bbox 718 1182 782 1234; x_wconf 93' lang='lat' dir='ltr'>qui</span> <span class='ocrx_word' id='word_1_163' title='bbox 812 1181 855 1221; x_wconf 89' lang='lat' dir='ltr'>in</span> <span class='ocrx_word' id='word_1_164' title='bbox 887 1182 1139 1236; x_wconf 88' lang='lat' dir='ltr'>compedibus</span> <span class='ocrx_word' id='word_1_165' title='bbox 1171 1181 1349 1235; x_wconf 88' lang='lat' dir='ltr'>corporis</span> <span class='ocrx_word' id='word_1_166' title='bbox 1381 1195 1539 1235; x_wconf 88' lang='lat' dir='ltr'>semper</span> 
     </span>
     <span class='ocr_line' id='line_1_19' title="bbox 122 1237 1533 1292; baseline 0.001 -15"><span class='ocrx_word' id='word_1_167' title='bbox 122 1238 298 1288; x_wconf 87' lang='lat' dir='ltr'>fuerunt,</span> <span class='ocrx_word' id='word_1_168' title='bbox 331 1238 462 1287; x_wconf 87' lang='lat' dir='ltr'>etiam,</span> <span class='ocrx_word' id='word_1_169' title='bbox 498 1252 614 1291; x_wconf 91' lang='lat' dir='ltr'>quum</span> <span class='ocrx_word' id='word_1_170' title='bbox 638 1237 755 1278; x_wconf 89' lang='lat' dir='ltr'>soluti</span> <span class='ocrx_word' id='word_1_171' title='bbox 779 1245 887 1286; x_wconf 89' lang='lat' dir='ltr'>sunt,</span> <span class='ocrx_word' id='word_1_172' title='bbox 920 1239 1071 1279; x_wconf 88' lang='lat' dir='ltr'>tardius</span> <span class='ocrx_word' id='word_1_173' title='bbox 1092 1238 1385 1292; x_wconf 85' lang='lat' dir='ltr'>ingrediuntur,</span> <span class='ocrx_word' id='word_1_174' title='bbox 1420 1245 1463 1278; x_wconf 86' lang='lat' dir='ltr'>ut</span> <span class='ocrx_word' id='word_1_175' title='bbox 1491 1238 1533 1287; x_wconf 93' lang='lat' dir='ltr'>ii,</span> 
     </span>
     <span class='ocr_line' id='line_1_20' title="bbox 123 1294 1533 1348; baseline 0.001 -14"><span class='ocrx_word' id='word_1_176' title='bbox 123 1295 188 1348; x_wconf 89' lang='lat' dir='ltr'>qui</span> <span class='ocrx_word' id='word_1_177' title='bbox 219 1295 325 1335; x_wconf 88' lang='lat' dir='ltr'>ferro</span> <span class='ocrx_word' id='word_1_178' title='bbox 346 1294 471 1335; x_wconf 89' lang='lat' dir='ltr'>vincti</span> <span class='ocrx_word' id='word_1_179' title='bbox 502 1295 645 1335; x_wconf 90' lang='lat' dir='ltr'>multos</span> <span class='ocrx_word' id='word_1_180' title='bbox 667 1308 791 1335; x_wconf 90' lang='lat' dir='ltr'>annos</span> <span class='ocrx_word' id='word_1_181' title='bbox 814 1296 988 1336; x_wconf 88' lang='lat' dir='ltr'>fuerunt.</span> <span class='ocrx_word' id='word_1_182' title='bbox 1036 1295 1120 1347; x_wconf 84' lang='lat' dir='ltr'>Quo</span> <span class='ocrx_word' id='word_1_183' title='bbox 1151 1310 1269 1348; x_wconf 90' lang='lat' dir='ltr'>quum</span> <span class='ocrx_word' id='word_1_184' title='bbox 1291 1298 1533 1343; x_wconf 90' lang='lat' dir='ltr'>venerimus,</span> 
     </span>
     <span class='ocr_line' id='line_1_21' title="bbox 122 1351 1534 1406; baseline 0.001 -16"><span class='ocrx_word' id='word_1_185' title='bbox 122 1358 202 1391; x_wconf 89' lang='lat' dir='ltr'>tum</span> <span class='ocrx_word' id='word_1_186' title='bbox 226 1352 396 1404; x_wconf 88' lang='lat' dir='ltr'>denique</span> <span class='ocrx_word' id='word_1_187' title='bbox 415 1351 611 1391; x_wconf 90' lang='lat' dir='ltr'>vivemus.</span> <span class='ocrx_word' id='word_1_188' title='bbox 654 1351 754 1392; x_wconf 89' lang='lat' dir='ltr'>Nam</span> <span class='ocrx_word' id='word_1_189' title='bbox 778 1352 874 1393; x_wconf 88' lang='lat' dir='ltr'>haec</span> <span class='ocrx_word' id='word_1_190' title='bbox 896 1353 1050 1406; x_wconf 88' lang='lat' dir='ltr'>quidem</span> <span class='ocrx_word' id='word_1_191' title='bbox 1072 1353 1154 1393; x_wconf 87' lang='lat' dir='ltr'>vita</span> <span class='ocrx_word' id='word_1_192' title='bbox 1177 1366 1283 1393; x_wconf 91' lang='lat' dir='ltr'>mors</span> <span class='ocrx_word' id='word_1_193' title='bbox 1305 1358 1387 1402; x_wconf 88' lang='lat' dir='ltr'>est,</span> <span class='ocrx_word' id='word_1_194' title='bbox 1421 1366 1534 1405; x_wconf 89' lang='lat' dir='ltr'>quam</span> 
     </span>
     <span class='ocr_line' id='line_1_22' title="bbox 122 1408 761 1461; baseline 0 -13"><span class='ocrx_word' id='word_1_195' title='bbox 122 1408 329 1449; x_wconf 87' lang='lat' dir='ltr'>lamentari</span> <span class='ocrx_word' id='word_1_196' title='bbox 353 1421 523 1461; x_wconf 90' lang='lat' dir='ltr'>possem,</span> <span class='ocrx_word' id='word_1_197' title='bbox 549 1408 584 1450; x_wconf 88' lang='lat' dir='ltr'>si</span> <span class='ocrx_word' id='word_1_198' title='bbox 606 1408 761 1449; x_wconf 88' lang='lat' dir='ltr'>liberet.</span> 
     </span>
    </p>

    <p class='ocr_par' dir='ltr' id='par_1_4' title="bbox 125 1464 1596 1576">
     <span class='ocr_line' id='line_1_23' title="bbox 237 1464 1596 1519; baseline 0 -14"><span class='ocrx_word' id='word_1_199' title='bbox 237 1465 296 1506; x_wconf 85' lang='lat' dir='ltr'>A.</span> <span class='ocrx_word' id='word_1_200' title='bbox 332 1464 436 1505; x_wconf 88' lang='lat' dir='ltr'>Satis</span> <span class='ocrx_word' id='word_1_201' title='bbox 459 1472 501 1505; x_wconf 90' lang='lat' dir='ltr'>tu</span> <span class='ocrx_word' id='word_1_202' title='bbox 523 1466 677 1518; x_wconf 90' lang='lat' dir='ltr'>quidem</span> <span class='ocrx_word' id='word_1_203' title='bbox 699 1465 739 1505; x_wconf 89' lang='lat' dir='ltr'>in</span> <span class='ocrx_word' id='word_1_204' title='bbox 763 1465 1046 1506; x_wconf 87' lang='lat' dir='ltr'>Consolatione</span> <span class='ocrx_word' id='word_1_205' title='bbox 1069 1479 1111 1506; x_wconf 91' lang='lat' dir='ltr'>es</span> <span class='ocrx_word' id='word_1_206' title='bbox 1133 1466 1395 1506; x_wconf 85' lang='lat' dir='ltr'>lamentatus:</span> <span class='ocrx_word' id='word_1_207' title='bbox 1422 1479 1535 1519; x_wconf 89' lang='lat' dir='ltr'>quam</span> <span class='ocrx_word' id='word_1_208' title='bbox 1554 1474 1596 1505; x_wconf 83' lang='lat'>76</span> 
     </span>
     <span class='ocr_line' id='line_1_24' title="bbox 125 1521 1536 1576; baseline 0.001 -15"><span class='ocrx_word' id='word_1_209' title='bbox 125 1535 241 1575; x_wconf 91' lang='lat' dir='ltr'>quum</span> <span class='ocrx_word' id='word_1_210' title='bbox 272 1522 384 1576; x_wconf 89' lang='lat' dir='ltr'>lego,</span> <span class='ocrx_word' id='word_1_211' title='bbox 420 1521 517 1563; x_wconf 91' lang='lat' dir='ltr'>nihil</span> <span class='ocrx_word' id='word_1_212' title='bbox 548 1522 677 1573; x_wconf 89' lang='lat' dir='ltr'>malo,</span> <span class='ocrx_word' id='word_1_213' title='bbox 712 1537 825 1575; x_wconf 85' lang='lat' dir='ltr'>quam</span> <span class='ocrx_word' id='word_1_214' title='bbox 858 1523 927 1562; x_wconf 89' lang='lat' dir='ltr'>has</span> <span class='ocrx_word' id='word_1_215' title='bbox 960 1536 1025 1563; x_wconf 90' lang='lat' dir='ltr'>res</span> <span class='ocrx_word' id='word_1_216' title='bbox 1055 1523 1309 1576; x_wconf 78' lang='lat' dir='ltr'>relinquere3</span> <span class='ocrx_word' id='word_1_217' title='bbox 1350 1523 1410 1562; x_wconf 88' lang='lat' dir='ltr'>his</span> <span class='ocrx_word' id='word_1_218' title='bbox 1438 1536 1536 1562; x_wconf 88' lang='lat' dir='ltr'>vero</span> 
     </span>
    </p>
   </div>
   <div class='ocr_carea' id='block_1_3' title="bbox 120 1649 798 2604">
    <p class='ocr_par' dir='ltr' id='par_1_5' title="bbox 120 1649 795 1739">
     <span class='ocr_line' id='line_1_25' title="bbox 125 1649 795 1693; baseline 0.001 -11"><span class='ocrx_word' id='word_1_219' title='bbox 125 1650 246 1693; x_wconf 90' lang='lat' dir='ltr'>Zumpt</span> <span class='ocrx_word' id='word_1_220' title='bbox 264 1649 411 1683; x_wconf 86' lang='lat' dir='ltr'>Gramm.</span> <span class='ocrx_word' id='word_1_221' title='bbox 429 1650 538 1693; x_wconf 79' lang='lat'>§511.</span> <span class='ocrx_word' id='word_1_222' title='bbox 552 1650 628 1693; x_wconf 86' lang='lat' dir='ltr'>Vgl.</span> <span class='ocrx_word' id='word_1_223' title='bbox 647 1650 688 1683; x_wconf 86' lang='lat' dir='ltr'>ll.</span> <span class='ocrx_word' id='word_1_224' title='bbox 705 1651 737 1692; x_wconf 85' lang='lat'>6,</span> <span class='ocrx_word' id='word_1_225' title='bbox 756 1652 795 1683; x_wconf 82' lang='lat'>16</span> 
     </span>
     <span class='ocr_line' id='line_1_26' title="bbox 120 1696 594 1739; baseline 0 -10"><span class='ocrx_word' id='word_1_226' title='bbox 120 1697 304 1739; x_wconf 75' lang='lat' dir='ltr'>pertuleri</span> <span class='ocrx_word' id='word_1_227' title='bbox 306 1700 372 1728; x_wconf 74' lang='lat' dir='ltr'>t—</span> <span class='ocrx_word' id='word_1_228' title='bbox 384 1696 594 1729; x_wconf 75' lang='lat' dir='ltr'>decreverit.</span> 
     </span>
    </p>

    <p class='ocr_par' dir='ltr' id='par_1_6' title="bbox 120 1742 797 1923">
     <span class='ocr_line' id='line_1_27' title="bbox 170 1742 795 1784; baseline -0.002 -10"><span class='ocrx_word' id='word_1_229' title='bbox 170 1753 275 1784; x_wconf 81' lang='lat' dir='ltr'>saepe</span> <span class='ocrx_word' id='word_1_230' title='bbox 292 1742 418 1774; x_wconf 74' lang='lat' dir='ltr'>multis</span> <span class='ocrx_word' id='word_1_231' title='bbox 430 1756 476 1768; x_wconf 90' lang='lat'>=</span> <span class='ocrx_word' id='word_1_232' title='bbox 488 1742 627 1780; x_wconf 62' lang='lat' dir='ltr'>multis,</span> <span class='ocrx_word' id='word_1_233' title='bbox 641 1742 709 1774; x_wconf 76' lang='lat' dir='ltr'>aliz·</span> <span class='ocrx_word' id='word_1_234' title='bbox 724 1742 795 1773; x_wconf 72' lang='lat' dir='ltr'>alio</span> 
     </span>
     <span class='ocr_line' id='line_1_28' title="bbox 126 1787 793 1829; baseline -0.003 -9"><span class='ocrx_word' id='word_1_235' title='bbox 126 1793 298 1829; x_wconf 75' lang='lat' dir='ltr'>tempore.</span> <span class='ocrx_word' id='word_1_236' title='bbox 350 1787 392 1819; x_wconf 91' lang='lat' dir='ltr'>So</span> <span class='ocrx_word' id='word_1_237' title='bbox 428 1788 467 1819; x_wconf 92' lang='lat' dir='ltr'>de</span> <span class='ocrx_word' id='word_1_238' title='bbox 493 1787 548 1819; x_wconf 85' lang='lat' dir='ltr'>off.</span> <span class='ocrx_word' id='word_1_239' title='bbox 585 1787 611 1819; x_wconf 89' lang='lat' dir='ltr'>I.</span> <span class='ocrx_word' id='word_1_240' title='bbox 639 1788 700 1828; x_wconf 91' lang='lat'>22,</span> <span class='ocrx_word' id='word_1_241' title='bbox 730 1788 793 1819; x_wconf 76' lang='lat'>74:</span> 
     </span>
     <span class='ocr_line' id='line_1_29' title="bbox 124 1833 797 1875; baseline -0.004 -9"><span class='ocrx_word' id='word_1_242' title='bbox 124 1834 237 1866; x_wconf 71' lang='lat' dir='ltr'>Multi</span> <span class='ocrx_word' id='word_1_243' title='bbox 283 1833 372 1865; x_wconf 87' lang='lat' dir='ltr'>bella</span> <span class='ocrx_word' id='word_1_244' title='bbox 414 1843 520 1875; x_wconf 82' lang='lat' dir='ltr'>saepe</span> <span class='ocrx_word' id='word_1_245' title='bbox 560 1835 797 1874; x_wconf 75' lang='lat' dir='ltr'>quaesierunt</span> 
     </span>
     <span class='ocr_line' id='line_1_30' title="bbox 120 1878 701 1923; baseline -0.003 -11"><span class='ocrx_word' id='word_1_246' title='bbox 120 1879 428 1923; x_wconf 71' lang='lat' dir='ltr'>propte7·“gloriae</span> <span class='ocrx_word' id='word_1_247' title='bbox 450 1878 701 1921; x_wconf 74' lang='lat' dir='ltr'>cupiditatem.</span> 
     </span>
    </p>

    <p class='ocr_par' dir='ltr' id='par_1_7' title="bbox 122 1922 795 2101">
     <span class='ocr_line' id='line_1_31' title="bbox 169 1922 795 1956; baseline -0.002 0"><span class='ocrx_word' id='word_1_248' title='bbox 169 1935 235 1956; x_wconf 79' lang='lat' dir='ltr'>nae</span> <span class='ocrx_word' id='word_1_249' title='bbox 251 1924 304 1956; x_wconf 89' lang='lat' dir='ltr'>bei</span> <span class='ocrx_word' id='word_1_250' title='bbox 318 1923 438 1956; x_wconf 88' lang='lat' dir='ltr'>Cicero</span> <span class='ocrx_word' id='word_1_251' title='bbox 456 1924 574 1955; x_wconf 88' lang='lat' dir='ltr'>immer</span> <span class='ocrx_word' id='word_1_252' title='bbox 586 1935 650 1955; x_wconf 90' lang='lat' dir='ltr'>nur</span> <span class='ocrx_word' id='word_1_253' title='bbox 666 1924 699 1955; x_wconf 90' lang='lat' dir='ltr'>in</span> <span class='ocrx_word' id='word_1_254' title='bbox 711 1922 795 1956; x_wconf 90' lang='lat' dir='ltr'>Ver-</span> 
     </span>
     <span class='ocr_line' id='line_1_32' title="bbox 123 1969 795 2010; baseline 0 -9"><span class='ocrx_word' id='word_1_255' title='bbox 123 1970 271 2010; x_wconf 82' lang='lat' dir='ltr'>bindung</span> <span class='ocrx_word' id='word_1_256' title='bbox 302 1969 362 2001; x_wconf 84' lang='lat' dir='ltr'>mit</span> <span class='ocrx_word' id='word_1_257' title='bbox 390 1970 498 2001; x_wconf 86' lang='lat' dir='ltr'>einem</span> <span class='ocrx_word' id='word_1_258' title='bbox 525 1969 711 2002; x_wconf 89' lang='lat' dir='ltr'>Pronomen</span> <span class='ocrx_word' id='word_1_259' title='bbox 739 1970 795 2001; x_wconf 88' lang='lat' dir='ltr'>de-</span> 
     </span>
     <span class='ocr_line' id='line_1_33' title="bbox 122 2015 791 2058; baseline -0.001 -10"><span class='ocrx_word' id='word_1_260' title='bbox 122 2020 262 2048; x_wconf 86' lang='lat' dir='ltr'>monstr.</span> <span class='ocrx_word' id='word_1_261' title='bbox 283 2015 364 2047; x_wconf 89' lang='lat' dir='ltr'>oder</span> <span class='ocrx_word' id='word_1_262' title='bbox 382 2025 536 2058; x_wconf 84' lang='lat' dir='ltr'>persou.;</span> <span class='ocrx_word' id='word_1_263' title='bbox 566 2025 602 2047; x_wconf 88' lang='lat' dir='ltr'>so</span> <span class='ocrx_word' id='word_1_264' title='bbox 621 2016 677 2056; x_wconf 77' lang='lat'>42,</span> <span class='ocrx_word' id='word_1_265' title='bbox 697 2015 739 2046; x_wconf 84' lang='lat'>99</span> <span class='ocrx_word' id='word_1_266' title='bbox 758 2026 791 2047; x_wconf 89' lang='lat' dir='ltr'>u.</span> 
     </span>
     <span class='ocr_line' id='line_1_34' title="bbox 123 2060 294 2101; baseline -0.006 -7"><span class='ocrx_word' id='word_1_267' title='bbox 123 2060 181 2094; x_wconf 87' lang='lat'>111.</span> <span class='ocrx_word' id='word_1_268' title='bbox 206 2062 241 2101; x_wconf 87' lang='grc'>4,</span> <span class='ocrx_word' id='word_1_269' title='bbox 262 2061 294 2093; x_wconf 83' lang='grc'>8.</span> 
     </span>
    </p>

    <p class='ocr_par' dir='ltr' id='par_1_8' title="bbox 122 2106 796 2285">
     <span class='ocr_line' id='line_1_35' title="bbox 169 2106 796 2148; baseline -0.002 -10"><span class='ocrx_word' id='word_1_270' title='bbox 169 2109 235 2138; x_wconf 84' lang='lat' dir='ltr'>aut</span> <span class='ocrx_word' id='word_1_271' title='bbox 258 2107 301 2138; x_wconf 87' lang='lat' dir='ltr'>ab</span> <span class='ocrx_word' id='word_1_272' title='bbox 328 2106 450 2148; x_wconf 80' lang='lat' dir='ltr'>aliqua</span> <span class='ocrx_word' id='word_1_273' title='bbox 473 2109 658 2148; x_wconf 77' lang='lat' dir='ltr'>potestate</span> <span class='ocrx_word' id='word_1_274' title='bbox 685 2106 796 2147; x_wconf 86' lang='lat' dir='ltr'>„oder</span> 
     </span>
     <span class='ocr_line' id='line_1_36' title="bbox 123 2151 795 2194; baseline -0.001 -10"><span class='ocrx_word' id='word_1_275' title='bbox 123 2152 312 2194; x_wconf 82' lang='lat' dir='ltr'>iiberhaupt</span> <span class='ocrx_word' id='word_1_276' title='bbox 323 2152 438 2194; x_wconf 83' lang='lat' dir='ltr'>irgend</span> <span class='ocrx_word' id='word_1_277' title='bbox 450 2151 719 2193; x_wconf 79' lang='lat' dir='ltr'>einer—“.Vgl.</span> <span class='ocrx_word' id='word_1_278' title='bbox 735 2151 795 2184; x_wconf 78' lang='grc' dir='ltr'><strong>ΙΙΙ.</strong></span> 
     </span>
     <span class='ocr_line' id='line_1_37' title="bbox 125 2198 794 2241; baseline -0.001 -11"><span class='ocrx_word' id='word_1_279' title='bbox 125 2198 178 2238; x_wconf 84' lang='grc'>14,</span> <span class='ocrx_word' id='word_1_280' title='bbox 197 2198 257 2230; x_wconf 83' lang='lat'>29:</span> <span class='ocrx_word' id='word_1_281' title='bbox 279 2201 347 2230; x_wconf 76' lang='lat' dir='ltr'>aut</span> <span class='ocrx_word' id='word_1_282' title='bbox 363 2198 522 2241; x_wconf 80' lang='lat' dir='ltr'>aliquam</span> <span class='ocrx_word' id='word_1_283' title='bbox 539 2198 664 2230; x_wconf 83' lang='lat' dir='ltr'>molem</span> <span class='ocrx_word' id='word_1_284' title='bbox 683 2198 794 2238; x_wconf 72' lang='lat' dir='ltr'>mali,-</span> 
     </span>
     <span class='ocr_line' id='line_1_38' title="bbox 122 2243 777 2285; baseline 0 -10"><span class='ocrx_word' id='word_1_285' title='bbox 122 2243 167 2275; x_wconf 92' lang='lat' dir='ltr'>ib.</span> <span class='ocrx_word' id='word_1_286' title='bbox 192 2243 245 2284; x_wconf 89' lang='lat'>19,</span> <span class='ocrx_word' id='word_1_287' title='bbox 265 2244 306 2275; x_wconf 80' lang='lat'>44</span> <span class='ocrx_word' id='word_1_288' title='bbox 321 2257 329 2273; x_wconf 89' lang='lat'>:</span> <span class='ocrx_word' id='word_1_289' title='bbox 349 2247 418 2275; x_wconf 76' lang='lat' dir='ltr'>aut</span> <span class='ocrx_word' id='word_1_290' title='bbox 433 2243 575 2285; x_wconf 74' lang='lat' dir='ltr'>aliquid</span> <span class='ocrx_word' id='word_1_291' title='bbox 592 2243 777 2275; x_wconf 80' lang='lat' dir='ltr'>eiusmodi.</span> 
     </span>
    </p>

    <p class='ocr_par' dir='ltr' id='par_1_9' title="bbox 121 2289 798 2604">
     <span class='ocr_line' id='line_1_39' title="bbox 169 2289 796 2321; baseline -0.002 0"><span class='ocrx_word' id='word_1_292' title='bbox 169 2291 422 2321; x_wconf 73' lang='lat' dir='ltr'>commentatio</span> <span class='ocrx_word' id='word_1_293' title='bbox 440 2289 547 2321; x_wconf 82' lang='lat' dir='ltr'>heisst</span> <span class='ocrx_word' id='word_1_294' title='bbox 564 2289 623 2321; x_wconf 87' lang='lat' dir='ltr'>das</span> <span class='ocrx_word' id='word_1_295' title='bbox 640 2289 796 2320; x_wconf 76' lang='lat' dir='ltr'>vors&#39;atz-</span> 
     </span>
     <span class='ocr_line' id='line_1_40' title="bbox 121 2334 793 2375; baseline 0 -9"><span class='ocrx_word' id='word_1_296' title='bbox 121 2334 210 2366; x_wconf 89' lang='lat' dir='ltr'>liche</span> <span class='ocrx_word' id='word_1_297' title='bbox 232 2334 371 2366; x_wconf 91' lang='lat' dir='ltr'>Denken</span> <span class='ocrx_word' id='word_1_298' title='bbox 396 2335 460 2366; x_wconf 84' lang='lat' dir='ltr'>auf</span> <span class='ocrx_word' id='word_1_299' title='bbox 473 2334 599 2375; x_wconf 87' lang='lat' dir='ltr'>Etwas,</span> <span class='ocrx_word' id='word_1_300' title='bbox 619 2344 691 2366; x_wconf 89' lang='lat' dir='ltr'>was</span> <span class='ocrx_word' id='word_1_301' title='bbox 716 2344 793 2366; x_wconf 84' lang='lat' dir='ltr'>man</span> 
     </span>
     <span class='ocr_line' id='line_1_41' title="bbox 122 2379 793 2423; baseline 0 -12"><span class='ocrx_word' id='word_1_302' title='bbox 122 2379 204 2411; x_wconf 86' lang='lat' dir='ltr'>thun</span> <span class='ocrx_word' id='word_1_303' title='bbox 236 2379 337 2422; x_wconf 88' lang='lat' dir='ltr'>(oder</span> <span class='ocrx_word' id='word_1_304' title='bbox 370 2379 552 2423; x_wconf 86' lang='lat' dir='ltr'>sprechen)</span> <span class='ocrx_word' id='word_1_305' title='bbox 585 2380 676 2420; x_wconf 83' lang='lat' dir='ltr'>will3</span> <span class='ocrx_word' id='word_1_306' title='bbox 720 2380 793 2412; x_wconf 91' lang='lat' dir='ltr'>also</span> 
     </span>
     <span class='ocr_line' id='line_1_42' title="bbox 123 2425 795 2466; baseline 0 -9"><span class='ocrx_word' id='word_1_307' title='bbox 123 2435 248 2457; x_wconf 84' lang='lat' dir='ltr'>comm.</span> <span class='ocrx_word' id='word_1_308' title='bbox 295 2428 424 2458; x_wconf 73' lang='lat' dir='ltr'>mortis</span> <span class='ocrx_word' id='word_1_309' title='bbox 472 2425 598 2466; x_wconf 79' lang='lat' dir='ltr'>(woffir</span> <span class='ocrx_word' id='word_1_310' title='bbox 645 2425 795 2457; x_wconf 85' lang='lat' dir='ltr'>nacbher</span> 
     </span>
     <span class='ocr_line' id='line_1_43' title="bbox 124 2470 798 2512; baseline 0.001 -11"><span class='ocrx_word' id='word_1_311' title='bbox 124 2473 238 2503; x_wconf 79' lang='lat' dir='ltr'>emori</span> <span class='ocrx_word' id='word_1_312' title='bbox 261 2470 408 2512; x_wconf 79' lang='lat' dir='ltr'>discere)</span> <span class='ocrx_word' id='word_1_313' title='bbox 431 2470 707 2512; x_wconf 81' lang='lat' dir='ltr'>„Vorbereitung</span> <span class='ocrx_word' id='word_1_314' title='bbox 735 2470 798 2503; x_wconf 84' lang='lat' dir='ltr'>auf</span> 
     </span>
     <span class='ocr_line' id='line_1_44' title="bbox 125 2514 791 2558; baseline 0.003 -12"><span class='ocrx_word' id='word_1_315' title='bbox 125 2515 186 2547; x_wconf 93' lang='lat' dir='ltr'>den</span> <span class='ocrx_word' id='word_1_316' title='bbox 205 2514 329 2548; x_wconf 84' lang='lat' dir='ltr'>Tod“.</span> <span class='ocrx_word' id='word_1_317' title='bbox 362 2515 440 2557; x_wconf 82' lang='lat' dir='ltr'>Vgl.</span> <span class='ocrx_word' id='word_1_318' title='bbox 464 2516 505 2548; x_wconf 89' lang='grc' dir='ltr'>ΙΙ.</span> <span class='ocrx_word' id='word_1_319' title='bbox 529 2517 582 2558; x_wconf 81' lang='grc'>18,</span> <span class='ocrx_word' id='word_1_320' title='bbox 601 2517 645 2548; x_wconf 86' lang='grc'>42</span> <span class='ocrx_word' id='word_1_321' title='bbox 672 2527 705 2548; x_wconf 91' lang='lat' dir='ltr'>u.</span> <span class='ocrx_word' id='word_1_322' title='bbox 733 2516 791 2549; x_wconf 79' lang='grc' dir='ltr'>ΙΙΙ.</span> 
     </span>
     <span class='ocr_line' id='line_1_45' title="bbox 128 2560 791 2604; baseline 0.003 -14"><span class='ocrx_word' id='word_1_323' title='bbox 128 2560 181 2600; x_wconf 87' lang='grc'>16,</span> <span class='ocrx_word' id='word_1_324' title='bbox 212 2561 267 2594; x_wconf 84' lang='grc'>34.</span> <span class='ocrx_word' id='word_1_325' title='bbox 293 2579 339 2586; x_wconf 96' lang='grc'><strong>-</strong></span> <span class='ocrx_word' id='word_1_326' title='bbox 372 2561 459 2593; x_wconf 90' lang='lat' dir='ltr'>Plat.</span> <span class='ocrx_word' id='word_1_327' title='bbox 485 2561 612 2594; x_wconf 85' lang='lat' dir='ltr'>Phaed.</span> <span class='ocrx_word' id='word_1_328' title='bbox 644 2573 676 2604; x_wconf 88' lang='lat' dir='ltr'>p.</span> <span class='ocrx_word' id='word_1_329' title='bbox 696 2562 791 2594; x_wconf 83' lang='lat' dir='ltr'>67d:</span> 
     </span>
    </p>
   </div>
   <div class='ocr_carea' id='block_1_4' title="bbox 130 2601 795 2652">
    <p class='ocr_par' dir='ltr' id='par_1_10' title="bbox 130 2601 795 2652">
     <span class='ocr_line' id='line_1_46' title="bbox 130 2601 795 2652; baseline 0.003 -16"><span class='ocrx_word' id='word_1_330' title='bbox 130 2601 179 2636; x_wconf 86' lang='grc' dir='ltr'>Τὸ</span> <span class='ocrx_word' id='word_1_331' title='bbox 191 2607 375 2652; x_wconf 79' lang='grc' dir='ltr'><em>μελέτημα</em></span> <span class='ocrx_word' id='word_1_332' title='bbox 393 2603 481 2639; x_wconf 77' lang='grc' dir='ltr'>αὐτὸ</span> <span class='ocrx_word' id='word_1_333' title='bbox 501 2603 606 2639; x_wconf 83' lang='grc' dir='ltr'>τοῦτό</span> <span class='ocrx_word' id='word_1_334' title='bbox 624 2606 701 2640; x_wconf 72' lang='grc' dir='ltr'>ἐστι</span> <span class='ocrx_word' id='word_1_335' title='bbox 722 2607 795 2639; x_wconf 81' lang='grc' dir='ltr'>τῶν</span> 
     </span>
    </p>
   </div>
   <div class='ocr_carea' id='block_1_5' title="bbox 862 1647 1540 2604">
    <p class='ocr_par' dir='ltr' id='par_1_11' title="bbox 866 1647 1540 1742">
     <span class='ocr_line' id='line_1_47' title="bbox 866 1647 1540 1696; baseline 0.001 -14"><span class='ocrx_word' id='word_1_336' title='bbox 866 1647 1096 1694; x_wconf 70' lang='grc' dir='ltr'><em>φιλοσόφων,</em></span> <span class='ocrx_word' id='word_1_337' title='bbox 1131 1647 1234 1688; x_wconf 83' lang='grc' dir='ltr'><em>λύσις</em></span> <span class='ocrx_word' id='word_1_338' title='bbox 1264 1650 1327 1683; x_wconf 86' lang='grc' dir='ltr'>καὶ</span> <span class='ocrx_word' id='word_1_339' title='bbox 1341 1648 1540 1696; x_wconf 25' lang='grc' dir='ltr'><em>,χωρισμὸς</em></span> 
     </span>
     <span class='ocr_line' id='line_1_48' title="bbox 867 1694 1296 1742; baseline 0.002 -14"><span class='ocrx_word' id='word_1_340' title='bbox 867 1697 987 1739; x_wconf 78' lang='grc' dir='ltr'><em>ψυχῆς</em></span> <span class='ocrx_word' id='word_1_341' title='bbox 1011 1694 1089 1729; x_wconf 69' lang='grc' dir='ltr'>ἀπὸ</span> <span class='ocrx_word' id='word_1_342' title='bbox 1115 1694 1296 1742; x_wconf 71' lang='grc' dir='ltr'><em>σώματος.</em></span> 
     </span>
    </p>

    <p class='ocr_par' dir='ltr' id='par_1_12' title="bbox 865 1740 1540 1969">
     <span class='ocr_line' id='line_1_49' title="bbox 912 1740 1540 1785; baseline 0.003 -12"><span class='ocrx_word' id='word_1_343' title='bbox 912 1740 973 1779; x_wconf 83' lang='grc'>31.</span> <span class='ocrx_word' id='word_1_344' title='bbox 1004 1744 1058 1774; x_wconf 82' lang='lat'>75.</span> <span class='ocrx_word' id='word_1_345' title='bbox 1090 1743 1300 1785; x_wconf 70' lang='lat' dir='ltr'>ecquidnam</span> <span class='ocrx_word' id='word_1_346' title='bbox 1316 1760 1362 1767; x_wconf 85' lang='lat'>—</span> <span class='ocrx_word' id='word_1_347' title='bbox 1381 1743 1540 1775; x_wconf 69' lang='lat' dir='ltr'>discere?</span> 
     </span>
     <span class='ocr_line' id='line_1_50' title="bbox 866 1788 1538 1830; baseline 0.001 -11"><span class='ocrx_word' id='word_1_348' title='bbox 866 1789 952 1820; x_wconf 84' lang='lat' dir='ltr'>nach</span> <span class='ocrx_word' id='word_1_349' title='bbox 971 1788 1033 1820; x_wconf 90' lang='lat' dir='ltr'>den</span> <span class='ocrx_word' id='word_1_350' title='bbox 1046 1788 1175 1830; x_wconf 89' lang='lat' dir='ltr'>Spuren</span> <span class='ocrx_word' id='word_1_351' title='bbox 1196 1789 1256 1820; x_wconf 89' lang='lat' dir='ltr'>der</span> <span class='ocrx_word' id='word_1_352' title='bbox 1265 1788 1408 1820; x_wconf 83' lang='lat' dir='ltr'>Hdschr.</span> <span class='ocrx_word' id='word_1_353' title='bbox 1424 1799 1538 1820; x_wconf 84' lang='lat' dir='ltr'>emen—</span> 
     </span>
     <span class='ocr_line' id='line_1_51' title="bbox 865 1833 1538 1876; baseline 0.001 -11"><span class='ocrx_word' id='word_1_354' title='bbox 865 1834 945 1866; x_wconf 84' lang='lat' dir='ltr'>dirt.</span> <span class='ocrx_word' id='word_1_355' title='bbox 981 1833 1044 1865; x_wconf 91' lang='lat' dir='ltr'>Die</span> <span class='ocrx_word' id='word_1_356' title='bbox 1071 1833 1217 1875; x_wconf 80' lang='lat' dir='ltr'>Vulgata</span> <span class='ocrx_word' id='word_1_357' title='bbox 1250 1844 1311 1866; x_wconf 78' lang='lat' dir='ltr'>nec</span> <span class='ocrx_word' id='word_1_358' title='bbox 1344 1834 1538 1876; x_wconf 80' lang='lat' dir='ltr'>quidquam</span> 
     </span>
     <span class='ocr_line' id='line_1_52' title="bbox 865 1876 1540 1912; baseline 0 -1"><span class='ocrx_word' id='word_1_359' title='bbox 865 1879 968 1911; x_wconf 76' lang='lat' dir='ltr'>aliud</span> <span class='ocrx_word' id='word_1_360' title='bbox 981 1883 1036 1911; x_wconf 77' lang='lat' dir='ltr'>est</span> <span class='ocrx_word' id='word_1_361' title='bbox 1046 1881 1142 1911; x_wconf 80' lang='lat' dir='ltr'>mori</span> <span class='ocrx_word' id='word_1_362' title='bbox 1157 1880 1290 1911; x_wconf 73' lang='lat' dir='ltr'>discere</span> <span class='ocrx_word' id='word_1_363' title='bbox 1308 1876 1457 1912; x_wconf 76' lang='lat' dir='ltr'>ist&#39;auch</span> <span class='ocrx_word' id='word_1_364' title='bbox 1477 1890 1540 1911; x_wconf 88' lang='lat' dir='ltr'>nur</span> 
     </span>
     <span class='ocr_line' id='line_1_53' title="bbox 866 1924 1339 1969; baseline 0.002 -13"><span class='ocrx_word' id='word_1_365' title='bbox 866 1924 1051 1967; x_wconf 83' lang='lat' dir='ltr'>Conjectur</span> <span class='ocrx_word' id='word_1_366' title='bbox 1068 1924 1147 1966; x_wconf 91' lang='lat' dir='ltr'>(von</span> <span class='ocrx_word' id='word_1_367' title='bbox 1165 1925 1339 1969; x_wconf 80' lang='lat' dir='ltr'>Bentley).</span> 
     </span>
    </p>

    <p class='ocr_par' dir='ltr' id='par_1_13' title="bbox 864 1970 1539 2150">
     <span class='ocr_line' id='line_1_54' title="bbox 910 1970 1536 2003; baseline -0.002 0"><span class='ocrx_word' id='word_1_368' title='bbox 910 1973 1027 2003; x_wconf 73' lang='lat' dir='ltr'>minus</span> <span class='ocrx_word' id='word_1_369' title='bbox 1047 1971 1259 2003; x_wconf 79' lang='lat' dir='ltr'>tardabitur</span> <span class='ocrx_word' id='word_1_370' title='bbox 1278 1981 1419 2003; x_wconf 85' lang='lat' dir='ltr'>cursus.</span> <span class='ocrx_word' id='word_1_371' title='bbox 1454 1970 1536 2002; x_wconf 91' lang='lat' dir='ltr'>Dem</span> 
     </span>
     <span class='ocr_line' id='line_1_55' title="bbox 864 2015 1539 2059; baseline 0.001 -12"><span class='ocrx_word' id='word_1_372' title='bbox 864 2015 999 2056; x_wconf 79' lang='lat' dir='ltr'>Ansang</span> <span class='ocrx_word' id='word_1_373' title='bbox 1031 2016 1091 2048; x_wconf 88' lang='lat' dir='ltr'>der</span> <span class='ocrx_word' id='word_1_374' title='bbox 1121 2015 1263 2048; x_wconf 88' lang='lat' dir='ltr'>Periode</span> <span class='ocrx_word' id='word_1_375' title='bbox 1295 2016 1539 2059; x_wconf 86' lang='lat' dir='ltr'>entsprechend</span> 
     </span>
     <span class='ocr_line' id='line_1_56' title="bbox 865 2061 1539 2094; baseline 0.001 -1"><span class='ocrx_word' id='word_1_376' title='bbox 865 2062 958 2094; x_wconf 84' lang='lat' dir='ltr'>h‘a&#39;tte</span> <span class='ocrx_word' id='word_1_377' title='bbox 970 2061 1041 2094; x_wconf 88' lang='lat' dir='ltr'>Cic.</span> <span class='ocrx_word' id='word_1_378' title='bbox 1055 2062 1232 2094; x_wconf 87' lang='lat' dir='ltr'>schreiben</span> <span class='ocrx_word' id='word_1_379' title='bbox 1248 2063 1382 2094; x_wconf 83' lang='lat' dir='ltr'>miissen</span> <span class='ocrx_word' id='word_1_380' title='bbox 1396 2074 1404 2094; x_wconf 90' lang='lat'>:</span> <span class='ocrx_word' id='word_1_381' title='bbox 1419 2064 1539 2094; x_wconf 79' lang='lat' dir='ltr'>minus</span> 
     </span>
     <span class='ocr_line' id='line_1_57' title="bbox 866 2108 1536 2150; baseline -0.001 -10"><span class='ocrx_word' id='word_1_382' title='bbox 866 2108 1033 2140; x_wconf 62' lang='lat' dir='ltr'>tardabit</span> <span class='ocrx_word' id='word_1_383' title='bbox 1050 2110 1117 2147; x_wconf 91' lang='lat'>(=</span> <span class='ocrx_word' id='word_1_384' title='bbox 1131 2108 1357 2150; x_wconf 76' lang='lat' dir='ltr'>accelerabit)</span> <span class='ocrx_word' id='word_1_385' title='bbox 1380 2118 1536 2140; x_wconf 83' lang='lat' dir='ltr'>cursum.</span> 
     </span>
    </p>

    <p class='ocr_par' dir='ltr' id='par_1_14' title="bbox 862 2153 1540 2514">
     <span class='ocr_line' id='line_1_58' title="bbox 913 2153 1538 2196; baseline 0.002 -12"><span class='ocrx_word' id='word_1_386' title='bbox 913 2158 989 2185; x_wconf 78' lang='lat' dir='ltr'>tum.</span> <span class='ocrx_word' id='word_1_387' title='bbox 1016 2153 1163 2196; x_wconf 78' lang='lat' dir='ltr'>denique</span> <span class='ocrx_word' id='word_1_388' title='bbox 1190 2156 1356 2185; x_wconf 79' lang='lat' dir='ltr'>vivemus.</span> <span class='ocrx_word' id='word_1_389' title='bbox 1392 2153 1470 2195; x_wconf 83' lang='lat' dir='ltr'>vgl.</span> <span class='ocrx_word' id='word_1_390' title='bbox 1498 2153 1538 2185; x_wconf 87' lang='lat' dir='ltr'>de</span> 
     </span>
     <span class='ocr_line' id='line_1_59' title="bbox 865 2198 1535 2242; baseline 0.001 -12"><span class='ocrx_word' id='word_1_391' title='bbox 865 2209 936 2242; x_wconf 89' lang='lat' dir='ltr'>rep.</span> <span class='ocrx_word' id='word_1_392' title='bbox 958 2198 1015 2230; x_wconf 91' lang='lat' dir='ltr'>Vl.</span> <span class='ocrx_word' id='word_1_393' title='bbox 1038 2199 1099 2229; x_wconf 79' lang='lat'>14:</span> <span class='ocrx_word' id='word_1_394' title='bbox 1126 2199 1237 2231; x_wconf 84' lang='lat' dir='ltr'>Immo</span> <span class='ocrx_word' id='word_1_395' title='bbox 1258 2209 1340 2231; x_wconf 86' lang='lat' dir='ltr'>vero</span> <span class='ocrx_word' id='word_1_396' title='bbox 1358 2201 1387 2231; x_wconf 70' lang='lat' dir='ltr'>iz·</span> <span class='ocrx_word' id='word_1_397' title='bbox 1400 2202 1535 2239; x_wconf 69' lang='lat' dir='ltr'>vivunt,</span> 
     </span>
     <span class='ocr_line' id='line_1_60' title="bbox 865 2245 1540 2286; baseline 0.001 -10"><span class='ocrx_word' id='word_1_398' title='bbox 865 2247 929 2286; x_wconf 79' lang='lat' dir='ltr'>qui</span> <span class='ocrx_word' id='word_1_399' title='bbox 960 2255 1005 2276; x_wconf 71' lang='lat' dir='ltr'>ea:</span> <span class='ocrx_word' id='word_1_400' title='bbox 1036 2254 1226 2286; x_wconf 80' lang='lat' dir='ltr'>corporum</span> <span class='ocrx_word' id='word_1_401' title='bbox 1259 2245 1411 2277; x_wconf 78' lang='lat' dir='ltr'>vinculis</span> <span class='ocrx_word' id='word_1_402' title='bbox 1445 2248 1540 2277; x_wconf 81' lang='lat' dir='ltr'>tam-</span> 
     </span>
     <span class='ocr_line' id='line_1_61' title="bbox 865 2290 1537 2333; baseline 0 -12"><span class='ocrx_word' id='word_1_403' title='bbox 865 2300 974 2333; x_wconf 86' lang='lat' dir='ltr'>quam</span> <span class='ocrx_word' id='word_1_404' title='bbox 996 2301 1012 2321; x_wconf 92' lang='lat' dir='ltr'>e</span> <span class='ocrx_word' id='word_1_405' title='bbox 1036 2300 1179 2321; x_wconf 83' lang='lat' dir='ltr'>earcere</span> <span class='ocrx_word' id='word_1_406' title='bbox 1206 2290 1437 2323; x_wconf 79' lang='lat' dir='ltr'>evolaverunt</span> <span class='ocrx_word' id='word_1_407' title='bbox 1446 2303 1458 2331; x_wconf 86' lang='lat'>,-</span> <span class='ocrx_word' id='word_1_408' title='bbox 1484 2300 1537 2321; x_wconf 79' lang='lat' dir='ltr'>ve·</span> 
     </span>
     <span class='ocr_line' id='line_1_62' title="bbox 865 2335 1536 2378; baseline 0 -12"><span class='ocrx_word' id='word_1_409' title='bbox 865 2339 945 2368; x_wconf 77' lang='lat' dir='ltr'>stra</span> <span class='ocrx_word' id='word_1_410' title='bbox 961 2346 1043 2367; x_wconf 78' lang='lat' dir='ltr'>vero</span> <span class='ocrx_word' id='word_1_411' title='bbox 1062 2345 1151 2378; x_wconf 87' lang='lat' dir='ltr'>quae</span> <span class='ocrx_word' id='word_1_412' title='bbox 1170 2335 1308 2369; x_wconf 66' lang='lat' dir='ltr'>dicitur</span> <span class='ocrx_word' id='word_1_413' title='bbox 1325 2338 1412 2375; x_wconf 79' lang='lat' dir='ltr'>vita,</span> <span class='ocrx_word' id='word_1_414' title='bbox 1438 2346 1536 2367; x_wconf 84' lang='lat' dir='ltr'>mors</span> 
     </span>
     <span class='ocr_line' id='line_1_63' title="bbox 863 2377 1536 2423; baseline -0.004 -10"><span class='ocrx_word' id='word_1_415' title='bbox 863 2385 937 2419; x_wconf 75' lang='lat' dir='ltr'>est‚·</span> <span class='ocrx_word' id='word_1_416' title='bbox 965 2381 1032 2413; x_wconf 91' lang='lat' dir='ltr'>und</span> <span class='ocrx_word' id='word_1_417' title='bbox 1059 2380 1259 2423; x_wconf 81' lang='lat' dir='ltr'>Euripides:</span> <span class='ocrx_word' id='word_1_418' title='bbox 1289 2382 1345 2419; x_wconf 84' lang='grc' dir='ltr'>τίς</span> <span class='ocrx_word' id='word_1_419' title='bbox 1366 2377 1475 2419; x_wconf 79' lang='grc' dir='ltr'><em>οἶδεν,</em></span> <span class='ocrx_word' id='word_1_420' title='bbox 1504 2379 1536 2412; x_wconf 80' lang='grc' dir='ltr'>εἰ</span> 
     </span>
     <span class='ocr_line' id='line_1_64' title="bbox 864 2422 1536 2471; baseline -0.001 -13"><span class='ocrx_word' id='word_1_421' title='bbox 864 2422 904 2458; x_wconf 84' lang='grc' dir='ltr'>τὸ</span> <span class='ocrx_word' id='word_1_422' title='bbox 938 2426 997 2468; x_wconf 83' lang='grc' dir='ltr'>ζῆν</span> <span class='ocrx_word' id='word_1_423' title='bbox 1027 2427 1098 2471; x_wconf 82' lang='grc' dir='ltr'>μέν</span> <span class='ocrx_word' id='word_1_424' title='bbox 1130 2425 1209 2459; x_wconf 76' lang='grc' dir='ltr'><strong><em>ἐστι</em></strong></span> <span class='ocrx_word' id='word_1_425' title='bbox 1247 2428 1460 2464; x_wconf 75' lang='grc' dir='ltr'>κατθανεῖν,</span> <span class='ocrx_word' id='word_1_426' title='bbox 1496 2422 1536 2457; x_wconf 83' lang='grc' dir='ltr'>τὸ</span> 
     </span>
     <span class='ocr_line' id='line_1_65' title="bbox 862 2469 1234 2514; baseline 0 -10"><span class='ocrx_word' id='word_1_427' title='bbox 862 2475 1065 2505; x_wconf 74' lang='grc' dir='ltr'><em>κατθανεῖν</em></span> <span class='ocrx_word' id='word_1_428' title='bbox 1089 2469 1125 2505; x_wconf 79' lang='grc' dir='ltr'>δὲ</span> <span class='ocrx_word' id='word_1_429' title='bbox 1151 2473 1234 2514; x_wconf 67' lang='grc' dir='ltr'>ζῆνς</span> 
     </span>
    </p>

    <p class='ocr_par' dir='ltr' id='par_1_15' title="bbox 911 2517 1535 2604">
     <span class='ocr_line' id='line_1_66' title="bbox 911 2517 1533 2559; baseline -0.002 -10"><span class='ocrx_word' id='word_1_430' title='bbox 911 2518 966 2550; x_wconf 88' lang='grc'>76.</span> <span class='ocrx_word' id='word_1_431' title='bbox 984 2520 1020 2549; x_wconf 82' lang='lat' dir='ltr'>in</span> <span class='ocrx_word' id='word_1_432' title='bbox 1033 2518 1297 2559; x_wconf 70' lang='lat' dir='ltr'>Consolatione,</span> <span class='ocrx_word' id='word_1_433' title='bbox 1313 2529 1342 2550; x_wconf 87' lang='lat' dir='ltr'>s.</span> <span class='ocrx_word' id='word_1_434' title='bbox 1357 2529 1399 2549; x_wconf 91' lang='lat' dir='ltr'>zu</span> <span class='ocrx_word' id='word_1_435' title='bbox 1410 2517 1466 2557; x_wconf 85' lang='lat'>26,</span> <span class='ocrx_word' id='word_1_436' title='bbox 1477 2517 1533 2549; x_wconf 86' lang='lat'>65.</span> 
     </span>
     <span class='ocr_line' id='line_1_67' title="bbox 1407 2562 1535 2604; baseline 0 -10"><span class='ocrx_word' id='word_1_437' title='bbox 1407 2562 1535 2604; x_wconf 88' lang='lat' dir='ltr'>„diese</span> 
     </span>
    </p>
   </div>
   <div class='ocr_carea' id='block_1_6' title="bbox 910 2562 1355 2604">
    <p class='ocr_par' dir='ltr' id='par_1_16' title="bbox 910 2562 1355 2604">
     <span class='ocr_line' id='line_1_68' title="bbox 910 2562 1355 2604; baseline -0.002 -9"><span class='ocrx_word' id='word_1_438' title='bbox 910 2564 975 2595; x_wconf 76' lang='lat' dir='ltr'>has</span> <span class='ocrx_word' id='word_1_439' title='bbox 1014 2574 1090 2604; x_wconf 79' lang='lat' dir='ltr'>res,</span> <span class='ocrx_word' id='word_1_440' title='bbox 1144 2562 1355 2600; x_wconf 76' lang='grc' dir='ltr'><strong><em>δεικτικῶς.-</em></strong></span> 
     </span>
    </p>
   </div>
   <div class='ocr_carea' id='block_1_7' title="bbox 863 2607 1008 2641">
    <p class='ocr_par' dir='ltr' id='par_1_17' title="bbox 863 2607 1008 2641">
     <span class='ocr_line' id='line_1_69' title="bbox 863 2607 1008 2641; baseline 0.007 -1"><span class='ocrx_word' id='word_1_441' title='bbox 863 2607 958 2640; x_wconf 84' lang='lat' dir='ltr'>Welt</span> <span class='ocrx_word' id='word_1_442' title='bbox 970 2609 991 2626; x_wconf 87' lang='lat'><strong>“</strong></span> <span class='ocrx_word' id='word_1_443' title='bbox 1000 2633 1008 2641; x_wconf 95' lang='lat'>.</span> 
     </span>
    </p>
   </div>
  </div>
 </body>
</html>
