1684 2819
572 130 732 163 [ABER
751 131 776 163 1.
799 131 852 172 25,
874 131 929 162 62.
951 130 1004 162 63.
1445 130 1496 169 39

203 248 332 299 Quid?
362 247 427 287 illa
448 247 510 286 vis
534 258 633 298 quae
656 245 812 285 tandem
840 252 924 294 est,
958 259 1056 298 quae
1087 244 1300 297 investigat
1329 244 1494 292 occulta,

92 319 192 359 quae
213 303 388 345 inventio
412 310 530 355 atquc
552 302 795 355 excogitatio
819 302 987 342 dicitur?
1019 315 1071 341 ex
1098 302 1222 341 hacne
1244 300 1314 340 tibi
1337 307 1497 340 terrena

91 361 326 413 mortalique
358 366 498 400 natura
529 366 568 399 et
589 358 736 399 caduca
757 366 939 400 concreta
962 373 1009 399 ea
1028 358 1211 399 videtur?
1243 364 1310 397 aut
1333 356 1398 409 qui
1421 356 1499 409 pri-
1517 364 1557 396 62

93 431 192 467 mus,
226 417 322 468 quod
347 429 521 457 summae
543 415 761 469 sapientiae
783 416 1032 469 Pythagorae
1053 415 1183 455 visum
1213 421 1286 461 est,
1320 412 1501 453 omnibus

91 474 211 514 rebus
230 473 416 527 imposuit
430 473 615 512 nomina?
636 480 702 512 aut
721 473 784 525 qui
808 472 1019 525 dissipatos
1043 470 1221 512 homines
1244 470 1503 523 congregavit

91 537 132 571 et
154 531 201 570 ad
219 533 446 570 societatem
466 530 572 569 vitae
596 529 858 569 convocavit?
889 535 955 568 aut
977 529 1040 580 qui
1063 542 1182 568 sonos
1204 527 1330 576 vocis,
1357 527 1422 579 qui
1443 527 1502 566 in-

92 587 192 627 finiti
213 586 474 635 videbantur,
509 586 643 639 paucis
674 585 902 633 litterarum„
929 584 1032 624 notis
1065 584 1318 624 terminavit?
1348 590 1416 624 aut
1439 582 1504 636 qui

94 644 312 684 errantium
335 643 537 682 stellarum
559 654 720 691 cursus,
754 641 1078 694 praegressiones
1107 639 1410 691 institionesque
1433 653 1503 679 no-

94 700 222 740 tavit?
262 699 405 739 Omnes
427 699 580 749 magni3
615 698 732 737 etiam
755 696 998 749 superiores,
1029 695 1094 748 qui
1116 696 1265 749 fruges,
1293 697 1358 748 qui
1380 695 1503 735 vesti-

94 764 192 806 tum,
218 757 282 809 qui
305 762 422 803 tecta,
449 754 513 807 qui
537 753 681 793 cultum
706 753 824 802 vitae,
855 753 918 805 qui
942 751 1138 806 praesidia
1161 758 1298 791 contra
1320 752 1423 791 feras
1446 752 1504 791 in-

93 819 313 862 venerunt,
338 825 360 850 a
377 811 516 864 quibus
535 810 792 850 mansuefacti
814 817 852 849 et
869 808 1016 849 exculti
1033 822 1056 848 a
1074 807 1309 848 necessariis
1330 807 1504 847 artificiis

93 869 139 909 ad
162 868 407 922 elegantiora
437 867 687 907 defluximus.
731 866 828 907 Nam
861 873 901 906 et
931 865 1092 906 auribus
1123 865 1332 904 oblectatio
1365 878 1505 917 magna

95 932 206 978 parta
236 931 298 965 est
327 924 489 964 inventa
520 930 558 963 61
590 929 808 977 temperata
830 922 1023 963 varietate
1055 929 1094 962 et
1124 929 1264 961 natura
1296 924 1501 969 sonorum,

93 989 132 1022 et
153 989 260 1022 astra
282 981 533 1034 suspeximus
548 1011 558 1028 ‚
594 994 710 1033 quum
744 993 787 1019 ea
804 1010 814 1028 ,
849 993 946 1032 quae
979 985 1068 1019 sunt
1099 978 1222 1018 infixa
1245 978 1365 1018 certis
1387 976 1501 1026 locis,

94 1045 175 1078 tum
198 1038 265 1078 illa
287 1052 365 1077 non
387 1051 430 1078 re
445 1069 454 1086 ,
489 1037 557 1078 sed
578 1037 770 1077 vocabulo
794 1036 982 1076 errantia.
1025 1034 1197 1085 Quorum
1222 1033 1505 1074 conversiones

95 1108 309 1148 omnesque
331 1101 460 1134 motus
483 1093 549 1147 qui
571 1093 718 1146 primus
742 1093 861 1143 vidit,
896 1093 930 1133 is
954 1092 1108 1140 docuit,
1142 1091 1310 1131 similem
1333 1090 1506 1130 animum

95 1166 208 1192 suum
232 1152 316 1192 eius
340 1164 452 1199 esse,
486 1150 552 1204 qui
581 1164 626 1190 ea
657 1150 868 1190 fabricatus
900 1157 1007 1190 esset
1029 1150 1068 1188 in
1090 1148 1213 1188 caelo.
1255 1147 1355 1187 Nam
1388 1161 1504 1199 quum
1523 1152 1563 1184 63

95 1208 351 1248 Archimedes
375 1208 506 1257 lunae,
533 1207 642 1257 solis,
668 1208 838 1260 quinque
861 1206 1079 1247 errantium
1098 1212 1225 1244 motus
1243 1204 1281 1243 in
1299 1203 1506 1258 sphaeram

145 1346 263 1388 Quid?
288 1345 351 1377 illa
378 1348 430 1377 vis
459 1350 539 1386 etc,
569 1356 597 1377 s.
626 1344 703 1387 §51
725 1356 767 1377 zu

94 1395 251 1434 primum
259 1416 266 1423 .

141 1438 199 1469 62.
219 1441 285 1469 aut
302 1439 441 1478 qni—,
463 1437 629 1480 supplire:
651 1439 770 1468 eiusne

95 1485 236 1515 animus
253 1484 320 1514 tibi
332 1493 377 1514 ea:
391 1483 456 1514 hac
471 1486 613 1515 terrena
633 1486 768 1514 natura

98 1532 284 1561 concretus
305 1528 442 1559 videtur·
452 1534 466 1558 :³

143 1576 318 1616 imposuit
341 1576 501 1605 uomina.
550 1573 640 1605 Doeh
669 1573 771 1604 findet

99 1620 166 1651 sich
193 1619 278 1650 auch
307 1619 408 1650 sehon
436 1619 570 1650 beiden
589 1619 689 1650 Alteu
718 1619 771 1649 die

99 1664 202 1697 tieser
230 1664 381 1706 gehende
407 1663 568 1703 Ansicht‚
606 1664 683 1695 dass
718 1663 770 1695 die

99 1710 227 1742 Namen
247 1710 306 1741 der
324 1709 430 1751 Dinge
455 1709 548 1741 nicht
565 1710 680 1747 θέσει,
700 1719 772 1740 was

100 1756 309 1799 Pythagoras
328 1755 484 1795 annahm,
501 1755 645 1786 sondern
661 1751 771 1797 φύσει

100 1802 298 1833 entstanden
318 1800 433 1838 seien3
460 1810 495 1831 so
523 1800 574 1832 bei
594 1799 688 1831 Plato
707 1799 771 1842 (im

100 1846 278 1890 Cratylus)
297 1846 363 1877 und
389 1846 441 1877 bei
462 1846 523 1877 den
544 1845 714 1877 Stoikern.

143 1893 434 1934 praegressiones
482 1893 769 1932 institionesque.

100 1938 172 1970 Von
201 1939 272 1969 dem
304 1936 556 1978 (scheinbareu)
573 1936 771 1968 Stillstehen

100 1985 160 2016 der
176 1983 339 2015 Planeten
364 1982 491 2024 spricht
520 1982 590 2014 Cic.
617 1982 702 2013 auch
733 1982 772 2013 de

101 2034 169 2061 nat.
190 2029 231 2061 D.
251 2028 294 2060 11.
315 2028 373 2069 20,
393 2029 431 2059 51
454 2027 537 2070 (und
558 2028 644 2059 dazu
666 2027 773 2059 Scho'-

99 2075 216 2118 mann)
236 2086 269 2106 u.
291 2074 346 2114 40,
371 2074 447 2106 103.

145 2122 362 2162 superiores,
384 2120 562 2162 temporal.

146 2176 216 2198 non
235 2176 285 2206 rc,
307 2165 368 2197 sed
391 2165 565 2197 vocabalo
594 2167 772 2197 errantia.

102 2212 175 2244 Cic.
203 2211 321 2250 meint,
349 2221 419 2242 was
446 2222 483 2242 er
508 2211 548 2242 (16
569 2216 637 2242 nat.
666 2209 771 2242 D.11.

101 2258 158 2298 20,
178 2257 217 2288 51
249 2256 436 2288 deutlicher
462 2256 665 2298 ausspricht,
697 2257 774 2287 dass

102 2304 164 2335 der
204 2302 385 2334 Ausdruck
429 2307 591 2334 erranles
634 2302 772 2341 stellae,

103 2349 298 2389 πλανῆται,
318 2358 434 2388 wegen
454 2347 513 2379 der
532 2347 776 2388 1168611ῃί15-

101 2394 279 2435 sigkeit
318 2393 410 2425 ihrer
450 2394 641 2433 Bewegung
685 2393 776 2425 nicht

105 2439 248 2480 passend
267 2439 414 2480 gewiihlt
431 2439 495 2470 sei.

151 2488 212 2527 qai
229 2487 374 2526 primus
391 2485 490 2524 vidit,
511 2484 672 2516 Bouhiers
690 2483 776 2516 Ver-

106 2528 290 2571 hesserung
308 2531 368 2562 der
387 2530 543 2562 hdschl'tl.
566 2529 690 2561 Lesart
715 2532 778 2572 qni

105 2576 244 2607 animus
273 2575 381 2617 vidit,
411 2576 464 2608 die
491 2575 592 2608 sehon
618 2585 660 2607 an
689 2575 773 2616 sich,

840 1345 922 1376 noch
952 1345 1046 1376 mehr
1064 1343 1145 1376 aber
1170 1354 1285 1385 wegen
1314 1342 1371 1374 des
1401 1341 1509 1383 gleich

840 1390 965 1422 darauf
997 1390 1173 1431 folgenden
1212 1392 1373 1420 animum
1407 1397 1508 1419 sunm

839 1436 1067 1477 unertriiglieh
1088 1436 1132 1467 ist
1158 1435 1224 1466 und
1246 1435 1313 1466 sich
1335 1434 1437 1465 durch
1458 1432 1511 1463 die

841 1482 946 1514 stelle
966 1482 1005 1513 de
1022 1481 1076 1513 off.
1098 1481 1123 1512 I.
1141 1481 1197 1521 23,
1211 1481 1253 1512 So
1274 1480 1411 1521 (Fortis
1430 1488 1511 1509 vero

839 1539 859 1559 a
871 1530 980 1559 nimi
996 1531 1033 1558 et
1046 1529 1247 1558 constantis
1263 1529 1329 1563 est,
1347 1534 1413 1556 non
1428 1533 1513 1565 per-

842 1574 989 1604 turbari
1016 1575 1051 1603 ίη,
1078 1573 1182 1603 rebus
1208 1573 1344 1613 asperis
1370 1580 1433 1600 nec
1460 1572 1515 1600 tu-

840 1619 1077 1649 multuantem
1108 1617 1149 1648 (le
1173 1616 1293 1659 gradu
1321 1616 1443 1654 deiici,
1473 1617 1516 1645 ut

843 1664 991 1703 dicitnr,
1012 1663 1074 1694 sed
1093 1673 1118 1703 p
1131 1673 1179 1694 ra
1193 1673 1232 1693 es
1245 1673 1290 1693 en
1304 1664 1342 1693 ti
1365 1671 1415 1692 au
1431 1663 1513 1691 imo

842 1711 899 1741 nti
915 1712 951 1740 et
968 1708 1132 1749 consilio)
1152 1708 1243 1739 nicht
1262 1707 1393 1738 stiitzen
1416 1706 1513 1744 lasst,

843 1755 883 1785 da
926 1755 1000 1785 hier
1041 1756 1156 1785 animi
1181 1753 1262 1783 und·
1281 1756 1399 1784 animo
1432 1750 1515 1781 weit

841 1804 998 1841 getrennt
1032 1799 1104 1829 sind
1119 1823 1127 1838 ,
1167 1808 1340 1839 praesens
1373 1799 1514 1828 animus

842 1845 1023 1886 gleichsam
1053 1855 1069 1876 e
1084 1845 1122 1875 in
1143 1843 1271 1884 Begriss'
1292 1843 1347 1882 ist,
1369 1842 1453 1874 auch
1474 1852 1514 1872 zu

843 1892 915 1923 dem
935 1890 1030 1921 Infin.
1061 1890 1151 1921 nicht
1179 1892 1348 1928 animum,
1370 1888 1514 1919 sondern

843 1937 995 1978 aliquem
1020 1936 1070 1967 als
1089 1935 1229 1976 Subject
1248 1946 1289 1966 zu
1309 1933 1437 1965 denken
1457 1933 1512 1963 ist.

843 1981 907 2013 Ein
921 1984 1066 2023 primus
1085 1981 1163 2022 (wie
1192 1981 1233 2011 im
1252 1979 1387 2019 Anfang
1405 1979 1464 2010 des
1482 1978 1515 2019 ἓ)

844 2027 1013 2059 erfordert
1030 2027 1114 2058 aher
1133 2027 1192 2057 der
1211 2026 1303 2065 Sinu,
1324 2025 1401 2056 weil
1425 2029 1516 2056 soust

844 2078 928 2105 statt
945 2073 1004 2104 der
1022 2071 1179 2104 Perfecta
1203 2071 1379 2102 Priisentia
1398 2070 1516 2102 stehen

843 2119 1005 2151 miissten.
1022 2117 1100 2150 Wie
1114 2117 1215 2149 leicht
1234 2117 1356 2148 konnte
1376 2116 1445 2147 dies
1464 2115 1516 2146 bei

845 2165 905 2196 der
923 2163 1015 2196 N'ahe
1041 2174 1104 2195 von
1135 2165 1289 2194 animum
1322 2163 1352 2193 in
1378 2163 1517 2193 animus

844 2209 1084 2242 verschriebeu
1102 2208 1259 2240 werden!

891 2256 1015 2287 docuit
1049 2255 1143 2295 „hat
1177 2253 1299 2295 (durch
1335 2252 1387 2284 die
1413 2251 1517 2292 That)

845 2301 1057 2333 bewiesen“.

891 2346 946 2378 63.
975 2356 1082 2388 qaum
1110 2345 1173 2377 wie
1199 2345 1232 2376 in
1259 2343 1333 2376 Cat.
1354 2342 1377 2375 I.
1400 2343 1431 2383 8,
1454 2343 1515 2373 21:

846 2402 954 2434 quum
988 2394 1194 2434 quiescant,
1226 2391 1390 2432 probant
1427 2393 1515 2426 etc.;

845 2448 876 2479 p.
899 2437 1012 2470 Deiot.
1035 2437 1088 2478 13,
1109 2436 1170 2468 36:
1199 2438 1319 2468 omnia
1339 2434 1514 2472 tribuisti,

846 2494 952 2525 quum
973 2493 1097 2515 nomen
1118 2485 1256 2523 regiam
1278 2480 1495 2512 concessisti.

891 2531 929 2559 in
970 2530 1159 2571 sphaeram
1204 2527 1367 2567 illigavit
1381 2537 1391 2556 .·
1443 2533 1518 2564 „er

846 2574 983 2606 brachte
1009 2575 1055 2605 sie
1083 2584 1123 2606 an
1143 2573 1237 2604 einer
1255 2568 1517 2609 Himmelskugel
