1684 2819
117 445 156 477 41

184 157 264 197 230
662 153 826 186 LIBER
844 154 884 186 v.

907 156 960 196 14,
981 156 1037 187 41.
1057 155 1114 188 42.

185 269 401 310 habendum
426 269 465 308 in
487 281 533 307 eo
556 281 717 319 genere,
742 282 818 321 quo
840 268 923 308 vita
944 268 1056 308 beata
1079 267 1336 321 compleatur,
1362 267 1394 307 si
1412 266 1449 306 id
1468 265 1591 320 possit

182 326 335 366 amitti?
364 324 471 365 Nihil
495 324 597 363 enim
621 325 932 373 interarescere‚
961 324 1057 364 nihil
1080 324 1306 377 exstingui,
1332 323 1428 363 nihil
1450 322 1590 362 cadere

182 381 297 421 debet
319 394 453 420 eorum
471 409 481 428 ,
514 380 554 419 in
577 379 715 433 quibus
739 380 819 420 vita
841 379 953 420 beata
975 381 1169 420 consistit.
1213 380 1313 420 Nam
1336 377 1400 432 qui
1424 378 1588 428 timebit,

182 452 231 478 ne
264 436 354 490 quid
387 450 439 476 ex
470 435 518 476 iis
549 436 755 489 deperdat,
794 435 930 476 beatus
962 448 1050 476 esse
1082 450 1159 476 non
1189 436 1346 489 poterit.
1396 435 1591 476 Volumus

183 494 301 542 enim,
317 505 421 542 eum,
438 492 502 545 qui
519 492 657 533 beatus
675 493 743 542 sit,
763 500 890 533 tutum
908 505 1011 542 esse,
1029 492 1390 546 inexpugnabilem,
1415 499 1590 546 saeptum

183 556 301 602 atque
324 549 528 599 munitum,
554 563 632 589 non
655 556 697 589 ut
718 563 839 603 parvo
863 555 969 588 metu
991 548 1188 602 praeditus
1211 548 1276 598 sit,
1311 549 1379 588 sed
1404 555 1443 589 ut
1466 548 1589 588 nullo.

185 606 235 647 Ut
263 606 364 646 enim
393 606 584 647 innocens
615 606 648 646 is
680 605 845 654 dicitur,
878 620 956 646 non
986 604 1050 658 qui
1081 605 1224 644 leviter
1253 611 1392 653 nocet,
1426 605 1493 645 sed
1527 605 1592 658 qui

183 662 283 703 nihil
305 669 434 711 nocet,
461 663 517 703 sic
540 663 627 702 sine
649 669 756 703 metu
777 663 811 703 is
835 662 1035 702 habendus
1059 667 1132 710 est,
1159 674 1238 700 non
1261 660 1324 713 qui
1348 674 1469 714 parvo
1487 668 1592 700 metu

183 726 259 769 est,
284 719 353 759 sed
375 719 437 772 qui
460 719 619 759 omnino
642 727 747 760 metu
769 726 898 759 vacat.
935 718 1043 769 Quae
1074 725 1132 758 cst
1163 717 1266 757 enim
1289 717 1365 757 alia
1387 716 1588 764 fortitudo,

181 775 259 816 nisi
281 775 402 815 animi
425 775 578 816 affectio
613 790 728 828 quum
759 776 799 815 in
830 775 1008 816 adeundo
1038 774 1213 830 periculo
1246 781 1283 813 et
1314 774 1354 813 in
1387 773 1518 813 labore
1550 787 1594 813 ac

118 840 161 872 42
184 832 320 872 dolore
352 832 528 885 patiens,
563 839 643 872 tum
673 832 806 886 procul
839 833 886 872 ab
909 832 1013 872 omni
1036 832 1173 871 metu?
1204 830 1330 883 Atque
1361 830 1457 870 haec
1489 836 1593 870 certe

183 903 262 929 non
284 888 338 929 ita
359 902 401 929 se
425 888 639 939 haberent,
674 889 750 929 nisi
777 903 892 929 omne
923 889 1067 928 bonum
1098 888 1138 926 in
1171 901 1247 926 una
1272 887 1477 926 honestate
1501 900 1594 926 con-

184 945 360 985 sisteret.
402 944 475 995 Qui
504 953 635 985 autem
665 945 772 984 illam
795 946 966 985 maxime
991 951 1161 997 optatam
1184 951 1221 982 et
1245 942 1457 996 expetitam
1481 955 1594 983 secu-

181 1001 339 1041 ritatem
358 1001 629 1052 (securitatem
647 1009 776 1041 autem
794 1016 896 1041 nunc
907 1001 1056 1054 appello
1068 999 1308 1040 vacuitatem
1319 999 1591 1052 aegritudinis,

182 1057 223 1097 in
246 1071 323 1109 qua
344 1057 426 1097 vita
447 1057 562 1097 beata
584 1058 710 1111 posita
732 1062 811 1108 est)
834 1058 980 1098 habere
1009 1056 1211 1109 quisquam
1246 1062 1398 1109 potest,
1435 1055 1497 1095 cui
1529 1063 1594 1094 aut

184 1113 287 1153 adsit
309 1121 377 1154 aut
397 1114 535 1154 adesse
558 1115 684 1167 possit
704 1114 910 1154 multitudo
934 1114 1155 1153 malorum?
1188 1112 1258 1163 Qui
1291 1119 1421 1152 autem
1451 1112 1595 1165 poterit

185 1183 274 1210 esse
303 1171 432 1210 celsus
465 1177 503 1211 et
533 1177 688 1212 erectus
721 1178 760 1211 et
790 1184 858 1221 ea,
894 1184 993 1224 quae
1025 1169 1173 1209 homini
1203 1169 1381 1209 accidere
1412 1174 1592 1222 possunt,

184 1226 314 1266 omnia
351 1240 474 1280 parva
504 1227 677 1276 ducens,
717 1227 869 1280 qualem
902 1227 1119 1280 sapientem
1152 1239 1239 1266 esse
1269 1226 1476 1273 volumus,
1519 1224 1595 1264 nisi

184 1282 316 1322 onmia
345 1282 419 1323 sibi
451 1283 491 1322 in
521 1295 563 1322 se
595 1284 721 1336 posita
753 1284 954 1324 censebit?
984 1283 1045 1322 An
1067 1282 1394 1329 Lacedaemonii,
1422 1280 1595 1334 Philippo

184 1338 390 1379 minitante
409 1353 479 1393 per
492 1339 661 1388 litteras,
677 1354 718 1380 se
737 1340 884 1390 omnia,
900 1353 1000 1393 quae
1019 1347 1272 1387 conarentur,
1290 1337 1592 1392 prohibiturum,

184 1395 492 1447 quaesiverunt,
524 1410 615 1435 num
647 1409 688 1436 se
722 1405 828 1437 esset
861 1398 975 1436 etiam
999 1396 1097 1435 mori
1121 1395 1415 1448 prohibiturus3
1450 1393 1513 1433 vir
1543 1395 1591 1442 is,

227 1509 425 1542 habendum
462 1511 497 1540 ἰη
527 1520 563 1541 00
588 1519 741 1552 genere:
775 1520 854 1549 „zu
924 1509 1054 1540 haben:
1099 1511 1163 1550 qm·
1198 1517 1314 1549 parva
1355 1509 1497 1538 metuit.
1551 1505 1594 1537 So

181 1556 244 1587 den
262 1555 393 1596 Diogen
413 1555 609 1596 derjenigen
621 1555 683 1587 Art
701 1566 742 1586 zu
761 1555 854 1587 rech-
924 1554 1071 1586 sclilecht
1109 1554 1165 1584 liat
1193 1553 1264 1584 sich
1292 1552 1409 1584 Cicero
1435 1552 1517 1584 aber
1541 1562 1597 1593 ge-

182 1611 245 1633 nen
263 1619 308 1623 —
324 1602 362 1631 “.
923 1600 1004 1631 wiss
1026 1599 1119 1631 nicht
1145 1597 1392 1639 ausgedriickt3
1422 1598 1508 1630 denn
1527 1607 1597 1629 wer

195 1642 198 1644 ’
227 1646 462 1687 compleatur,
493 1644 647 1677 liiihners
671 1646 856 1688 Conjectur
923 1645 1063 1685 wenig
1096 1644 1222 1676 Fut-elit
1257 1644 1315 1675 hat
1347 1643 1427 1684 (und
1462 1643 1520 1675 das
1555 1643 1597 1674 ist

183 1691 237 1723 fiir
263 1691 317 1723 (lie
344 1691 466 1722 Lesart
492 1691 550 1722 der
571 1691 731 1723 Hdsehr.:
763 1702 854 1723 eom·
926 1690 1112 1730 unliiugbar
1129 1690 1188 1721 der
1201 1688 1313 1731 Sinn),
1329 1688 1487 1720 derwird
1506 1688 1597 1720 nicht

179 1738 367 1779 plectitur.
388 1735 464 1777 vgt.
489 1738 541 1776 16,
562 1738 625 1768 47:
657 1738 720 1769 sed
737 1739 790 1769 his
810 1739 856 1769 vi-
920 1746 1036 1778 parva
1052 1761 1061 1776 ,
1114 1735 1258 1766 sondern
1299 1734 1465 1765 vielmehr
1504 1733 1595 1765 bloss

183 1786 256 1814 tam
279 1783 417 1813 beatam
439 1783 766 1824 complera’negant.
924 1791 1056 1823 magna
1099 1780 1266 1812 siirchten.
1325 1779 1438 1811 Daher
1475 1789 1595 1811 unsere

227 1827 285 1858 41.
306 1831 415 1868 atque
433 1831 608 1858 munitum
630 1829 673 1859 ist
694 1828 782 1859 nicht
800 1828 854 1859 ein

181 1871 569 1912 selbststiindigesGlied
582 1872 766 1912 ‹lerReihe‚
779 1883 855 1904 son-

183 1918 264 1949 dern
284 1917 445 1949 schliesst
461 1917 530 1948 sich
551 1928 612 1948 nui·
630 1928 670 1949 an
690 1922 852 1959 saeptum

183 1972 245 2003 an3
277 1963 381 1994 daher
407 1962 459 1993 die
489 1962 714 2003 Conjunction
743 1963 852 1994 dabei.

185 2007 229 2039 So
254 2007 350 2039 Lael.
381 2008 412 2045 3,
436 2007 497 2038 12:
535 2019 553 2038 α
578 2010 748 2050 patribus
776 2019 856 2040 eon-

182 2055 340 2095 scriptt's,
358 2053 492 2095 populo
507 2052 676 2091 Romano,
698 2056 803 2085 sociis
824 2057 857 2085 ot

183 2098 348 2138 Latim's,·
383 2097 481 2130 Orat.
512 2098 565 2138 11,
594 2100 659 2130 3ss:
692 2099 853 2140 horrida,

183 2144 332 2183 inculla,
345 2143 469 2175 obdita
485 2147 519 2174 et
531 2154 658 2185 opaca,
673 2145 737 2175 und
754 2144 853 2175 oster.

184 2188 292 2220 Einen
308 2189 433 2220 andern
448 2187 522 2220 Fall
538 2199 601 2220 von
617 2194 654 2221 et
669 2189 755 2221 beinl
774 2190 857 2221 letz-

185 2238 239 2265 ten
260 2233 285 2264 G
293 2234 378 2265 liede
405 2245 433 2265 s.
455 2245 496 2265 zu
516 2233 571 2266 lv
594 2235 610 2265 7
650 2235 702 2265 16.

232 2282 328 2310 metu
357 2280 559 2320 prae'delus.
618 2280 781 2312 Aehnlich
823 2291 855 2322 p.

185 2322 308 2354 Flacco
328 2324 360 2363 3,
377 2326 396 2355 o
415 2325 570 2363 levitate,
593 2336 627 2367 (ἑ,
621 2329 759 2365 (state,
778 2335 859 2366 per-

175 2368 287 2408 fidia,
318 2369 492 2401 audacia,-
529 2369 567 2400 de
594 2370 660 2402 inv.
693 2351 793 2411 1.4'7‚
815 2371 856 2403 88

143 2422 162 2435 'v
185 2415 274 2445 vi'tzo
299 2414 436 2455 grandz
455 2415 667 2456 pt·a‹[le';le1s
701 2417 858 2455 geuiihn-

186 2459 293 2491 licher
311 2459 443 2490 l'reilicli
463 2470 526 2490 von
545 2465 645 2499 guten
667 2460 808 2502 Diogen.

232 2506 306 2535 sine
332 2508 439 2544 melu,
469 2505 711 2546 adjectivisch,
739 2507 801 2539 wie
830 2507 853 2539 l.

187 2548 244 2589 22,
264 2549 303 2579 51
325 2551 399 2580 sine
419 2560 577 2591 corpore.

234 2596 295 2635 qm*
316 2604 428 2635 parvo
455 2598 550 2626 metu
578 2599 641 2627 est.
680 2595 740 2628 Die
759 2598 855 2628 codd.

925 1827 1140 1867 Aenderung.
1179 1826 1263 1863 (Ans
1290 1828 1385 1856 metu
1412 1828 1446 1856 st
1473 1824 1596 1856 konnte

926 1872 1004 1903 seht·
1031 1872 1132 1903 leicht
1162 1873 1293 1902 metuit
1318 1870 1526 1912 entstehen.)
1554 1887 1597 1892 —

926 1917 989 1948 Die
1017 1917 1123 1948 {iltere
1150 1916 1346 1957 Coiijectur,
1378 1918 1439 1956 qui
1464 1925 1593 1957 parum

926 1965 1067 2000 metuit,
1098 1962 1141 1992 ist
1166 1961 1225 1992 mit
1253 1960 1390 1992 Ciceros
1409 1960 1597 2002 Spracbge-

926 2007 1051 2039 brauch
1086 2006 1325 2038 unvereinbar.
1369 2005 1410 2037 da
1444 2005 1496 2037 bei
1531 2006 1595 2037 ihm

922 2062 1052 2094 parum
1081 2056 1166 2083 stcts
1183 2067 1227 2077 ---
1247 2061 1315 2082 non
1333 2053 1434 2082 satis.

969 2097 1114 2140 procul,
1150 2097 1223 2128 hier
1250 2097 1291 2128 im
1321 2095 1423 2128 Sinne
1450 2096 1507 2128 des
1532 2096 1598 2128 Ad-

923 2144 1049 2185 jectivs
1076 2143 1164 2174 liber
1184 2161 1229 2164 —
1254 2147 1358 2174 etwas
1385 2142 1473 2173 hart.

972 2189 1028 2219 42.
1049 2189 1117 2219 sibe·
1133 2198 1194 2219 vor
1213 2190 1246 2218 1'11
1266 2198 1302 2218 se
1315 2190 1438 2230 posita
1457 2188 1500 2219 ist
1520 2187 1595 2218 kein

926 2233 1159 2268 pleonasmus,
1176 2233 1319 2265 sondern
1340 2244 1400 2265 zur
1410 2232 1599 2264 Besclir‘an-

927 2280 1016 2319 kung
1050 2279 1106 2310 des
1140 2281 1260 2310 omnia
1287 2278 1356 2319 (=
1373 2280 1491 2310 omnia
1516 2280 1596 2314 sua)

928 2324 1154 2365 notliwendig.

975 2373 1026 2401 An
1044 2370 1318 2401 Lacedaemonii
1329 2381 1394 2406 —‚·
1414 2371 1468 2399 vir
1484 2370 1513 2399 z's
1528 2386 1572 2390 —
1583 2375 1598 2397 ’κ

929 2415 1106 2447 Conclusio
1154 2426 1172 2446 a
1213 2416 1340 2446 minore
1390 2414 1430 2444 ml
1474 2413 1595 2445 maius.

928 2460 1060 2492 Ebenso
1089 2461 1148 2492 init
1176 2470 1244 2492 an:
1273 2459 1328 2497 32,
1349 2459 1414 2498 903
1442 2469 1473 2500 p.
1495 2459 1595 2490 Arch.

930 2507 984 2546 12,
1003 2508 1058 2537 30.
1078 2505 1154 2546 vgl.
1177 2505 1218 2537 ll.
1238 2506 1290 2543 17,
1311 2505 1352 2535 39
1372 2514 1413 2535 zu
1427 2504 1537 2546 Ergo.
1555 2522 1596 2527 -—

927 2551 988 2582 Die
1006 2551 1180 2582 Anekdote
1199 2550 1303 2582 selbst
1322 2549 1403 2580 wird
1430 2550 1512 2581 auch
1541 2559 1598 2581 an-

928 2596 1104 2637 ‹lerwiirts‚
1131 2596 1212 2628 doch
1237 2601 1343 2628 etwas
1362 2595 1595 2634 verschieden,
