1684 2819
4 2493 7 2543 ἒ

4 2546 7 2595 J

595 146 884 188 LIBER111.6‚
908 147 1033 178 12.13.
1443 146 1512 184 121

112 275 355 303 communem
390 261 535 301 cultum
567 269 685 314 atque
719 262 924 311 usitatum,
958 262 1133 302 furorem
1165 268 1294 301 autem
1326 274 1414 301 esse
1443 261 1520 301 rati

111 326 203 360 sunt
233 318 373 358 mentis
404 318 451 357 ad
481 318 610 358 omnia
635 318 879 359 eaecitatem.
922 318 1032 370 Quod
1062 332 1178 371 quum
1200 318 1326 358 maius
1349 331 1438 358 esse
1459 317 1519 357 vi-

112 377 249 416 deatur
277 389 394 428 quam
416 375 592 424 insania,
625 382 757 415 tamen
780 375 972 416 eiusmodi
995 382 1079 424 est,
1104 381 1146 415 ut
1170 376 1280 415 furor
1299 374 1340 414 in
1363 374 1520 428 sapien-

110 431 350 472 tem‘cadere
381 430 526 484 possit,
561 446 639 472 non
663 432 787 486 possit
808 432 977 473 insania.
1025 432 1098 472 Sed
1122 432 1218 472 haee
1240 430 1316 471 alia
1339 430 1517 484 quaestio

112 495 196 538 est,
222 501 293 528 nos
316 488 363 527 ad
386 488 629 541 propositum
651 495 916 529 revertamur.

225 544 399 593 Cadere,
444 545 606 597 opinor,
648 546 690 584 in
722 546 936 599 sapientem
966 544 1251 598 aegritudinem
1286 543 1353 583 tibi
1383 542 1519 584 dixisti

108 601 250 641 videri.
285 601 346 642 Α.
368 601 419 640 Et
434 614 531 641 vero
549 602 601 642 ita
617 602 819 642 existimo.
854 601 916 643 M.
938 601 1158 640 Humanum
1175 601 1213 640 id
1232 600 1401 653 quidem,
1421 600 1520 654 quod

109 658 163 698 ita
185 658 406 698 existimas.
448 657 536 697 Non
559 659 662 698 enim
684 658 796 698 silice
818 657 898 697 nati
922 671 1072 705 sumus,
1098 657 1166 697 sed
1189 664 1252 696 est
1274 664 1415 696 natura
1438 658 1520 697 fere

109 714 149 754 in
184 714 325 754 animis
365 721 543 753 tenerum
577 714 753 767 quiddam
788 720 905 767 atque
935 713 1077 762 molle,
1123 714 1224 766 quod
1257 713 1516 766 aegritudine,

110 771 220 824 quasi
244 777 497 824 tempestate,
533 770 747 823 quatiatur.
792 770 875 811 Nee
898 769 1065 810 absurde
1088 769 1259 809 Crantor
1279 769 1368 816 ille,
1395 770 1458 822 qui
1480 770 1520 810 in

109 834 243 867 nostra
265 826 472 867 Academia
503 827 567 867 vel
599 827 639 866 in
671 827 805 881 primis
836 827 907 868 fuit
928 826 1093 867 nobilis:
1131 826 1344 875 „Minime,
1377 826 1516 878 inquit,

109 883 308 924 assentior
330 883 376 923 iis
393 914 403 933 ,
439 884 503 935 qui
526 883 640 924 istam
665 884 799 925 nescio
823 898 937 937 quam
960 882 1215 923 indolentiam
1237 896 1379 936 magno
1402 895 1520 935 opere

108 940 292 986 laudant,
337 952 435 992 quae
464 953 537 979 nee
568 947 697 994 potest
728 941 806 981 ulla
837 953 925 981 esse
957 954 1029 981 nee
1061 940 1189 980 debet.
1242 939 1302 979 Ne
1332 945 1519 992 aegrotus

111 996 208 1046 sim,
249 997 334 1045 sin,
368 996 491 1049 inquit
509 1027 518 1045 ,
555 997 619 1050 qui
643 998 794 1047 fuerat,
829 1011 970 1038 sensus
993 997 1115 1045 adsit,
1143 997 1228 1037 sive
1251 1003 1408 1037 secetur
1431 996 1520 1048 quid

109 1053 193 1094 sive
225 1054 419 1093 avellat-ur
457 1068 479 1092 a
511 1067 690 1107 corpore.
753 1054 852 1094 Nam
891 1054 993 1094 istuc
1022 1053 1120 1093 nihil
1160 1053 1293 1093 dolere
1325 1066 1405 1092 non
1436 1053 1521 1092 sine

109 1123 251 1163 magna
284 1110 466 1150 mercede
498 1111 690 1164 contingit
720 1111 976 1151 immanitatis
1007 1110 1047 1150 in
1078 1109 1232 1159 animo,
1276 1109 1450 1163 stuporis
1481 1109 1521 1148 in

1568 608 1585 638 [Q

109 1172 329 1220 corpore.“
349 1192 403 1195 —
421 1166 494 1206 Sed
513 1165 732 1218 videamus,
757 1182 806 1208 ne
830 1167 925 1208 haee
943 1167 1069 1207 oratio
1093 1166 1145 1206 sit
1166 1166 1365 1207 hominum
1385 1178 1522 1206 assen-
1547 1172 1585 1203 13

154 1320 279 1348 meniis
314 1318 361 1348 ad
397 1320 514 1349 omnia
550 1321 780 1359 caecantem,-
896 1329 963 1357 sm,
985 1320 1118 1358 inquii,
1140 1316 1297 1358 qu1sne7
1300 1319 1341 1347 at
1357 1320 1421 1346 ete.
1460 1314 1527 1346 Der

105 2157 216 2200 Apoll.
238 2168 267 2189 c.

107 1362 169 1394 wie
184 1361 238 1394 IV.
261 1363 314 1401 10,
329 1363 369 1394 23
385 1374 390 1393 :
413 1363 461 1394 acl
475 1367 590 1395 certas
606 1374 659 1395 res
675 1366 782 1407 offen-

107 1410 260 1445 sionem;
282 1407 361 1440 Ter.
378 1408 481 1440 Andr.
503 1409 543 1440 ΙΙ.
565 1409 597 1450 3,
617 1410 635 1441 4
652 1421 658 1440 :
674 1414 777 1441 ‘fuum

107 1456 266 1485 animum
284 1454 332 1485 ad
349 1457 509 1496 nuptias.

154 1509 222 1531 non
246 1502 383 1541 possit,
423 1500 545 1540 „nicht
574 1500 655 1532 aber
679 1501 778 1541 -“;

108 1555 135 1576 S.
158 1544 184 1576 l.
206 1545 261 1584 45,
286 1545 348 1577 116
367 1556 408 1576 zu
427 1556 494 1576 non
516 1546 647 1587 defait.
689 1582 693 1586 ¹

155 1598 194 1636 6.
232 1601 284 1632 12.
335 1603 537 1633 Humanum
572 1602 609 1633 id
641 1603 779 1643 quidem

109 1652 172 1678 etc.
195 1646 291 1678 Lael.
308 1647 360 1687 13,
375 1646 435 1678 482
462 1646 552 1688 Quid
564 1649 653 1678 enim
672 1650 781 1679 inter-

109 1696 170 1730 est,
194 1696 291 1723 moin
310 1694 422 1723 animi
437 1692 590 1731 sublato,
612 1703 679 1724 non
702 1692 779 1723 dico

108 1740 203 1768 intel·
226 1738 395 1778 pecudem
425 1741 460 1768 et
487 1738 682 1778 hominem,
719 1738 782 1769 secl

109 1785 202 1814 inter·
235 1783 407 1814 hominem
451 1786 486 1814 et
518 1786 681 1814 truncam
715 1787 784 1815 aeli

108 1838 235 1859 saoeum
249 1834 265 1858 ζ’

152 1873 251 1905 silice
269 1874 358 1912 nati,
380 1871 587 1925 Anspielung
605 1873 667 1904 auf
682 1873 778 1905 Hom.

108 1918 172 1951 Od.
192 1917 287 1950 XIX.
308 1918 387 1949 163;
417 1915 457 1949 οὐ
480 1914 563 1972 μ’ξρ
578 1914 652 1949 ἀπὸ
671 1915 781 1963 δοιός

105 1962 183 1996 ἒσσι
200 1960 440 2006 πα)τιι([ιὶτοι
452 1960 526 1995 οὐδ’
544 1960 618 1996 ἀπὸ
631 1975 675 1997 76
673 1965 777 2009 ’τρης.

106 2008 351 2051 Vgl.11.XV.1
374 2010 461 2041 33—
468 2010 522 2042 35.

154 2067 329 2107 Crantor,
360 2077 386 2098 s.
409 2078 451 2098 zu
470 2066 495 2098 1
516 2067 572 2107 4S,
591 2067 667 2098 115.
710 2066 779 2098 Das

107 2111 325 2144 Griechische
353 2112 444 2153 giebt
469 2112 558 2144 Plut.
578 2112 713 2144 consol.
737 2112 779 2143 ad

286 2158 316 2190 3.
337 2169 368 2200 p.
386 2158 451 2189 408
472 2158 522 2190 ed.
537 2158 647 2201 VVytL

151 2216 266 2246 neseio
295 2225 422 2255 qnam,
459 2215 688 2255 vei-achtlicll,
716 2225 779 2246 von

106 2259 201 2297 Dem,
223 2270 340 2291 wovon
359 2270 434 2291 man
453 2260 550 2292 keine
571 2260 693 2292 niihere
715 2259 780 2292 No-

105 2305 153 2336 tiz
173 2305 310 2336 nehmen
329 2306 412 2337 will.
641 2340 644 2342 v

152 2351 367 2391 indolentia,
413 2352 495 2382 nach
524 2350 609 2382 Non.
641 2350 682 2383 ΙΙ.
713 2352 778 2383 453

105 2406 168 2426 von
187 2395 305 2428 Cicero
326 2407 389 2428 neu
408 2397 575 2437 gebildet,
597 2396 651 2428 fiir
668 2394 780 2429 ἀναλ-

106 2443 228 2482 ynam,
248 2442 362 2474 woher
379 2453 417 2474 er
435 2443 474 2474 de
493 2442 548 2474 fin.
571 2442 612 2474 ΙΙ.
633 2443 718 2483 4,11
742 2446 783 2474 ut

108 2488 158 2517 ita
178 2487 292 2519 dicam
311 2488 515 2520 hinzusetzt.

153 2542 205 2574 Ne
245 2548 413 2586 aegrotus
460 2547 525 2576 sim
558 2560 603 2571 =
639 2544 778 2578 Utinam

110 2597 300 2630 numquam
325 2593 496 2631 aegrotas
515 2592 594 2622 sim.

851 1362 931 1394 Sinn
951 1363 1011 1394 der
1029 1362 1133 1394 Stelle
1152 1362 1194 1393 ist
1212 1361 1306 1402 klar,
1334 1361 1386 1392 die
1406 1360 1527 1391 Lesart

851 1409 938 1440 aller
962 1408 1106 1440 Hdschr.
1135 1408 1216 1439 abet
1241 1406 1460 1448 corrumpiit:
1494 1407 1528 1435 si

849 1453 1404 1496 inqai't(znqmd)faeratsensus
1417 1451 1525 1482 adszssl

850 1499 1163 1541 WolfsConjectur:
1177 1500 1246 1538 sin,
1262 1501 1302 1538 is,
1313 1497 1468 1539 quisue]
1471 1500 1522 1535 ai,

851 1556 883 1576 u.
898 1545 1183 1577 Rauehensteius:
1207 1545 1356 1583 sinfiat,
1372 1543 1526 1583 quisue—

850 1595 922 1630 rat,
947 1590 1144 1622 erseheinen
1165 1600 1206 1620 zu
1225 1588 1442 1620 abweiehend
1459 1597 1524 1617 von

851 1634 1040 1676 denMscr.;
1062 1633 1249 1676 Tregders:
1272 1637 1325 1665 sin
1345 1633 1525 1675 qaidfue-

850 1683 901 1712 rit
920 1696 957 1706 =
977 1683 1011 1712 si
1027 1681 1115 1722 quid
1139 1680 1332 1717 acciderit,
1362 1689 1403 1709 zu
1430 1677 1525 1709 stark

851 1727 893 1758 im
915 1725 1105 1766 Gegensatz
1125 1737 1166 1757 zu
1183 1725 1236 1757 Ne
1254 1728 1424 1767 aegrotas
1443 1726 1521 1757 sim

851 1772 892 1803 da
921 1771 1032 1803 dieser
1059 1771 1124 1803 und
1151 1770 1307 1802 'ahnliehe
1326 1758 1523 1800 Ausdiiieke

850 1816 1111 1859 euphemistiseh
1130 1826 1205 1847 vom
1224 1814 1315 1847 Tode
1341 1814 1526 1856 gebraueht

849 1862 997 1894 werden.
1026 1861 1071 1894 W
1075 1871 1111 1893 as
1128 1872 1232 1893 unser
1250 1863 1370 1902 i'nqmt
1384 1858 1523 1898 betiifft,

848 1919 884 1939 so
906 1908 1009 1939 findet
1027 1907 1099 1940 dies
1118 1906 1220 1939 Wort
1239 1907 1309 1938 sich
1329 1906 1413 1937 auch
1433 1895 1525 1936 sonst

848 1953 1071 1994 wieder-holt,
1116 1952 1300 1985 besouders
1334 1962 1364 1982 u
1368 1961 1430 1982 eun
1467 1951 1526 1980 der

851 1998 1024 2039 Gedanke,
1043 1999 1107 2030 wie
1126 1999 1214 2035 hier,
1235 1999 1309 2030 eine
1327 1995 1526 2029 neuew'en-

849 2045 938 2085 dung
957 2045 1091 2085 nimmt3
1111 2044 1180 2086 vgl.
1200 2043 1240 2075 ΙΙ.
1260 2043 1311 2083 19,
1325 2043 1389 2074 44:
1410 2043 1521 2082 Ergo,

847 2092 981 2132 inquit,
1009 2090 1115 2122 dolor
1133 2101 1196 2129 —-,·
1227 2089 1266 2121 de
1290 2094 1358 2120 nat.
1380 2088 1419 2119 D.
1443 2086 1468 2118 Ι.
1491 2088 1522 2126 7,

851 2136 910 2177 173
936 2136 975 2167 de
995 2140 1081 2167 orat.
1104 2135 1201 2176 11.3‚
1223 2135 1261 2166 13
1281 2134 1347 2166 und
1368 2134 1422 2173 74,
1444 2132 1522 2163 293.

894 2181 1066 2213 mercede.
1093 2180 1167 2222 vgl.
1190 2191 1248 2222 pro
1268 2180 1362 2211 domo
1385 2179 1438 2218 11,
1460 2177 1523 2208 ⁶29:

847 2227 946 2258 Data
969 2237 1102 2258 merces
1128 2229 1181 2258 est
1205 2227 1340 2258 erroris
1365 2226 1435 2255 mei
1451 2233 1526 2254 ma-

846 2283 932 2314 gna.
945 2291 990 2295 —
1001 2271 1063 2303 Die
1076 2270 1189 2303 Genit.
1206 2272 1445 2303 immanitatis
1459 2268 1524 2299 und

847 2320 1008 2359 stuporis
1027 2322 1108 2349 statt
1127 2317 1186 2349 der
1202 2316 1421 2359 Apposition:
1455 2324 1524 2345 non

849 2366 922 2395 sine
941 2365 1165 2395 immanitate
1183 2367 1249 2395 etc.

895 2412 1024 2452 stupor·
1039 2423 1085 2434 =
1104 2405 1349 2448 ἀναισθησία,
1377 2403 1526 2446 Stumpf-

851 2454 933 2485 heit.
977 2453 1060 2485 Zuin
1089 2453 1199 2485 lnhalt
1225 2453 1292 2494 vgl.
1323 2452 1376 2483 die
1402 2450 1524 2482 schifiae

853 2499 958 2531 Stelle
977 2500 1016 2531 de
1036 2499 1130 2531 domo
1151 2500 1205 2539 36,
1226 2499 1282 2530 97.

900 2545 953 2577 13.
983 2545 1182 2585 videamus,
1215 2555 1256 2575 ne
1273 2562 1334 2583 —5
1368 2552 1396 2573 s.
1419 2540 1445 2572 Ι.
1467 2540 1522 2579 34,

853 2590 894 2622 83
914 2602 953 2622 zu
974 2591 1050 2622 vide
1068 2601 1108 2622 ne
1127 2608 1182 2621 —.
