1684 2819
626 159 704 193 LIB.
723 160 760 193 11.
797 160 890 194 CAP.
909 161 939 193 8.
959 162 988 193 9.

1431 159 1509 198 123

109 264 211 305 enim
233 268 292 302 est
312 274 388 301 una
408 274 471 300 res
492 274 670 313 prorsus,
693 268 735 302 ut
755 275 837 302 non
858 263 1022 302 multum
1045 262 1194 301 differat
1212 262 1312 300 inter
1333 272 1510 300 summos

109 327 146 360 et
172 319 386 359 mediocres
414 318 537 365 viros,
572 331 690 370 aeque
718 320 890 371 utrisque
923 318 1210 370 propemodum
1238 317 1510 368 comparanda.

109 377 267 415 Honore
287 380 323 414 et
345 375 464 425 gloria
482 380 518 413 et
532 375 793 414 benevolentia
811 376 948 415 civium
965 376 1129 414 sortasse
1144 386 1223 413 non
1241 386 1359 425 aeque
1376 384 1512 411 omnes
1542 379 1580 411 31

111 436 238 483 egent,
270 431 336 469 sed
363 436 509 478 tamen,
538 431 569 470 si
598 431 657 470 cui
685 433 779 471 haec
808 436 1036 483 suppetunt,
1068 431 1246 469 adiuvant
1274 429 1511 481 aliquantum

110 501 197 528 cum
219 488 265 527 ad
288 492 411 526 cetera
432 492 515 526 tum
537 487 581 526 ad
605 488 789 527 amicitias
812 487 1104 539 comparandas.

225 544 299 582 Sed
318 544 364 582 de
380 544 542 582 amicitia
560 544 631 582 alio
648 544 745 583 libro
763 544 907 583 dictum
923 549 991 591 est,
1009 543 1072 594 qui
1089 542 1310 581 inscribitur
1327 541 1513 588 ,LaeliuS.‘
1537 543 1563 580 9

111 600 223 639 Νο116
244 600 416 639 dicamus
439 600 485 638 de
507 600 674 651 gloria,
704 613 934 652 quamquam
957 612 999 638 ea
1021 611 1174 650 quoque
1196 598 1242 636 de
1263 611 1304 636 re
1325 598 1401 636 duo
1424 601 1516 635 sunt

111 656 235 695 nostri
256 656 358 701 libri,
381 656 447 694 sed
469 657 719 707 attingamus,
741 657 896 708 quando
919 656 1071 707 quidem
1094 668 1136 693 ea
1157 654 1195 693 in
1217 654 1332 693 rebus
1354 652 1514 692 maiori-

111 713 184 752 bus
207 712 520 752 administrandis
542 713 691 751 adiuvat
712 713 934 764 plurimum.
977 712 1137 750 Summa
1158 710 1272 761 igitur
1293 716 1330 749 et
1350 710 1517 761 perfecta

112 769 231 819 gloria
252 774 404 807 constat
425 781 469 806 ex
491 769 613 806 tribus
636 768 713 807 his:
753 769 785 806 si
807 768 926 818 diligit
945 767 1168 813 multitudo,
1199 766 1230 804 si
1251 767 1367 804 fidem
1387 765 1516 810 habet,

113 825 143 863 51
167 837 252 863 60111
283 823 537 862 admiratione
566 825 731 874 quadam
752 825 904 862 honore
925 823 1062 873 dignos
1091 828 1211 873 putat.
1254 822 1355 860 Haec
1376 826 1515 866 autem,

113 881 145 919 si
167 886 226 918 est
248 879 473 931 simpliciter
499 880 739 932 breviterque
761 880 985 925 dicendum,
1016 878 1155 929 quihus
1177 877 1292 916 rebus
1314 878 1517 928 pariuntur

113 948 133 975 a
154 935 330 986 singulis,
353 936 495 974 eisdem
520 937 597 975 fere
619 949 639 974 a
660 936 918 975 multitudine.
962 935 1036 973 Sed
1059 940 1117 973 est
1138 934 1233 973 alius
1257 945 1409 984 quoque
1431 932 1517 983 qui-

113 992 200 1031 dam
222 992 346 1030 aditus
368 992 413 1030 ad
431 992 725 1039 multitudinem,
749 998 788 1031 nt
810 993 849 1031 in
866 991 1134 1031 universorum
1153 990 1304 1028 animos
1322 995 1518 1039 tamquam

114 1048 272 1086 influere
293 1048 505 1099 possimus.
544 1049 596 1088 Ac
613 1049 781 1100 primum
806 1049 852 1087 de
874 1048 945 1086 illis
962 1047 1098 1093 tribus,
1120 1059 1214 1097 quae
1235 1050 1320 1084 ante
1342 1045 1427 1090 dixi,
1449 1044 1516 1082 be—

114 1105 349 1143 nevolentiae
369 1110 572 1155 praecepta
600 1106 817 1151 videamus,
848 1117 944 1155 quae
971 1103 1124 1154 quidem
1154 1102 1301 1152 capitur
1321 1100 1516 1139 beneficiis

115 1159 289 1205 maxime,
313 1161 487 1199 secundo
510 1167 635 1200 autem
652 1162 737 1200 1060
756 1162 950 1200 voluntate
966 1160 1136 1198 benefica
1152 1156 1414 1196 benevolentia
1431 1168 1518 1194 mo-

155 1281 258 1312 aeqzle
285 1273 437 1313 ‘utrisque
459 1283 558 1316 prop.
608 1273 666 1303 Die
691 1272 777 1303 Con-

113 1315 275 1347 struction
309 1316 353 1346 ist
391 1318 471 1348 haee
504 1320 588 1349 enim
623 1328 690 1349 una
724 1328 778 1349 res

110 1370 256 1404 prorsus
273 1362 499 1404 comparanda
516 1365 581 1404 est,
611 1366 643 1393 et
658 1372 781 1405 propo-

112 1405 249 1437 modum
271 1416 374 1447 aeque
398 1409 559 1449 tetrisque.
598 1407 657 1438 Die
682 1407 780 1438 Hdss.

113 1450 216 1481 haben
245 1461 348 1492 eaque
376 1452 526 1493 utrisque
555 1455 606 1483 est
624 1462 722 1496 prop.
748 1462 783 1493 6.,

114 1494 221 1525 wobei
244 1496 343 1526 561100
367 1496 418 1526 (116
436 1495 625 1537 Erkliirung
647 1497 706 1528 der
729 1507 782 1527 66-

115 1544 187 1570 sten
206 1539 252 1571 W
255 1545 327 1571 orte
351 1541 431 1571 haec
455 1544 504 1572 est
527 1552 593 1573 ema
616 1552 669 1573 res
684 1552 785 1585 pror-

115 1596 184 1624 sus,
194 1586 785 1626 0191055656111116615166116011106111.

114 1629 149 1660 ln
173 1630 232 1660 der
259 1630 383 1661 andern
413 1630 523 1662 H‘alfte
552 1631 706 1662 erkl'ziren
733 1632 783 1663 die

116 1674 239 1705 Lexica
277 1675 522 1718 propemodum
565 1676 624 1707 anf
655 1677 782 1716 gleiche

117 1718 250 1758 &Veisffi
281 1730 349 1751 was
369 1730 404 1750 es
428 1720 479 1751 nie
504 1721 666 1752 bedeuten
685 1721 782 1761 kann,

116 1764 249 1795 Andere
273 1764 410 1796 wollten
430 1775 465 1796 es
483 1765 542 1796 aus
562 1766 613 1796 6111
639 1766 669 1796 10
694 1776 783 1797 com-

113 1808 269 1852 paranda
286 1809 358 1841 dem
374 1809 472 1841 Sinne
491 1811 571 1841 nach
588 1811 785 1842 steckendes

115 1864 250 1885 necesse.
267 1854 424 1886 beziehen
451 1854 596 1894 (beinahe
615 1856 784 1886 nothwen-

116 1899 170 1939 dig
187 1909 228 1929 zu
247 1898 456 1939 bescliaffen),
476 1910 544 1931 was
557 1900 786 1940 grammatisch

118 1944 205 1974 nicht
233 1948 291 1984 gut
320 1944 461 1984 lnb'glich
500 1945 565 1975 und
589 1945 660 1975 dem
685 1944 785 1975 Sinne

117 1988 197 2019 uach
223 1988 324 2020 salsch
343 1989 402 2029 ist,
433 1989 517 2020 (1600
542 1990 592 2020 (116
611 1989 787 2022 Unerl'ass-

117 2033 231 2064 lickeit
255 2034 314 2064 der
336 2033 577 2066 Freundschast
601 2034 677 2065 dars
696 2035 787 2066 nieht

117 2078 217 2109 durch
241 2078 293 2109 ein
314 2079 558 2122 propemodum
587 2080 787 2111 beselir'ankt

118 2123 262 2154 werden.

163 2160 204 2198 9·
245 2167 285 2198 (le
313 2167 438 2209 gloria.
488 2168 531 2199 Es
563 2169 699 2208 beginnt
731 2169 789 2199 der

120 2212 238 2243 zweite
256 2212 432 2244 Abschnitt
451 2214 487 2252 (s,
503 2224 532 2243 z.
552 2213 581 2254 ξ.
599 2213 664 2253 21),
683 2214 789 2244 worin

118 2256 501 2289 auseinanderzusetzen
535 2258 594 2297 ist,
629 2259 704 2289 dass
738 2259 789 2289 die

119 2301 297 2333 Menschen
317 2302 400 2333 dann
419 2303 553 2343 geneigt
573 2303 660 2343 sind,
690 2314 792 2335 unser

121 2345 223 2378 Wohl
241 2357 281 2377 zu
299 2345 445 2387 ffirdern,
462 2358 557 2378 wenn
577 2348 623 2378 sie
642 2358 702 2379 uns
721 2348 790 2379 ihre

122 2391 410 2432 Hochachtung
433 2393 498 2423 und
516 2393 566 2424 ihr
584 2393 790 2425 Vertrau-

123 2446 166 2467 en
185 2436 361 2468 schenken.
398 2437 495 2469 Diese
514 2438 629 2469 beiden
648 2438 790 2478 Begriffe

123 2480 255 2511 werden
280 2481 351 2513 dem
376 2482 501 2523 Begriff
526 2482 644 2514 Ruhm
675 2488 790 2515 unter-

124 2525 293 2565 geordnet,
311 2527 370 2558 der
381 2537 440 2559 aus
451 2527 677 2559 VVohlwollen
695 2527 788 2569 §.32

124 2569 311 2602 Vertrauen
329 2571 472 2613 33—35,
496 2573 730 2614 Hochachtung
747 2573 789 2605 36

850 1270 937 1301 —38
954 1271 1095 1302 besteht.
1131 1269 1239 1301 [161161-
1256 1269 1313 1299 das
1331 1267 1520 1299 1110111001-

852 1316 920 1355 160,
946 1315 1101 1346 woriiber
1126 1314 1208 1345 oben
1228 1314 1327 1345 sehon
1346 1314 1387 1344 1111
1404 1312 1520 1352 Allgeu

852 1362 980 1392 lneinen
995 1360 1194 1401 gesprochen
1210 1359 1264 1396 ist,
1284 1362 1406 1389 musste
1421 1358 1523 1388 daher

853 1406 925 1437 hier
942 1405 1107 1436 nochmals
1122 1404 1162 1434 im
1179 1404 1385 1434 Besonderen
1400 1403 1522 1442 gehan-

855 1451 924 1482 delt
942 1450 1086 1481 werden.
1124 1448 1198 1480 Alle
1227 1448 1297 1479 (1661
1320 1447 1435 1478 Τ116116
1465 1448 1522 1478 (165

855 1495 977 1526 Ruhms
1002 1494 1138 1525 erwirbt
1156 1502 1226 1524 inan
1247 1493 1313 1523 51611
1335 1493 1437 1523 durch
1457 1490 1522 1523 Ge·-

858 1539 1056 1579 rechtigkeit
1075 1538 1106 1580 ξ.
1126 1538 1269 1569 38-45.
1314 1536 1441 1568 Darauf
1460 1536 1523 1567 fol-

858 1595 919 1625 gen
936 1582 1278 1615 Einzelvoischril'ten
1296 1582 1379 1613 iiber
1396 1582 1448 1612 die
1463 1582 1525 1613 Er-

858 1630 1018 1669 werbung
1042 1630 1099 1660 (165
1123 1628 1244 1659 Rulnns
1269 1628 1369 1658 durch
1388 1625 1525 1666 Iit-legs-

858 1676 969 1706 thaten
996 1674 1028 1715 §.
1043 1673 1101 1713 45,
1132 1673 1191 1703 (len
1217 1671 1364 1712 Ulngang
1386 1671 1444 1702 mit
1467 1671 1523 1702 be-

858 1720 1008 1750 riilnnten
1034 1718 1196 1749 Miinnern
1220 1716 1252 1758 ξ.
1272 1717 1371 1757 4615„
1402 1716 1525 1747 136660-

857 1764 995 1795 sainkeit
1011 1762 1042 1805 ξ.
1061 1762 1203 1794 43-51,

903 1809 967 1841 duo
978 1807 1267 1840 szmtnostrilibm'.
1283 1807 1382 1837 Diese
1392 1806 1528 1838 existir-

858 1859 913 1886 ten
932 1855 1012 1884 noch
1031 1864 1072 1884 zu
1090 1852 1265 1884 pen-arcas
1284 1851 1370 1882 Zeit.

901 1900 1087 1941 pariuntur
1099 1908 1120 1928 (ι
1132 1896 1287 1939 singulis,
1304 1896 1355 1927 bei
1374 1897 1435 1927 den
1451 1896 1528 1927 Ein-

860 1945 977 1975 zelnen
996 1943 1027 1984 ξ.
1049 1943 1100 1973 45.
1151 1941 1228 1973 Ter.
1247 1942 1330 1973 Eun.
1355 1940 1409 1982 Ill,
1441 1941 1477 1977 5,
1509 1941 1528 1972 9

860 1989 959 2021 adibo
994 1991 1093 2030 atque
1120 1988 1161 2019 ab
1184 1998 1221 2018 eo
1248 1989 1401 2029 gratiam
1434 1986 1529 2026 lianc,

862 2044 961 2076 (μιαηι
978 2033 1070 2065 vz'deo
1090 2033 1183 2072 66116,
1207 2033 1306 2063 inibo.
1341 2032 1400 2062 Die
1419 2031 1529 2062 Zwei-

861 2078 1060 2117 dentigkeit,
1091 2078 1141 2109 die
1166 2077 1196 2107 in
1221 2076 1344 2107 diesem
1368 2077 1408 2107 ab
1437 2076 1530 2116 negt,

861 2124 905 2155 ist
922 2123 1120 2154 namentlich
1139 2122 1190 2152 bei
1209 2123 1396 2164 affectari,
1423 2121 1529 2152 abdu—

862 2170 900 2208 ci,
920 2169 986 2199 emi
1000 2170 1040 2199 ab
1057 2167 1165 2208 aliquo
1185 2166 1305 2206 h'aufig.

906 2213 994 2244 alius
1023 2222 1150 2253 quoque
1174 2211 1308 2253 quidam
1330 2211 1444 2243 aditus
1474 2211 1530 2241 be-

864 2258 953 2289 zieht
982 2257 1049 2288 sich
1079 2256 1137 2288 aul'
1156 2257 1207 2287 (116
1237 2255 1269 2297 ξ.
1289 2256 1330 2287 45
1356 2255 1530 2296 folgenden

865 2302 1082 2345 specielleren
1101 2300 1341 2333 Vorschril'ten.

910 2346 963 2378 32.
995 2346 1238 2378 benevolentiae
1249 2348 1445 2389 praecepta,
1464 2346 1494 2377 d.
1509 2346 1530 2377 i.

861 2392 1171 2436 pr.benevolentiae
1185 2392 1433 2432 comparandae.
1450 2389 1531 2431 §.86

865 2438 1022 2470 utilitatis
1034 2440 1225 2480 praecepta.
1251 2436 1273 2477 l,
1284 2436 1313 2475 3,
1323 2435 1340 2466 8
1351 2438 1533 2479 praecepta

865 2483 982 2525 officii.

908 2527 1078 2560 voluntate
1095 2527 1241 2569 benefica
1266 2526 1308 2557 ist
1330 2530 1447 2566 gesagt
1470 2525 1532 2556 wie

863 2573 998 2616 sapiens
1016 2574 1207 2611 accusatio,
1227 2572 1330 2613 forte
1347 2570 1532 2610 consilium,

1548 1052 1588 1084 32
