1684 2819
174 105 253 144 136
570 103 1032 147 LlBER111.17,37.38.
1068 106 1121 147 18,
1138 106 1194 138 39.

172 219 276 260 sinet
307 228 343 260 te
376 220 451 260 ista
483 221 636 269 facere,
672 220 733 259 cui
765 220 966 260 minimum
996 232 1085 261 esse
1107 221 1263 262 videtur
1291 222 1330 261 in
1353 221 1423 261 hac
1445 235 1584 263 caussa

155 276 269 325 ·loci‚
305 289 404 329 quae
426 283 555 316 tamen
580 276 633 315 ita
657 275 781 324 dicet,
817 276 1025 330 dupliciter
1046 291 1136 318 esse
1158 285 1196 318 te
1218 279 1403 319 iniustum
1422 309 1431 327 ,
1466 293 1582 332 quum

175 341 211 372 ct
244 333 415 373 alienum
445 338 630 386 appetas,
665 332 727 384 qui
759 333 937 373 mortalis
969 340 1083 386 natus
1113 334 1378 375 conditionem
1411 335 1584 389 postules

172 389 476 436 immortalium,
512 395 552 428 et
579 389 757 442 graviter
778 389 883 429 feras
899 419 909 438 ,
940 396 1001 438 te,
1035 391 1136 442 quod
1158 392 1342 431 utendum
1366 391 1583 446 acceperis,

109 453 150 484 37
173 445 406 486 reddidisse.
433 445 669 485 Prudentiae
687 458 784 484 vero
803 445 894 498 quid
911 445 1185 500 respondebis,
1206 448 1380 497 docenti,
1400 449 1586 488 virtutem

174 515 261 542 sese
291 514 378 542 esse
410 508 658 550 contentam,
695 501 889 555 quomodo
919 502 966 541 ad
998 502 1096 542 bene
1117 503 1351 553 vivendum,
1384 505 1441 546 sic
1469 505 1587 545 etiam

176 560 223 599 ad
246 559 387 599 beate?
419 572 517 611 quac
540 559 573 599 si
605 559 855 599 extrinsecus
885 558 1048 613 religata
1083 560 1249 614 pendeat
1279 567 1316 600 et
1337 574 1416 600 non
1439 561 1591 613 oriatur

176 630 198 656 a
221 629 263 656 se
295 622 333 655 et
354 629 493 655 rursus
523 617 570 655 ad
602 629 644 655 se
667 622 895 656 revertatur
926 622 966 655 et
993 613 1224 657 oinnia'sua
1257 617 1463 670 complexa
1493 617 1588 657 nihil

176 679 337 726 quaerat
359 672 538 712 aliunde:
574 686 650 711 non
674 667 868 726 intelligo,
893 685 965 712 cur
987 679 1055 712 aut
1079 672 1208 713 verbis
1233 680 1310 713 tam
1334 673 1594 713 vehementer

176 729 353 770 ornanda
394 735 461 768 aut
492 742 536 769 re
569 735 676 768 tanto
714 741 833 783 opere
875 729 1096 783 expetenda
1131 729 1330 770 videatur.
1394 729 1454 770 Ad
1497 730 1593 770 haec

176 785 279 826 bona
301 799 361 825 me
385 786 417 825 si
434 798 618 835 revocas,
640 786 823 839 Epicure,
850 799 983 839 pare0,
1010 800 1169 839 sequor,
1196 794 1286 826 utor
1308 793 1345 826 te
1368 787 1452 840 ipso
1475 786 1588 834 duce,

178 842 393 883 obliviscor
415 842 530 882 etiam
555 842 763 892 malorum,
790 849 831 883 ut
853 842 981 892 iubes,
1007 856 1130 896 eoque
1154 843 1324 892 facilius,
1350 843 1452 896 quod
1475 857 1521 883 ea
1543 856 1592 883 ne

177 899 217 939 in
248 899 360 940 malis
392 899 546 952 quidem
589 900 767 952 ponenda
800 912 960 939 censeo.
1013 900 1086 939 Sed
1130 900 1302 939 traducis
1332 900 1592 952 cogitationes

177 969 285 996 meas
309 956 356 995 ad
379 955 617 1009 voluptates.
654 956 785 1006 Quas?
819 955 1030 1009 Corporis,
1057 957 1197 1005 credo,
1223 963 1291 996 aut
1313 969 1410 1008 quae
1433 961 1593 1009 propter

178 1026 320 1066 corpus
336 1011 403 1051 vel
424 1012 699 1052 recordatione
716 1012 781 1052 vel
803 1025 871 1065 spe
889 1012 1128 1065 cogitentur.
1161 1011 1358 1065 Numquid
1382 1019 1443 1053 est
1464 1011 1595 1052 aliud?

179 1075 339 1109 rectene
362 1068 604 1122 interpretor
625 1069 862 1109 sententiam
890 1069 1023 1108 tuam?
1055 1068 1194 1109 Solent
1215 1069 1317 1109 enim
1342 1068 1406 1110 isti
1429 1081 1592 1122 negare,

112 1133 153 1165 38
177 1139 249 1166 nos
271 1124 509 1178 intelligere,
536 1125 627 1178 quid
651 1124 975 1179 dicatEpicurus.
1012 1125 1094 1166 Hoc
1116 1125 1223 1174 dicit,
1250 1133 1289 1166 et
1311 1126 1383 1166 hoc
1404 1126 1471 1166 ille
1494 1125 1596 1165 acri-

179 1182 308 1231 culus,
334 1195 395 1220 me
419 1181 604 1221 audiente
626 1182 808 1231 Athenis,
834 1194 962 1222 senex
982 1182 1106 1231 Zeno,
1140 1183 1303 1222 istorum
1328 1182 1593 1231 acutissimus,

179 1238 421 1279 contendere
452 1245 489 1278 et
521 1252 662 1292 magna
685 1251 783 1279 voce
814 1239 945 1279 dicere
976 1238 1151 1279 solebat:
1189 1252 1277 1279 eum
1301 1252 1389 1280 esse
1419 1239 1593 1286 beatum,

180 1296 243 1349 qui
276 1295 550 1349 praesentibus
574 1295 841 1349 voluptatibus
875 1296 1076 1335 frueretur
1106 1295 1400 1351 confideretque
1429 1308 1472 1335 se
1503 1295 1597 1336 frui-

181 1360 309 1392 turum
333 1359 399 1392 aut
420 1351 459 1391 in
482 1352 589 1392 omni
611 1359 679 1392 aut.
699 1353 740 1393 in
761 1365 904 1405 magna
926 1358 1036 1405 parte
1057 1352 1178 1401 vitae,
1215 1353 1350 1392 dolore
1374 1366 1451 1392 non
1474 1352 1598 1392 inter-

178 1408 383 1458 veniente,
405 1415 473 1449 aut
489 1408 522 1450 si
541 1408 818 1460 interveniret,
839 1408 871 1449 si
890 1422 1066 1449 summus
1086 1410 1202 1458 foret,
1224 1410 1398 1449 futurum
1416 1409 1594 1457 brevem,

181 1466 241 1506 sin
265 1465 509 1519 productior,
545 1466 630 1519 plus
653 1465 877 1508 habiturum
899 1465 1058 1505 iucundi
1082 1479 1196 1518 quam
1219 1466 1335 1514 mali3
1371 1466 1467 1506 haec
1489 1466 1598 1519 cogi-

179 1528 327 1562 tantem
362 1523 447 1562 fore
487 1522 668 1571 beatum,
714 1522 948 1576 praesertim
979 1522 1012 1562 si
1051 1530 1090 1562 et
1118 1530 1208 1562 ante
1249 1522 1445 1576 perceptis
1483 1522 1598 1562 bonis

180 1585 388 1619 contentus
424 1585 532 1619 esset
571 1592 644 1619 nec
676 1586 840 1620 mortem
876 1592 948 1619 nec
988 1579 1082 1619 deos
1115 1579 1412 1619 extimesceret.
1468 1579 1599 1620 Habes

183 1637 347 1676 formam
370 1635 528 1688 Epicuri
558 1636 665 1676 vitae
694 1636 834 1677 beatae
855 1635 989 1676 verbis
1011 1635 1185 1676 Zenonis
1208 1649 1440 1690 expressam
1458 1666 1468 1686 ,
1504 1635 1599 1676 nibil

108 1748 165 1793 18

179 1699 224 1732 ut
245 1691 370 1746 possit
392 1692 545 1746 negari.

299 1748 399 1799 Quid
441 1749 567 1803 ergo?
608 1747 775 1789 huiusne
817 1748 924 1790 vitae
966 1749 1182 1802 propositio
1225 1756 1263 1789 et
1303 1748 1491 1802 cogitatio
1534 1756 1598 1790 aut

226 1872 320 1915 quod
353 1872 522 1904 utendum
552 1875 751 1914 acceperis,
788 1874 852 1905 wie

179 1919 264 1950 oben
283 1920 316 1956 7,
338 1918 377 1950 15
400 1918 782 1959 numu-vsnugendum.

226 1976 280 2007 37.
308 1974 567 2016 si-—pendeat
590 1985 714 2016 „wenn
739 1975 786 2006 sie
812 1985 853 2006 an

179 2020 410 2062 Aussendinge
424 2019 587 2063 gekniipl't
602 2020 666 2051 und
678 2031 741 2051 von
755 2020 853 2053 ihnen

180 2067 348 2108 abh'zingig
366 2066 500 2098 w‘zire“.

229 2127 263 2155 et
281 2133 361 2163 non,
384 2133 410 2154 s.
432 2133 473 2154 zu
493 2121 518 2155 1.
542 2123 574 2163 7,
597 2122 650 2154 13.

228 2180 450 2212 vehementer
464 2179 640 2212 ornanda.
661 2180 701 2212 A.
719 2180 758 2212 ad
776 2179 854 2212 Her.

183 2223 240 2257 lV.
268 2226 309 2256 44
326 2250 334 2266 ,
364 2226 425 2257 56:
471 2226 691 2258 veliementer
726 2230 858 2258 ornata

185 2271 372 2313 etz-politio.

228 2316 405 2348 malornm
424 2334 468 2338 —
488 2319 520 2347 in
542 2318 659 2357 malis,
689 2316 741 2348 ein
761 2316 858 2348 schli-

185 2372 242 2394 nes
268 2361 485 2405 Oxymorw,
524 2361 586 2393 aul*
615 2362 688 2393 dem
716 2361 859 2404 Doppel-

183 2407 256 2439 sinn
274 2417 338 2438 von
358 2407 491 2438 malum
520 2407 711 2439 beruhend:
742 2408 859 2439 {iusse-

185 2463 237 2484 res
250 2451 494 2494 Missgeschick
511 2472 548 2476 —-
561 2453 651 2495 (wah
659 2454 726 2493 res)
741 2451 857 2485 Uebel.

232 2509 354 2551 Quas?
395 2507 506 2541 Ueber
547 2509 599 2541 die
635 2509 765 2552 Ellipse
799 2510 860 2542 der

184 2554 322 2597 Pr‘apos.
347 2566 374 2587 s.
396 2565 436 2586 zu
457 2554 481 2587 l.
502 2555 557 2596 39,
579 2555 635 2587 93.

971 1874 1075 1905 eredo
1091 1873 1203 1913 „doch
1215 1874 1345 1913 wohl“‚
1358 1875 1422 1905 wie
1437 1873 1461 1906 l.
1475 1874 1531 1915 22,
1543 1873 1599 1908 52.

971 1922 1126 1958 rectene,
1148 1930 1174 1950 s.
1198 1918 1222 1950 l.
1245 1919 1300 1958 27,
1323 1920 1362 1950 67
1384 1929 1424 1950 zu
1441 1923 1599 1961 potesne.

972 1964 1027 1995 39.
1056 1964 1169 2004 Zeno,
1215 1964 1274 1995 der
1299 1963 1485 2006 Epicureer
1527 1964 1603 2006 (mit

926 2009 999 2040 deni
1019 2008 1154 2040 Stoiker
1171 2009 1236 2040 und
1258 2010 1330 2041 (leni
1351 2009 1490 2042 Eleaten
1511 2011 1602 2043 nicht

927 2065 968 2086 zu
994 2055 1262 2096 vcrwechseln)‚
1303 2055 1365 2087 den
1393 2054 1510 2087 Cicero
1535 2056 1601 2088 und

926 2100 1061 2132 Atticus
1072 2100 1102 2131 in
1116 2100 1221 2132 Allien
1237 2101 1354 2141 gehb'rt
1368 2101 1499 2141 hatten,
1510 2101 1604 2134 hatte

928 2146 1011 2177 nach
1032 2145 1072 2177 de
1088 2151 1156 2177 nat.
1172 2145 1211 2177 D.
1229 2146 1252 2178 l.
1276 2145 1347 2188 §93
1367 2152 1474 2178 etwas
1485 2145 1604 2179 Streit-

928 2191 1098 2232 siiclitiges
1135 2191 1199 2222 und
1228 2192 1376 2233 Bissiges
1409 2192 1442 2223 in
1477 2192 1603 2224 seinem

928 2236 1057 2268 VVesen
1071 2262 1079 2277 ,
1100 2237 1207 2268 daher
1226 2237 1299 2269 hier
1317 2237 1508 2269 oet-z'culus.

975 2282 1088 2314 Habes
1131 2283 1297 2325 sormam
1337 2298 1384 2309 =
1424 2283 1513 2314 haec
1551 2287 1606 2315 est

918 2328 1061 2370 forma.
1095 2326 1138 2358 So
1157 2338 1187 2370 p.
1211 2327 1320 2360 Dciot.
1342 2329 1374 2369 7,
1395 2328 1458 2360 21:
1489 2328 1604 2360 Habes

929 2375 1078 2405 crimina
1098 2373 1322 2415 insidiarum,
1346 2373 1436 2414 „das
1455 2373 1528 2406 sind
1548 2374 1605 2405 die

929 2419 1241 2460 Beschuldigungen
1256 2438 1300 2444 —
1313 2445 1321 2460 ‚
1338 2420 1393 2452 dic
1407 2429 1481 2451 man
1498 2429 1602 2461 gegen

930 2464 985 2496 ihn
1012 2464 1171 2496 erliebt“.

975 2507 1038 2546 18.
1067 2510 1124 2542 39.
1148 2513 1373 2553 propositio,
1401 2519 1485 2552 ganz
1503 2520 1607 2542 unser

933 2554 1223 2597 ‚,Vorste11ung·‘.
