1684 2819
540 160 934 202 LlBERlV.1o,24.
996 161 1125 201 11,25.
1459 163 1536 200 175

133 274 271 315 deinde
289 275 608 324 aegrotationes,
623 286 721 325 quae
740 273 986 326 appellantur
1002 287 1021 312 a
1041 273 1183 313 Stoicis
1202 268 1533 328 ἇῤῥωστήματα,

131 331 258 384 iisque
279 330 370 369 item
394 329 595 382 oppositae
617 330 838 369 contrariae
862 328 1120 382 off'ensiones.
1156 329 1238 369 Hoc
1264 331 1350 370 loco
1373 329 1534 368 nimium

132 399 274 441 operae
297 386 539 426 consumitur
560 399 580 424 a
604 385 761 436 Stoicis,
794 386 967 426 maxime
990 400 1012 425 a
1035 385 1275 440 Chrysippo,
1309 386 1398 426 dum
1430 400 1535 424 mor—

130 444 190 483 bis
227 456 432 496 corporum
472 449 721 495 eomparatur
757 442 983 483 morborum
1019 443 1136 482 animi
1173 442 1403 483 similitudo.
1452 442 1536 493 Qua

130 500 310 539 oratione
333 498 612 552 praetermissa
634 499 793 539 minime
817 499 1041 539 necessaria
1057 530 1067 548 ,
1099 513 1146 538 ea
1163 529 1172 547 ,
1208 512 1307 552 quae
1336 512 1419 538 rem
1442 513 1533 539 con-

130 557 280 603 tinent,
325 562 626 608 pertractemus.
699 555 945 608 intelligatur
984 554 1129 607 igitur,
1183 555 1533 608 perturbationem,
1559 562 1601 593 24

128 611 364 653 iactantibus
388 624 430 651 se
453 612 699 664 opinionibus
721 612 993 651 inconstanter
1014 618 1053 650 et
1075 611 1244 661 turbide,
1264 611 1302 650 in
1323 618 1428 652 motu
1449 625 1536 652 esse

131 682 309 722 semper,
345 682 461 720 quum
484 674 613 707 autem
638 668 698 708 hic
720 668 853 707 fervor
881 667 1171 719 concitatioque
1193 668 1314 707 animi
1335 664 1536 707 invetera-

132 725 237 765 verit
259 732 298 765 et
319 732 515 776 tamquam
537 725 577 763 in
599 724 712 764 venis
738 723 994 775 medullisque
1024 723 1238 773 insederit,
1272 731 1351 763 tum
1382 725 1540 764 exsistit

133 789 171 821 et
193 780 352 821 morbus
375 787 413 820 et
434 779 652 832 aegrotatio
675 787 714 819 et
735 779 974 819 offensiones
997 793 1066 819 eae
1082 810 1092 829 ,
1123 794 1222 832 quae
1244 787 1334 820 sunt
1356 780 1412 820 eis
1436 795 1538 820 mor-

130 838 188 878 bis
213 836 627 889 aegrotationibusque
653 836 891 876 contrariae.

244 893 366 941 Haec,
392 906 490 945 quae
512 893 613 940 dico,
640 892 878 945 cogitatione
900 894 1006 932 inter
1027 906 1069 932 se
1092 893 1289 941 differunt,
1315 905 1358 931 re
1381 892 1533 944 quidem
1552 892 1603 936 11

132 950 308 1003 copulata
340 956 469 998 sunt,
486 962 607 1001 eaque
640 950 820 988 oriuntur
851 962 902 988 ex
924 949 1083 988 libidine
1106 956 1145 988 et
1167 963 1219 988 ex
1241 949 1403 989 laetitia.
1437 948 1536 988 Nam

132 1021 246 1060 quum
270 1013 330 1046 est
352 1006 557 1058 concupita
579 1006 744 1059 pecunia
767 1019 839 1045 nec
859 1005 1030 1045 adhibita
1052 1006 1238 1046 continuo
1264 1006 1366 1045 ratio
1382 1036 1392 1054 ,
1427 1005 1536 1057 quasi

133 1064 320 1117 quaedam
344 1061 543 1103 Socratica
564 1061 780 1111 medicina,
816 1076 914 1114 quae
946 1070 1106 1103 sanaret
1136 1077 1221 1102 eam
1251 1061 1531 1115 cupiditatem:

129 1126 335 1173 permanat
356 1119 395 1158 in
416 1132 538 1158 venas
561 1122 607 1159 et*
620 1119 801 1158 inhaeret
820 1120 860 1158 in
883 1119 1102 1160 visceribus
1136 1119 1231 1159 illud
1260 1119 1403 1158 malum
1420 1148 1429 1164 ,
1464 1130 1536 1157 ex-

133 1176 313 1229 sistitque
336 1175 494 1215 morbus
516 1182 555 1214 et
577 1175 813 1228 aegrotatio,
844 1189 944 1228 quae
967 1176 1084 1216 avelli
1105 1175 1326 1215 inveterata
1349 1189 1427 1214 non
1449 1188 1538 1227 pos—

133 1240 249 1280 sunt3
294 1232 406 1284 eique
438 1231 573 1271 morbo
605 1245 746 1271 nomen
778 1238 838 1272 est
869 1234 1063 1272 avaritia.
1119 1232 1384 1284 Similiterque
1417 1231 1538 1270 ceteri
1561 1238 1605 1269 25

132 1288 271 1338 morbi,
297 1295 340 1327 ut
357 1288 525 1342 gloriae
548 1288 774 1342 cupidita-9,
810 1295 852 1328 ut
873 1290 1174 1338 mulierositas,
1209 1296 1251 1328 ut
1271 1289 1324 1328 ita
1347 1287 1535 1341 appellem

133 1358 234 1393 eam,
259 1358 356 1397 quae
375 1343 525 1384 Graece
548 1343 802 1400 φιλογύνεια
825 1345 982 1394 dicitur,
1002 1346 1200 1398 ceterique
1216 1345 1397 1386 similiter
1413 1343 1537 1383 morbi

132 1401 504 1454 aegrotationesque
525 1408 755 1442 nascuntur.
786 1401 893 1452 Quae
915 1409 1042 1442 autem
1066 1409 1157 1442 sunt
1179 1402 1236 1441 his
1255 1401 1470 1449 contraria,
1492 1413 1537 1439 ea

131 1458 240 1499 nasci
264 1464 447 1511 putantur
468 1471 491 1497 a
512 1464 633 1507 metu,
659 1465 702 1498 ut
723 1459 857 1499 odium
881 1459 1112 1508 mulierum,
1138 1460 1251 1511 quale
1271 1459 1311 1507 in
1329 1458 1538 1510 Misogyne

180 1562 223 1591 iis
238 1560 554 1602 oppose'tae,local:
576 1560 721 1600 „diesen
741 1571 802 1600 ge-

134 1605 340 1646 geniiber⁴‘;
373 1608 575 1636 contrariae
602 1605 800 1646 qualitativ:

137 1651 505 1691 „entgegengesetzt“.

180 1707 201 1727 a
223 1696 435 1737 Chrysippo,
463 1706 490 1726 s.
512 1706 553 1726 zu
572 1695 597 1726 Ι.
617 1695 674 1734 45,
696 1696 772 1726 108.

182 1742 383 1772 morborum
432 1743 545 1772 αηίιηί
584 1740 798 1780 similitudo,

135 1787 250 1818 Abstr.
280 1797 338 1828 pro
361 1786 505 1818 Conon:
533 1786 665 1817 similes
692 1788 805 1817 animi

136 1833 269 1871 morbi,·
299 1842 325 1863 s.
348 1831 408 1863 ΙΙΙ.
430 1832 461 1871 5,
486 1831 521 1862 11
553 1842 591 1862 zu
612 1831 803 1863 mediocre·-

137 1881 245 1909 tatem
276 1878 484 1917 officiorum.
523 1875 632 1908 Ueber
657 1876 718 1907 den
739 1874 803 1907 Ge-

135 1927 272 1963 gensatz
291 1932 352 1953 von
373 1932 573 1964 corporum
593 1922 658 1952 und
679 1923 806 1953 animi

136 1978 163 2000 s.
184 1979 225 1999 zu
243 1966 281 1999 ΙΙ.
303 1967 358 2005 23,
378 1968 434 1999 54.

183 2014 257 2054 Qua
285 2015 448 2044 oratione
477 2012 585 2052 „eine
613 2012 803 2043 Auseinan-

135 2059 339 2099 dersetzung
357 2058 567 2098 hieriiber“;
589 2068 615 2089 s.
637 2056 660 2089 Ι.
684 2058 739 2098 19,
759 2058 802 2089 45

135 2115 176 2136 zu
195 2104 280 2134 haee
293 2103 542 2145 pulchritudo.

180 2148 235 2180 24.
271 2149 511 2191 Intelligatar,
546 2148 620 2179 hier
644 2148 702 2180 mit
729 2148 802 2180 dem

135 2194 213 2226 Aee.
243 2204 272 2225 c.
299 2193 384 2233 lnf.;
414 2194 498 2225 oben
521 2194 554 2234 6,
577 2193 615 2224 13
644 2194 703 2225 mit
729 2194 802 2225 dem

135 2238 268 2271 Nomin.
288 2249 317 2270 c.
338 2239 432 2270 Infin.

183 2288 257 2316 tecm
278 2287 405 2316 existit
422 2289 504 2324 etc„
526 2283 725 2326 Uebergang
742 2294 803 2316 aus

137 2330 168 2360 d.
190 2334 274 2361 orat.
298 2329 363 2360 obl.
391 2330 423 2360 in
451 2329 503 2361 die
532 2340 578 2360 or.
599 2334 712 2370 reeta,
738 2330 802 2361 wie

139 2374 182 2406 ΙΙ.
203 2375 258 2413 26,
280 2375 321 2406 62
347 2375 399 2406 bei
425 2375 522 2417 apud
546 2385 633 2416 quos
660 2378 801 2414 autom,-

138 2419 194 2451 lV.
225 2420 284 2459 19,
312 2421 374 2451 43:
404 2421 488 2452 haee
512 2421 648 2452 nullam
675 2421 805 2452 liabent

140 2467 228 2504 uim5
248 2464 289 2497 V.
309 2465 364 2505 38,
384 2465 460 2496 111:
481 2468 516 2496 in
535 2466 644 2497 oculis
665 2466 735 2497 tale
751 2468 804 2497 ni-

143 2510 194 2540 hz'l
207 2511 271 2549 fit.

184 2551 240 2589 11.
267 2556 372 2595 Haec,
393 2566 483 2597 qnae
501 2556 592 2597 dieo,
622 2566 669 2588 sc.
691 2558 807 2589 morbi

143 2601 177 2630 et
194 2604 469 2640 aegrotationes.

917 1563 1136 1601 cogitatione
1147 1579 1188 1583 —-
1201 1571 1237 1592 re
1250 1573 1260 1591 .·
1282 1560 1342 1598 „in
1362 1559 1422 1590 der
1433 1556 1543 1589 Theo-

871 1605 920 1636 rie
938 1624 983 1628 —
1001 1606 1033 1636 in
1053 1606 1113 1637 der
1130 1605 1247 1637 Praxis
1260 1606 1297 1635 ‘⁵st
1333 1603 1442 1635 Ueber
1466 1605 1543 1644 qui—

872 1650 949 1682 dem
975 1662 1001 1682 s.
1024 1662 1065 1682 zu
1085 1650 1110 1682 Ι.
1132 1651 1186 1691 27,
1207 1651 1261 1682 67.

917 1706 1008 1737 quae
1032 1700 1191 1727 sanaret.
1214 1695 1343 1736 VVegen
1362 1695 1419 1725 des
1439 1693 1540 1735 Conj.

873 1741 967 1782 Imps.
996 1752 1023 1773 s.
1046 1741 1070 1774 l.
1095 1743 1124 1781 1,
1148 1742 1160 1773 1
1191 1752 1232 1772 zu
1254 1743 1493 1782 pertinerent.

917 1787 971 1818 25.
1002 1797 1091 1825 eam,
1118 1797 1270 1827 quae—
1289 1786 1433 1817 dicitur.
1462 1784 1539 1825 Vgl.

872 1831 895 1862 l.
920 1832 972 1869 10,
993 1832 1035 1863 20
1055 1843 1145 1874 quae
1162 1832 1347 1862 harmonia
1367 1831 1516 1862 dicitur.

919 1880 1095 1919 celerique
1104 1877 1273 1908 similiter
1282 1877 1407 1915 morbi,
1422 1875 1542 1916 ltistige

873 1921 1152 1963 XViederbolung.
1187 1921 1324 1962 (Cicero
1353 1922 1410 1952 hat
1428 1931 1468 1952 an
1489 1921 1543 1952 die

873 1967 1011 2008 ssiichtig
1037 1968 1301 2009 geschriebenen
1328 1967 1542 1998 Tusculanen

873 2013 925 2045 die
946 2013 1048 2045 letzte
1067 2013 1161 2044 Hand
1180 2013 1271 2044 nieht
1289 2012 1474 2054 angelegt.)

920 2058 1017 2100 Quae
1032 2076 1071 2082 —
1087 2062 1173 2090 sunt
1189 2059 1242 2090 leis
1261 2060 1445 2089 contraria
1458 2070 1468 2087 :
1488 2057 1542 2088 die

873 2106 1095 2146 offensiones.

919 2149 1036 2181 odium
1056 2150 1244 2180 mulierum
1257 2150 1346 2179 —in
1367 2148 1461 2178 lzmn.
1479 2157 1541 2178 un.

870 2204 996 2235 genus.
1032 2194 1093 2225 Ein
1113 2194 1287 2225 iihnlieber
1303 2192 1464 2225 Wechsel
1483 2193 1545 2223 der

874 2239 1131 2280 construction,
1165 2239 1228 2270 wie
1255 2240 1287 2279 Τ,
1318 2238 1358 2269 16
1385 2238 1437 2269 bei
1463 2239 1545 2269 sub-

873 2287 991 2316 iieere.

919 2332 951 2361 ιή
970 2330 1157 2372 Mz‘sogyne
1175 2330 1292 2365 Atilii,
1323 2329 1416 2361 einer
1440 2328 1543 2360 Bear-

873 2375 1011 2416 beitung
1044 2386 1106 2406 von
1140 2374 1339 2407 Menanders
1373 2374 1541 2415 gleiehna-

873 2420 992 2461 migem
1010 2421 1193 2463 Lustspiel.
1206 2439 1249 2443 —
1268 2420 1338 2452 Den
1356 2419 1401 2451 M.
1419 2418 1543 2450 Atilius

874 2465 973 2505 (oder
989 2466 1157 2507 Attilius),
1186 2467 1245 2498 der
1272 2466 1354 2497 nach
1378 2465 1417 2495 de
1436 2463 1493 2495 fin.
1513 2462 1539 2494 l.

874 2511 907 2551 2,
928 2512 946 2542 5
973 2512 1056 2543 auch
1075 2511 1241 2552 Tragiker
1259 2521 1340 2549 war,
1369 2513 1472 2540 nennt
1489 2507 1543 2539 Ci-

875 2567 951 2588 cero
979 2557 1021 2588 ad
1039 2557 1110 2589 Att.
1130 2556 1222 2589 XIV.
1245 2557 1299 2596 20,
1318 2558 1335 2585 3
1352 2556 1460 2596 postca
1480 2553 1544 2585 du-

877 2604 1052 2634 vissimus.
