1684 2819
78 640 132 679 38

158 146 211 186 92
732 143 789 176 DE
815 144 998 178 OFFICHS

158 247 205 286 de
232 245 455 286 domesticis
483 245 650 296 negotiis
679 250 742 284 aut
769 246 815 285 de
842 257 883 284 re
911 245 1067 297 publica
1093 254 1160 286 aut
1188 248 1234 287 de
1260 248 1399 288 artium
1428 249 1566 288 studiis

157 309 270 354 atque
298 301 486 341 doctrina.
526 301 658 340 Danda
685 301 800 352 igitur
822 314 941 352 opera
963 308 1023 341 est
1042 308 1102 350 ut,
1130 303 1245 343 etiam
1267 305 1300 343 si
1321 305 1500 344 aberrare
1520 305 1568 345 ad

157 359 226 398 alia
255 357 441 409 coeperit,
470 357 517 397 ad
544 358 639 396 haec
665 364 868 397 revocetur
895 358 1034 406 oratio,
1062 359 1129 397 sed
1150 365 1362 411 utcumque
1384 362 1565 400 aderunt:

157 427 280 465 neque
303 414 406 453 enim
428 413 573 452 eisdem
595 414 641 452 de
662 414 779 453 rebus
802 426 873 454 nec
895 415 1002 453 omni
1024 421 1200 466 tempore
1217 428 1290 455 nec
1306 417 1480 457 similiter
1498 418 1566 456 de-

155 471 350 509 lectamur.
392 470 789 510 Animadvertendum
817 477 875 510 est
901 471 1015 510 etiam
1038 477 1228 523 quatenus
1249 484 1378 512 sermo
1401 474 1567 513 delecta·

156 528 303 566 tionem
339 526 475 565 habeat
510 533 564 574 et,
601 533 643 566 ut
678 527 888 578 incipiendi
915 528 1013 567 ratio
1043 528 1173 575 suerit,
1209 528 1260 567 ita
1288 528 1338 567 sit
1365 529 1568 569 desinendi

156 583 309 622 modus.

271 639 346 678 Sed
370 652 446 690 quo
468 639 588 678 modo
617 639 654 677 in
678 640 784 678 omni
811 640 884 679 vita
904 640 1118 679 rectissime
1144 641 1380 692 praecipitur
1409 647 1452 680 ut
1476 653 1567 692 per-

64 703 126 735 136
156 695 395 734 turbationes
424 695 632 747 fugiamus,
668 695 705 734 id
728 702 804 743 est,
845 702 975 735 motus
1004 696 1121 735 animi
1148 697 1292 736 nimios
1320 698 1460 737 rationi
1486 709 1568 736 non

60 1320 120 1351 137

154 752 484 803 obtemperantes,
513 753 568 791 sic
596 753 678 790 eius
706 753 813 792 modi
842 753 1011 792 motibus
1041 766 1170 792 sermo
1199 753 1311 793 debet
1337 767 1488 802 vacare,
1518 765 1567 792 ne

154 814 219 847 aut
240 809 293 847 ira
317 809 453 847 existat
469 815 532 847 aut
550 809 738 860 cupiditas
756 809 879 860 aliqua
903 816 966 849 aut
989 810 1139 861 pigritia
1157 816 1220 848 aut
1242 810 1389 861 ignavia
1410 816 1474 850 aut
1495 810 1566 849 tale

154 865 295 915 aliquid
323 871 523 916 appareat,
550 866 791 916 maximeque
820 866 1031 905 curandum
1063 872 1121 905 est
1148 872 1190 905 ut
1218 880 1304 913 cos,
1333 867 1565 917 quibuscum

154 933 375 959 sermonem
400 923 667 967 conferemus,
689 927 726 960 et
746 922 866 960 vereri
888 929 924 961 et
947 923 1100 973 diligere
1122 923 1332 961 videamur.
1376 923 1565 973 Obiurga-

153 977 281 1016 tiones
299 977 413 1015 ctiain
432 989 512 1015 non
529 989 743 1028 numquam
765 978 938 1017 incidunt
961 979 1209 1025 necessariae,
1232 979 1270 1016 in
1293 979 1432 1029 quihus
1454 985 1565 1018 uten-

154 1033 246 1071 dum
269 1039 327 1071 est
347 1034 512 1072 fortasse
534 1039 570 1072 et
591 1033 695 1072 vocis
719 1034 968 1073 contentione
989 1036 1134 1073 maiore
1155 1040 1189 1073 et
1212 1035 1418 1074 verborum
1441 1035 1566 1086 gravi-

153 1095 228 1127 tate
250 1089 412 1136 acriore,
434 1090 471 1127 id
493 1090 684 1140 agendum
706 1090 831 1138 etiam,
853 1096 894 1129 ut
915 1104 957 1129 ea
981 1092 1103 1130 facere
1124 1091 1321 1130 videamur
1342 1091 1438 1130 irati.
1477 1091 1566 1137 Sed,

152 1151 194 1184 ut
215 1145 262 1184 ad
291 1146 483 1184 urendum
512 1152 548 1185 et
576 1147 802 1193 secandum,
832 1146 887 1185 sic
915 1147 960 1186 ad
987 1148 1062 1186 hoc
1092 1159 1212 1198 genus
1240 1147 1450 1199 castigandi
1477 1160 1565 1186 raro

151 1201 334 1252 invitique
354 1202 573 1249 veniemus,
605 1216 675 1241 uec
695 1215 880 1253 umquam
903 1203 975 1242 nisi
1005 1205 1245 1251 necessario,
1276 1204 1307 1243 si
1329 1204 1430 1243 nulla
1452 1216 1564 1255 repe-

151 1258 270 1296 rietur
297 1258 365 1297 alia
394 1258 601 1297 medicina:
630 1260 696 1297 sed
725 1265 853 1297 tamen
883 1260 938 1298 ira
960 1261 1096 1310 procul
1119 1260 1235 1307 absit,
1265 1273 1352 1299 eum
1375 1274 1448 1311 qua
1469 1260 1564 1299 nihil

152 1320 252 1353 recte
274 1314 372 1361 lieri,
406 1314 500 1353 nihil
523 1315 763 1354 considerate
784 1321 924 1366 potest.
966 1317 1143 1366 Magnam
1166 1322 1292 1355 autem
1315 1323 1463 1367 partem
1487 1316 1562 1355 cle-

150 1370 269 1409 menti
292 1371 540 1421 castigatione
559 1371 645 1410 licet
666 1371 733 1418 uti,
757 1372 937 1421 gravitate
958 1378 1085 1411 tamen
1108 1373 1297 1419 adiuncta,
1320 1378 1360 1411 ut
1382 1373 1562 1411 severitas

150 1426 374 1465 adhibeatur
389 1433 425 1465 et
442 1428 673 1466 contumelia
689 1428 906 1478 repellatur.
925 1429 1048 1479 Atque
1065 1430 1177 1467 etiam
1196 1429 1287 1467 illud
1304 1428 1564 1480 ipsu1n,quod

149 1483 367 1522 acerbitatis
394 1483 509 1522 habet
538 1484 773 1533 obiurgatio,
801 1485 1097 1535 significandum
1119 1491 1198 1532 est,
1227 1485 1351 1536 ipsius
1374 1485 1411 1523 id
1436 1498 1561 1531 causa,

150 1539 214 1590 qui
237 1540 475 1590 obiurgetur,
497 1553 582 1578 esse
605 1546 846 1591 susceptum.
880 1541 1040 1580 Rectum
1063 1548 1121 1580 est
1142 1547 1269 1581 autem
1292 1542 1405 1580 etiam
1427 1542 1465 1580 in
1487 1541 1558 1580 illis

151 1596 480 1643 contentionibus,
503 1609 599 1647 quae
622 1610 708 1635 eum
732 1597 1011 1636 inimicissimis
1035 1599 1149 1644 fiunt,
1173 1599 1285 1637 etiam
1309 1598 1341 1637 si
1363 1598 1477 1637 nobis
1499 1598 1560 1636 in-

150 1651 263 1702 digna
286 1652 502 1700 audiamus,
532 1659 660 1692 tamen
690 1653 910 1704 gravitatem
940 1654 1120 1702 retinere,
1149 1655 1386 1693 iracundiam
1409 1654 1561 1706 pellere.

149 1710 254 1755 Quae
275 1709 377 1747 enim
400 1721 488 1747 cum
510 1709 633 1759 aliqua
655 1710 945 1760 perturbatione
966 1712 1074 1756 liunt,
1096 1724 1137 1749 ea
1154 1723 1226 1750 nec
1243 1716 1465 1750 constanter
1481 1710 1561 1749 fieri

148 1771 317 1815 possunt
339 1777 410 1804 nec
433 1765 495 1812 iis,
525 1765 589 1816 qui
619 1766 779 1813 adsunt,
809 1766 980 1817 probari.
1023 1768 1202 1806 Deforme
1231 1767 1344 1806 etiam
1372 1773 1431 1806 est
1453 1767 1499 1806 de
1520 1779 1561 1805 se

891 1888 980 1920 clare
1003 1889 1065 1920 sed
1085 1893 1239 1930 aguntur
1262 1889 1383 1921 leniter
1406 1892 1438 1921 et
1455 1891 1566 1921 mente

895 1933 1086 1975 tranqm‘lla.

193 1887 254 1919 sed
266 1890 444 1928 atcumque
456 1887 652 1929 aderunt,je
668 1889 747 1919 nach
758 1889 817 1919 der

147 1932 480 1973 Eigenth'timlichkeit
498 1933 558 1963 der
574 1933 818 1965 Anwesenden.

195 1977 268 2008 135.
294 1977 417 2009 eisdem
433 1977 473 2009 de
487 1979 588 2009 reba-s·
604 1978 701 2009 niiml.
720 1978 817 2010 collo—

145 2022 273 2065 quendo
292 2023 373 2054 oder
391 2025 556 2063 οναίίοηυ,
575 2033 598 2052 xx
608 2033 644 2053 as
661 2033 733 2054 man
748 2023 816 2055 sicli

143 2078 202 2099 aus
217 2068 288 2098 dem
298 2067 436 2107 Subject
449 2069 507 2099 (les
522 2069 815 2107 vorhergehenden

144 2113 262 2144 Satzes
272 2113 528 2153 lcichtcrgiinzt.
543 2113 817 2145 (lelectariselbst

144 2157 230 2189 kann
245 2157 334 2189 nicht
347 2158 405 2189 mit
418 2158 458 2189 (Ie
466 2157 657 2189 verbunden
668 2169 691 2188 u
702 2159 814 2190 erden.

189 2219 257 2258 38.
288 2225 360 2257 136,
379 2226 519 2267 diligere
534 2226 718 2258 videamur.
752 2227 815 2258 re-

144 2271 202 2302 bor
221 2271 326 2302 videri
342 2282 368 2302 s,
386 2272 418 2312 ᾗ.
441 2271 513 2302 121.

177 2338 305 2378 facere
328 2336 498 2369 videamur
518 2339 618 2369 frati:
643 2337 741 2369 Tusc.
762 2337 814 2379 lv,

143 2382 194 2423 25,
213 2382 254 2413 55
276 2381 451 2414 Orator-mn
468 2393 545 2414 vero
558 2384 666 2414 irasci
676 2383 815 2414 minime

142 2426 243 2469 decet,
257 2427 418 2459 simulare
430 2438 507 2459 vero
519 2438 585 2459 non
595 2427 739 2459 dedecet.
761 2429 813 2459 An

142 2473 203 2503 cibi
219 2475 289 2504 tam
303 2475 408 2504 irasci
420 2472 580 2514 villemar,
599 2482 672 2504 cam
688 2473 770 2514 qaid
781 2475 812 2504 t'n

142 2519 255 2549 causis
279 2519 392 2549 acrias
416 2521 448 2549 et
477 2518 702 2549 vehementius
729 2517 813 2549 ‹liei-

142 2572 227 2593 mns.
242 2581 284 2585 ——
299 2564 466 2604 Agantur
482 2565 549 2595 isla
567 2562 699 2605 quidem
713 2573 814 2606 prae-

940 1978 1013 2009 137.
1041 1978 1202 2019 Magnam
1215 1981 1327 2009 autem
1339 1981 1484 2021 pat-lem.
1504 1978 1564 2009 Die

891 2024 987 2055 Hdss.
1023 2023 1126 2054 haben
1160 2034 1286 2065 magna
1314 2027 1424 2066 parte.
1474 2023 1563 2054 Doch

891 2070 974 2100 liisst
1005 2068 1071 2099 sich
1102 2068 1154 2099 ffir
1179 2069 1239 2099 deu
1265 2068 1476 2100 adxerbialen
1497 2067 1562 2099 Ge-

890 2114 1011 2145 braueh
1036 2114 1093 2144 des
1119 2114 1272 2145 Ablativs
1297 2124 1359 2144 von
1380 2124 1465 2157 pars
1487 2113 1562 2144 kein

890 2158 1030 2200 Beispiel
1049 2158 1226 2200 anffihren,
1252 2169 1370 2190 ausser
1387 2159 1447 2189 der
1464 2158 1563 2190 eben-

890 2204 966 2236 falls
1000 2203 1227 2235 verdorbenen
1263 2203 1368 2235 stelle
1396 2203 1496 2235 Aead.
1526 2202 1561 2243 ll,

893 2250 942 2287 11,
962 2248 1004 2279 36
1030 2250 1078 2280 sie
1096 2259 1222 2290 magna
1241 2251 1340 2292 parte
1356 2248 1500 2290 quidem,
1524 2250 1561 2279 at

888 2294 998 2326 solent
1020 2294 1145 2334 dicere,
1168 2293 1214 2325 ad
1236 2304 1349 2326 veram
1372 2296 1483 2337 ipsam
1501 2294 1563 2323 aut

889 2351 987 2381 qaam
1010 2342 1170 2382 proav'tne
1191 2338 1367 2380 accedant,
1393 2336 1560 2379 confidet-e

888 2386 954 2416 situ·
966 2387 1139 2428 poterant.
1167 2408 1169 2410 -

933 2429 1135 2461 contumelia
1155 2429 1351 2472 repellatur,
1369 2428 1399 2458 d.
1419 2428 1438 2459 i.
1458 2427 1560 2458 absti-

888 2479 1007 2505 neatur
1035 2485 1052 2505 a
1086 2474 1298 2513 contumelia,
1333 2477 1556 2511 removeatur,

888 2520 951 2550 wic
969 2523 1067 2551 unten
1085 2519 1293 2551 iracundiam
1306 2517 1430 2562 pellere
1443 2522 1559 2558 gesagt

891 2565 943 2596 ist.
