1684 2819
148 143 197 181 12
680 144 1015 187 1.1ssER1.7,14.

146 279 192 306 eo
214 264 381 304 miseros
405 274 509 303 esse.
554 260 618 300 JI.
644 260 863 313 Pugnantia
886 267 923 299 te
946 260 1048 312 loqui
1072 274 1149 299 non
1171 260 1311 300 vides?
1334 261 1424 314 quid
1448 261 1551 300 enim

143 329 217 361 tam
242 326 401 375 pugnat,
428 332 540 371 quam
572 330 649 356 non
678 317 793 356 modo
822 317 1023 365 miserum,
1055 318 1123 357 sed
1155 316 1314 356 omnino
1346 317 1551 370 quicquam

141 391 247 426 esse,
269 377 332 429 qui
356 389 434 416 non
457 374 534 414 sit?
554 372 615 412 An
638 380 679 412 tu
701 385 887 425 egressus
910 380 1020 426 porta
1036 373 1208 426 Capena,
1230 387 1345 426 quum
1365 374 1548 423 Calatini,

144 433 365 488 Scipionum
382 462 391 480 ‚
418 428 701 478 Serviliorum,
726 428 973 469 Metellorum
1006 429 1185 482 sepulcra
1215 430 1349 480 vides,
1384 431 1550 471 miseros

142 498 255 545 putas
287 489 403 528 illos?
443 487 503 526 Α.
539 484 732 536 Quoniam
763 498 824 525 me
844 484 968 525 verbo
999 486 1174 537 premis,
1193 487 1357 540 posthae
1388 501 1466 527 non
1496 487 1551 527 ita

144 547 288 587 dicam:
326 545 501 584 miseros
524 556 624 591 (esse,
650 542 718 583 sed
742 548 916 581 tantuin:
952 542 1135 592 miseros,
1162 543 1209 582 ob
1233 542 1271 582 id
1293 543 1433 597 ipsum,
1460 544 1550 596 quia

141 617 219 643 non
251 601 343 641 sint.
388 599 453 641 M.
488 599 577 639 Non
609 599 707 639 dicis
738 599 882 652 igitur:
916 600 1039 637 miser
1069 605 1132 638 est
1161 598 1226 639 M.
1256 597 1448 648 Crassus,
1482 601 1552 641 sed

76 668 118 701 1-1
140 665 310 699 tantum:
337 658 461 696 miser
482 654 546 696 M.
576 655 765 696 Crassus:
811 656 869 695 A.
896 655 950 694 lta
974 653 1102 707 plane.
1143 653 1206 695 M.
1235 655 1351 706 Quasi
1373 669 1452 695 non
1482 669 1551 696 ne·

140 727 252 756 cesse
274 714 340 763 sit,
373 712 557 767 quioquid
587 712 664 753 isto
687 713 801 752 modo
825 711 1070 766 pronunties,
1104 711 1140 751 id
1164 719 1232 752 aut
1255 725 1343 753 esse
1375 719 1443 752 aut
1472 726 1551 752 non

139 785 242 813 esse.
286 770 346 810 An
370 777 410 810 tu
432 769 646 809 dialecticis
668 783 717 809 ne
740 768 909 809 imbutus
941 768 1094 821 quidem
1119 769 1187 808 es?
1218 769 1261 809 ln
1283 769 1416 823 primis
1447 768 1551 809 enim

140 830 213 869 hoc
236 827 424 868 traditur:
459 839 573 865 omne
598 826 887 879 pronuntiatum
911 825 986 875 (sic
1009 825 1111 864 enim
1143 825 1234 866 mihi
1265 826 1304 865 in
1327 826 1551 879 praesentia

140 885 309 926 occurrit
344 890 385 924 ut
413 883 651 936 appellarem
681 876 875 934 ἆξίωμας
920 889 1008 921 utar
1039 889 1125 935 post
1157 882 1250 929 alio,
1291 882 1323 922 si
1357 882 1550 922 invenero

138 941 296 993 melius)
329 963 378 970 -
421 940 456 980 id
491 953 586 993 ergo
616 946 677 979 est
712 939 1033 993 pronuntiatum,
1079 939 1182 991 quod
1214 946 1275 980 est
1305 951 1441 979 verum
1484 946 1551 979 aut

141 999 294 1039 falsum.
340 996 464 1047 Quum
489 997 583 1036 dieis
606 996 750 1050 igitur:
786 997 908 1035 miser
930 995 994 1035 JI.
1024 992 1215 1043 Crassus,
1243 1003 1307 1036 aut
1330 995 1403 1036 hoc
1426 995 1546 1036 dicis:

138 1057 347 1095 miserest
366 1054 429 1093 JI.
462 1052 654 1101 Crassus,
688 1059 729 1092 ut
760 1051 884 1106 possit
913 1051 1091 1101 iudicari,
1117 1065 1255 1092 verum
1285 1052 1324 1092 id
1357 1052 1550 1092 falsumne

138 1111 203 1162 sit,
239 1118 306 1151 aut
337 1109 433 1150 nihil
465 1109 562 1149 dieis
595 1109 770 1149 omnino.
815 1107 875 1148 A.
908 1107 991 1161 Age
1023 1108 1099 1148 iam
1132 1109 1319 1158 concedo,
1353 1123 1431 1149 non
1462 1121 1550 1149 esse

138 1168 322 1216 miseros,
355 1167 419 1219 qui
450 1166 593 1206 mortui
625 1166 720 1215 sint,
747 1165 931 1219 quoniam
961 1165 1186 1215 extorsisti,
1219 1173 1259 1205 ut
1290 1166 1453 1214 faterer,
1486 1166 1550 1218 qui

138 1225 297 1264 omnino
320 1237 399 1263 non
422 1230 569 1271 essent,
595 1236 664 1263 eos
687 1236 735 1262 ne
758 1222 924 1263 miseros
947 1222 1100 1275 quidem
1131 1236 1219 1263 esse
1249 1236 1379 1276 posse.
1425 1221 1551 1272 Quid?

139 1282 204 1335 qui
228 1281 412 1329 vivimus,
440 1294 557 1332 quum
580 1279 824 1320 moriendum
847 1279 912 1327 sit,
939 1292 1070 1318 nonne
1093 1279 1224 1319 miseri
1248 1280 1410 1320 sumus?
1442 1278 1549 1329 Quae

138 1338 242 1378 enim
274 1343 402 1391 potest
429 1337 468 1376 in
490 1337 570 1377 vita
593 1350 681 1376 esse
710 1337 946 1383 iucunditas,
973 1349 1090 1388 quum
1113 1336 1196 1376 dies
1220 1343 1259 1377 et
1279 1342 1415 1376 noc-tes
1443 1336 1549 1389 eogi-

137 1395 295 1435 tandum
320 1393 386 1441 sit,
411 1394 487 1433 iam
510 1394 664 1446 iamque
687 1406 774 1434 esse
798 1392 1078 1432 moriundum?

178 1506 285 1544 porta
314 1503 470 1543 Capena.
514 1499 569 1532 Sic
601 1500 655 1541 lag
680 1510 720 1531 an
747 1501 807 1531 der

134 1548 288 1580 Siidseite
314 1557 377 1578 von
404 1545 484 1577 Rom
512 1546 613 1587 (jetzt
634 1549 743 1588 porta
771 1545 808 1577 de?

133 1594 170 1627 S.
192 1591 419 1632 Sebastiano)
447 1591 511 1622 und
541 1590 652 1623 ffihrte
672 1601 733 1622 zur
751 1593 805 1622 υία

134 1640 265 1681 Αμμία.
286 1656 329 1661 -—
347 1637 408 1668 Die
428 1636 550 1668 Rumor
569 1636 677 1676 legten
699 1635 806 1668 Grab-

133 1685 240 1717 m'aler
257 1682 507 1724 vorzugsweise
525 1691 566 1713 an
586 1682 649 1713 den
663 1681 805 1713 besuch-

134 1735 241 1762 testen
261 1729 417 1760 Sti-assei}
437 1737 493 1759 an.

180 1775 354 1807 Calatini.
375 1775 416 1805 Α.
437 1772 573 1811 Atilius,
593 1783 654 1804 aus
670 1772 802 1804 Calatia

132 1821 164 1852 in
178 1819 380 1862 Campanien
398 1818 597 1857 stammend,
619 1818 724 1849 daher
740 1818 804 1849 Ca-

132 1866 256 1898 latinus
275 1868 433 1905 genannt,
463 1863 527 1894 255
548 1863 614 1894 und
633 1864 697 1894 254
718 1863 805 1894 Con-

132 1911 203 1947 sul,
236 1909 446 1951 triumphirte
473 1909 538 1939 249
573 1909 624 1939 als
651 1908 805 1940 Dictator

133 1957 215 1988 iiber
240 1956 292 1987 die
319 1954 519 1994 Carthager.
555 1953 624 1985 Das
650 1954 800 1995 elogium

131 2012 194 2032 von
229 2001 353 2033 seinem
383 1999 542 2031 Grabmal
567 1999 659 2030 eitirt
685 1998 802 2031 Cicero

132 2046 208 2079 Cat.
225 2046 269 2078 M.
286 2047 338 2086 17,
353 2045 442 2077 (3111.
459 2045 498 2076 ‹le
515 2045 570 2076 tin.
592 2044 632 2076 ll.
647 2044 800 2085 35,116.

176 2092 420 2125 Serviliorum.
463 2091 521 2122 Am
561 2090 802 2122 bekanntesten

131 2138 207 2170 sind
227 2137 288 2169 Cn.
311 2137 473 2168 Servilius
492 2135 614 2178 C‘zipio,
644 2136 704 2167 der
724 2137 801 2175 1159,

131 2184 196 2215 und
224 2182 264 2224 Q.
294 2182 461 2214 Servilius
490 2181 613 2224 Ciipio,
649 2182 708 2212 der
740 2182 802 2212 1015

132 2228 256 2260 Consul
277 2238 358 2259 war.

175 2273 415 2306 Metellarum.
460 2272 521 2303 Die
551 2272 801 2304 beriilnnlesten

130 2330 190 2351 aus
209 2319 334 2351 diesem
354 2317 555 2350 vornelnnen
571 2317 800 2359 plebejischen

131 2364 353 2397 Gesehleehte
395 2373 507 2395 waren
549 2363 588 2394 L.
633 2362 801 2394 Caecilius

131 2409 300 2450 Metellus,
321 2411 381 2441 der
400 2410 463 2440 250
483 2409 534 2440 als
546 2408 727 2440 Proconsul
748 2409 799 2439 bei

133 2455 314 2488 Panormus
345 2456 406 2486 den
437 2453 627 2485 Hasdrubal
662 2454 799 2494 sclilug3

130 2502 170 2543 Q.
183 2501 350 2534 Caecilius
361 2500 439 2533 Met.
452 2498 701 2539 Macedonicus,
715 2500 801 2531 (Jon-

130 2547 181 2579 sut
204 2547 279 2588 143,
309 2547 373 2578 und
395 2547 454 2577 der
471 2545 713 2586 gleichnamige
735 2544 800 2576 Nu-

130 2593 283 2634 midicus,
310 2591 434 2624 Consul
456 2591 532 2623 102³.

926 1500 978 1531 1-1.
1022 1501 1179 1531 imbutas
1212 1500 1254 1530 im
1282 1497 1473 1540 Gegeusatz
1507 1509 1548 1531 zu

877 1545 1053 1577 eruditus.

922 1594 957 1622 in
974 1592 1104 1632 pra'mis
1126 1595 1253 1631 „unter
1271 1590 1333 1621 den
1352 1595 1464 1622 ersten
1483 1589 1549 1622 Ge-

876 1635 1104 1678 gensninden,
1141 1635 1268 1667 welche
1297 1635 1349 1667 die
1375 1634 1548 1667 Dialektik

876 1682 1010 1713 lehrt“.

921 1729 1082 1759 occurrit
1100 1730 1140 1758 ιιι·
1158 1727 1390 1767 appellarem.
1419 1727 1548 1759 Occur-

876 1775 929 1804 rit
961 1773 1005 1803 ist
1039 1772 1098 1803 das
1128 1770 1219 1803 Pers.
1255 1772 1420 1812 logicum3
1464 1772 1548 1804 iiber

874 1818 937 1850 den
958 1816 1053 1848 Coni.
1076 1816 1208 1858 lmperl'.
1231 1817 1358 1848 danach
1377 1828 1406 1848 s.
1427 1816 1549 1859 Zumpt

874 1862 1021 1895 Gramm.
1050 1861 1066 1903 ξ
1094 1863 1172 1892 514.
1216 1861 1292 1903 Vgl.
1327 1863 1366 1894 de
1396 1862 1451 1894 fin.
1484 1862 1545 1895 ΙΙΙ.

877 1909 929 1948 lli,
945 1909 1000 1940 53:
1017 1908 1113 1950 qnod
1125 1904 1302 1950 illicwuiq
1312 1908 1544 1951 ορονιίίοιιηί,

875 1954 913 1985 id
936 1954 1026 1985 milit?
1049 1956 1098 1984 lla
1124 1956 1305 1993 occurrit,
1342 1957 1384 1986 nt
1409 1953 1547 1997 ‘''ldsffss‘

874 2010 955 2031 rens
975 1999 1138 2030 dicerem.

920 2055 1021 2076 omne
1036 2047 1330 2086 pronuntiatum.
1349 2043 1543 2087 Vg1.Acad.

876 2089 915 2121 ll.
931 2090 985 2129 29,
1000 2091 1042 2122 95
1057 2102 1062 2120 :
1085 2090 1371 2122 Fundamentum
1384 2090 1546 2123 dialecti-

873 2146 934 2167 cae
952 2139 1026 2176 est,
1057 2136 1236 2178 quidquid
1260 2138 1469 2168 enuntietur
1496 2135 1547 2176 (id

872 2185 989 2212 autem
1010 2181 1193 2223 appellant
1211 2177 1365 2226 ἀξίωμα,
1378 2181 1474 2223 quod
1493 2185 1547 2214 est

873 2229 978 2268 quasi
1006 2227 1103 2267 esjsa
1117 2230 1129 2258 t
1141 2237 1161 2257 ιι
1174 2227 1224 2267 m)
1252 2231 1316 2259 aut
1335 2237 1454 2259 verum
1473 2237 1546 2260 esse

873 2272 1102 2312 autfalsztm.

918 2317 955 2348 id
973 2328 1056 2359 ergo
1076 2321 1129 2349 est
1146 2322 1211 2349 etc.
1243 2316 1304 2348 Mit
1326 2327 1410 2359 crgo
1429 2317 1545 2350 uimmt

872 2360 941 2394 Cic.
955 2363 1017 2393 den
1030 2362 1131 2394 durch
1146 2363 1199 2394 die
1214 2361 1418 2395 parenthese
1432 2368 1545 2395 unter-

871 2407 1062 2439 brochenen
1098 2407 1280 2439 Gedanken
1315 2408 1442 2439 wieder
1473 2408 1542 2448 auf,

872 2452 1003 2485 l'reilich
1024 2453 1293 2491 anakolutliisch‚
1312 2453 1397 2484 denn
1416 2453 1544 2493 cigent-

872 2498 934 2529 lich
955 2509 1026 2529 war
1055 2498 1306 2530 sortzul'ahren:
1336 2498 1443 2530 Omne
1457 2509 1543 2540 pro-

871 2546 1077 2576 nuntiatum
1116 2554 1200 2585 ergo
1233 2554 1353 2575 verum
1393 2547 1446 2575 est
1479 2548 1543 2576 aue

862 2589 1020 2630 salsum.
