1684 2819
196 159 276 199 220

585 157 642 189 DE
669 156 850 190 OFFICIIS
878 156 956 189 LIB.
974 155 1027 188 III.
1053 156 1143 190 CAP.
1162 156 1215 189 33.

195 261 268 299 tiae
289 270 426 310 genere
443 259 619 310 gaudere,
641 264 724 298 tum
746 265 782 298 et
798 270 983 310 praesens
1004 263 1131 298 tecum
1153 259 1393 311 propediem,
1410 267 1453 299 ut
1475 273 1601 312 spero,

196 322 250 362 et,
280 316 371 354 dum
401 315 547 362 aberis,
575 315 714 354 absens
741 315 888 367 loquar.
930 314 1018 353 Vale
1045 315 1177 366 igitur,
1203 316 1257 354 mi
1278 315 1428 365 Cicero,
1455 316 1602 368 tibique

197 372 386 423 persuade
408 384 493 410 esse
517 377 550 410 te
571 371 726 423 quidem
743 372 838 411 mihi
861 370 1117 418 carissimum,
1140 371 1207 411 sed
1229 373 1350 411 multo
1373 374 1453 412 sore
1475 373 1599 412 cario-

194 441 292 474 rem,
321 427 353 466 si
374 428 512 467 talibus
535 428 798 467 monumentis
823 428 1112 480 praeceptisque
1133 428 1333 467 laetabere.

238 542 481 579 monumentis,
512 540 541 571 d.
562 541 581 577 i„
602 539 753 582 script153
789 540 818 582 ξ.
843 541 863 571 4

193 586 285 619 nulla
302 587 371 617 eius
389 587 516 627 ingenii
530 588 749 617 monumenta
765 596 862 617 man-

193 631 275 663 data
296 630 428 662 litteris.
468 629 492 670 Ι,
510 630 564 669 44,
588 630 649 661 156
666 641 862 662 monumen-

195 679 236 708 tis
260 675 461 708 litterarum.
502 674 577 706 Man
602 676 657 706 hat
680 675 750 706 also
776 676 863 707 nicht

193 721 305 762 nb'thig
337 721 565 752 monumentis
594 720 625 751 in
655 722 792 752 monitis
821 731 861 751 zu

193 767 328 798 anderu.

237 856 412 889 laetabere.
447 857 552 889 Trotz
575 858 634 889 del·
652 858 757 889 oratio
775 857 862 889 obli-

195 912 256 944 qua
274 902 356 934 wird
375 903 434 934 der
450 901 610 934 Indicativ
628 903 686 933 des
701 902 861 934 Futurum

193 947 416 988 beibehalten,
446 957 498 978 wo
529 947 581 978 die
605 947 863 987 Umschreibung

193 993 250 1023 des
276 991 471 1032 Conjunctiv
501 992 601 1023 durch
631 993 689 1023 das
718 991 861 1034 Particip

937 540 1129 582 unbequem,
1154 540 1213 572 der
1230 540 1428 582 conjunctiv
1445 542 1502 573 des
1519 541 1602 573 Prii-

937 595 1013 616 sens
1032 585 1220 617 undeutlich
1239 586 1406 625 erschien3
1430 586 1512 618 Phil.
1530 586 1603 618 VIII

936 628 967 672 ξ.
983 629 1024 660 27
1037 630 1227 672 postulavit
1243 631 1371 664 tamdia
1389 634 1427 663 ut
1449 633 1603 673 obtineat,

936 675 1016 706 dum
1033 675 1078 708 M.
1099 675 1238 715 Brutus,
1261 675 1292 708 C.
1315 675 1452 709 Cassius
1466 679 1603 720 provin-

936 722 1005 752 cias
1031 722 1234 753 obtinebunt.
1269 721 1311 752 ib.
1329 720 1377 753 XI
1394 720 1424 763 ξ.
1444 721 1486 753 30
1507 732 1604 754 sena-

937 767 988 798 tm·
1000 765 1143 809 placere,
1162 769 1201 798 ut
1216 776 1457 808 quamcumque
1473 769 1507 798 in
1522 777 1603 810 pro-

936 812 1075 843 vinciam
1094 813 1166 843 eius
1184 811 1260 843 belle·
1270 812 1417 854 gerendi
1429 822 1532 844 cansa
1544 812 1604 845 ad-

936 859 1070 898 venerit,
1089 857 1135 888 ibz'
1149 857 1263 888 maius
1277 858 1457 900 imperium
1472 856 1504 889 C.
1522 857 1603 889 Cas-

935 903 980 933 sii
994 903 1046 942 sit,
1064 912 1163 943 quam
1180 902 1251 933 eius
1269 904 1343 942 erit,
1362 904 1420 944 qui
1433 913 1507 934 eam
1521 913 1603 946 pro·

934 948 1074 978 m'ncz'am
1103 947 1270 986 obtinebit,
1300 956 1376 978 cum
1405 946 1438 978 C.
1465 946 1602 980 Cassius

934 1008 977 1014 -—
994 992 1029 1022 in
1045 1001 1120 1022 eam
1135 1008 1179 1013 —-
1195 992 1334 1023 venerit.
1519 987 1531 993 ⁵
