1684 2819
582 180 661 212 ΜΒ.
679 179 731 212 ΠΙ.
771 180 863 213 CAP.
885 180 1039 212 17—19.
1431 181 1508 221 193

114 281 250 329 amavi,
278 281 437 320 alterum
458 294 539 320 non
561 282 624 321 odi
645 288 856 322 mortuum.
885 283 972 338 ‚Sed
995 295 1081 321 cum
1102 282 1250 321 Basilus
1271 282 1319 321 M.
1342 282 1510 321 Satrium

114 337 261 376 sororis
289 337 409 376 filium
437 350 580 377 nomen
608 351 723 378 suum
751 340 848 378 serre
869 339 1053 378 voluisset
1079 352 1246 390 eumque
1269 339 1421 377 fecisset
1441 339 1510 378 he—

111 394 244 432 redem
270 417 323 421 —
351 394 455 433 hunc
482 395 566 433 dico
594 401 804 446 patronum
830 396 909 446 agri
930 395 1060 434 Piceni
1083 401 1119 434 et
1141 395 1287 442 Sabini,
1315 408 1336 434 o
1358 401 1511 446 turpem

111 455 244 488 notam
264 456 487 501 temporum
512 452 673 500 [nomen
693 451 886 501 illorum!
908 476 974 498 —,
1000 464 1094 490 num
1116 457 1195 490 erat
1214 464 1378 503 aequum
1401 451 1510 502 prin-

113 506 216 557 cipes
244 507 344 545 cives
375 519 455 545 ren]
478 507 636 553 habere,
668 508 715 546 ad
737 508 905 547 Satrium
927 508 1020 547 nihil
1040 514 1190 558 praeter
1210 520 1354 547 nomen
1375 520 1511 559 perve-

49 575 58 580 ·
111 561 222 601 nire?
262 563 430 610 Etenim,
454 564 485 602 si
507 564 557 609 is,
579 564 643 614 qui
664 576 743 602 non
766 565 932 603 defendit
954 564 1130 603 iniuriam
1151 577 1275 615 neque
1298 564 1510 615 propulsat,

112 631 199 657 cum
221 625 365 669 potest,
392 619 534 658 iniuste
556 621 662 667 facit,
690 626 732 659 ut
753 621 791 659 in
814 621 940 671 primo
964 621 1061 659 libro
1085 621 1269 667 disserui,
1299 620 1419 671 qualis
1440 620 1509 658 ha-

110 674 258 714 bendus
281 681 340 714 est
360 676 412 721 is,
442 676 503 726 qui
526 687 606 714 non
628 676 745 715 modo
767 669 848 715 fion
869 677 1033 728 repellit,
1056 677 1122 715 sed
1143 677 1257 716 etiam
1278 677 1429 715 adiuvat
1449 676 1510 714 in-

109 730 275 770 iuriam?
335 731 426 770 Mihi
461 732 617 782 quidem
654 733 768 771 etiam
804 746 913 772 verae
948 733 1177 771 hereditates
1212 745 1293 771 non
1328 733 1512 771 honestae

109 787 302 835 videntur,
340 788 372 826 si
400 794 491 826 sunt
517 788 716 827 malitiosis
745 789 958 835 blanditiis,
991 790 1206 828 officiorum
1235 801 1316 828 non
1345 789 1509 835 veritate,

111 843 178 882 sed
215 844 458 882 simulatione
496 844 698 894 quaesitae.
754 845 868 895 Atqui
903 845 942 883 in
977 845 1114 883 talibus
1150 845 1263 883 rebus
1292 845 1392 883 aliud
1419 845 1511 883 utile

109 899 319 947 interdum,
342 900 442 938 aliud
462 900 669 939 honestum
691 900 808 939 videri
831 901 940 940 solet.
981 901 1113 940 Falso:
1141 914 1230 940 nam
1253 902 1384 939 eadem
1406 901 1508 939 utili-

110 955 197 994 tatis
220 968 317 1006 quae
338 957 550 995 honestatis
573 963 631 995 est
651 958 791 1006 regula.
833 958 906 1004 Qui
927 958 1002 996 hoc
1021 970 1101 996 non
1122 957 1344 1008 perviderit,
1370 957 1415 996 ah
1437 958 1512 995 hoc

109 1068 191 1099 auch
216 1068 249 1098 in
272 1068 331 1099 der
352 1068 542 1109 Einleitung
563 1079 636 1100 zum
654 1069 774 1100 Brutus

111 1113 162 1143 ein
181 1113 390 1145 ehrenvolles
410 1114 567 1145 Denkmal
586 1118 703 1145 setzte.

155 1157 298 1189 alterum
321 1169 385 1195 1101(
413 1158 469 1190 odi
489 1161 674 1191 mortuum.
709 1159 774 1190 Cic.

109 1212 180 1234 war
212 1202 351 1234 Crassus
390 1201 621 1235 erbittertster
652 1203 773 1241 Feind3

109 1248 149 1278 ad
172 1247 247 1279 fani.
266 1247 290 1288 1,
309 1248 339 1287 9,
358 1248 374 1278 7
410 1259 485 1279 eum
506 1248 672 1280 inclusum.
694 1248 776 1279 illud
818 1281 826 1284 ,

111 1292 222 1324 odium
248 1292 431 1325 multarum
460 1295 530 1324 eius
561 1293 707 1333 (Crassi)
739 1294 772 1323 1'11

108 1348 161 1368 me
177 1338 396 1379 iniuriarum,
427 1338 516 1380 quod
531 1349 592 1380 ego
616 1349 668 1369 me
686 1339 773 1379 effu-

110 1382 200 1413 disse
232 1393 327 1414 omne
355 1384 565 1421 arbitrabar,
600 1383 771 1415 residuum

109 1430 219 1458 tamen
237 1429 398 1459 insciente
415 1429 622 1470 ine-suisset,
640 1431 775 1471 repenle

110 1483 207 1504 omne
224 1472 394 1515 adparuit..
445 1473 532 1504 Doch
558 1473 632 1504 l'and
651 1473 775 1513 wenig-

110 1522 202 1549 stens
220 1518 302 1548 noch
325 1518 396 1548 eine
416 1518 607 1549 scheinbare
625 1518 774 1549 Aussiih-

110 1573 197 1602 nung
220 1573 281 1593 vor
299 1562 438 1593 Crassus
457 1563 548 1602 Zuge
575 1564 654 1594 nach
673 1563 773 1594 Asien

111 1612 211 1645 statt3
245 1608 285 1638 ad
309 1607 383 1638 salu.
409 1618 448 1638 an
472 1608 646 1638 derselben
670 1608 775 1639 Stelle

111 1663 186 1684 cum
210 1652 390 1696 Pompeius
413 1655 461 1683 ita
485 1648 709 1684 contendisset
740 1656 775 1684 lll

109 1697 193 1728 m‘ln‘l
204 1708 363 1739 amquam
374 1699 497 1739 magis,
513 1700 550 1729 ut
563 1708 637 1728 cum
653 1697 773 1733 Crasso

110 1742 256 1774 redirem
269 1743 608 1783 ing7·at1'czm,—lzalme'
615 1753 679 1774 11οη
693 1745 774 1774 tem-

107 1797 232 1830 porum
254 1787 365 1819 solum
386 1789 568 1825 rationem,
598 1788 659 1819 sed
674 1790 775 1819 etiam

109 1835 251 1864 natm-ae
267 1843 370 1873 meae,
390 1832 609 1874 Crassusque,
629 1835 666 1864 ul
682 1834 778 1875 quase?

112 1880 236 1908 testata
248 1878 372 1921 populo
390 1877 539 1909 Romano
557 1881 646 1909 esset
658 1880 775 1919 gratia

110 1925 236 1963 nostra,
252 1933 359 1965 paene
375 1933 396 1953 a
412 1924 495 1953 meis
509 1923 636 1954 laribus
650 1925 681 1954 ῖη
694 1933 774 1966 pro-

110 1968 248 1998 vinciam.
266 1970 319 1998 est
331 1968 520 2010 profectus.

153 2012 204 2043 74.
216 2010 431 2044 M.Satrium.
448 2012 538 2044 Nach
548 2012 773 2054 derAdoption

111 2057 199 2088 hiess
217 2067 254 2087 er
277 2056 321 2088 M.
341 2057 502 2088 Minucius
520 2057 648 2088 Basilus
667 2058 773 2089 Satri-

111 2112 204 2133 anus.
244 2101 291 2132 Er
307 2112 378 2132 war
394 2102 443 2133 ein
463 2101 612 2133 Genosse
629 2103 687 2133 des
705 2103 774 2133 An-

112 2146 221 2177 tonius
249 2147 315 2177 und
337 2147 421 2177 wird
445 2147 525 2177 auch
554 2146 636 2177 Phil.
654 2145 697 2185 II,
721 2147 774 2185 41,

115 2190 175 2221 107
190 2191 239 2222 als
253 2191 375 2222 Patron
390 2190 559 2222 italischer
572 2190 775 2222 Landschas-

113 2240 168 2266 ten
187 2235 407 2275 angegriffen:
432 2238 567 2267 vexara-
586 2236 772 2275 (Antonius)

110 2280 333 2318 Puteolanos,
365 2280 453 2322 quod
484 2280 654 2320 Cassium,
690 2281 778 2323 quod

111 2325 238 2357 Brutos
252 2328 415 2368 patronos
438 2325 666 2368 adoptassmzt.
700 2326 775 2357 Ma-

109 2381 180 2412 gno
197 2370 326 2412 quidem
344 2370 468 2402 iudicio
484 2371 612 2412 studio,
637 2372 774 2402 benero—

112 2415 214 2447 lentz'a
227 2417 378 2457 caritate,
395 2425 460 2447 non
477 2418 513 2447 m}
528 2418 615 2456 te,ut
623 2416 775 2447 Basilum

112 2461 146 2491 vi
169 2463 202 2491 et
222 2462 328 2492 armis
353 2463 386 2492 et
406 2460 489 2492 alios
514 2463 619 2492 vestri
640 2461 775 2503 similes,

114 2515 195 2546 quos
209 2505 342 2537 clientes
358 2516 454 2537 nemo
472 2506 593 2537 hahere
610 2506 693 2545 velit,
710 2517 774 2537 mm

111 2549 211 2581 modo
234 2549 367 2582 illorum
389 2551 491 2582 cliens
509 2562 592 2582 esse.
632 2550 699 2582 Der
716 2550 778 2582 Mi-

114 2595 228 2626 nucius
237 2594 374 2638 Basilus,
390 2595 654 2638 dervonAppian
665 2595 702 2637 II,
716 2595 776 2627 113

185 2648 244 2676 Cic.
256 2649 292 2676 de
307 2650 385 2677 offic.

847 1074 943 1101 unter
961 1070 1021 1100 den
1039 1069 1196 1101 Miirdern
1211 1070 1350 1101 Caesars
1368 1074 1512 1110 genannt

848 1115 928 1145 wird
946 1114 1010 1145 und
1034 1114 1074 1145 im
1100 1114 1272 1155 folgenden
1292 1115 1389 1145 Jahre
1408 1114 1513 1146 selbst

847 1160 1038 1199 erschlagen
1058 1160 1188 1197 wurde,
1216 1160 1259 1191 ist
1278 1159 1441 1191 natiirlich
1459 1159 1510 1190 ein

846 1205 976 1235 andrer.

893 1269 910 1289 o
936 1260 1065 1300 turpem
1096 1259 1213 1288 notam
1236 1260 1425 1301 temporam
1453 1269 1513 1289 ηυ-

847 1313 921 1333 men
950 1302 1092 1334 e'llorlme.
1129 1302 1171 1333 So
1202 1302 1302 1333 haben
1334 1303 1385 1334 die
1415 1302 1510 1334 Hdss.

847 1348 931 1379 Dass
950 1347 1015 1378 Cic.
1041 1348 1102 1378 den
1127 1346 1250 1378 Numen
1277 1347 1404 1379 Basilus
1435 1348 1511 1388 (βα-

848 1388 977 1432 alteas)
999 1392 1053 1423 fiir
1071 1392 1142 1423 cine
1161 1394 1270 1435 turpis
1288 1395 1367 1424 nota
1385 1395 1511 1436 tempo-

848 1448 924 1469 rum
941 1437 1093 1468 erkl‘aren
1114 1437 1194 1475 soll,
1224 1438 1329 1468 worin
1354 1448 1390 1469 er
1412 1438 1512 1469 hoch-

848 1487 939 1514 stens
954 1483 1004 1513 ein
1014 1482 1141 1513 malam
1156 1492 1249 1513 omen
1267 1483 1364 1514 sehen
1376 1482 1511 1521 konnte,

848 1528 891 1558 ist
920 1527 1113 1566 unmoglich.
1161 1537 1280 1558 nomen
1303 1528 1439 1559 illorum.
1468 1528 1512 1559 ist

849 1572 1121 1611 Randerkliirung
1153 1572 1243 1603 eines
1275 1572 1414 1612 Lesers,
1453 1573 1512 1603 der

849 1618 935 1648 nicht
952 1618 1120 1653 vei-stand,
1147 1617 1222 1647 dass
1240 1617 1299 1648 der
1316 1616 1444 1649 Ausruf
1457 1617 1515 1648 auf

848 1663 905 1693 das
928 1662 1198 1701 vorhcrgehende
1225 1665 1409 1703 patronum
1434 1664 1514 1703 agri

847 1707 963 1738 Piceni
993 1707 1060 1738 sich
1095 1706 1234 1738 hezieht.
1285 1707 1327 1738 Es
1360 1708 1405 1738 ist
1438 1708 1510 1738 eine

848 1752 1014 1791 Schmach,
1033 1752 1108 1782 dass
1122 1751 1374 1792 Landschal'ten,
1388 1752 1439 1783 die
1454 1752 1511 1783 das

847 1797 1009 1827 rinnische
1040 1796 1258 1836 Biirgerrecht
1289 1797 1409 1833 haben,
1442 1797 1511 1828 sich

848 1843 940 1873 einen
975 1841 1139 1872 Patronus
1172 1842 1338 1872 erw'ahlen
1367 1842 1510 1878 miissen,

846 1887 910 1917 wie
924 1886 1309 1917 unterworfeneviilker
1325 1885 1359 1925 (I,
1378 1886 1428 1926 11,
1444 1885 1509 1925 35),

847 1932 911 1963 und
928 1942 1002 1963 voni
1016 1931 1350 1972 Parteistandpunkte
1365 1931 1510 1970 Ciceros,

847 1977 923 2007 dass
953 1977 1000 2007 sie
1025 1976 1121 2007 einen
1146 1975 1311 2007 Antonius
1336 1977 1400 2007 und
1419 1976 1511 2006 Basi-

848 2022 917 2060 lus,
945 2021 1032 2052 nicht
1049 2021 1169 2052 Brutus
1187 2021 1252 2051 und
1271 2021 1403 2052 Cassius
1422 2021 1511 2051 wah-

849 2066 912 2097 len.
948 2066 1075 2097 §Vollte
1093 2076 1163 2096 inan
1183 2065 1254 2096 blos
1271 2076 1389 2096 nomen
1412 2065 1512 2096 strei—

849 2112 946 2149 chen,
977 2121 1013 2141 so
1032 2111 1144 2141 wiirde
1162 2110 1298 2141 illorum
1321 2121 1361 2140 zu
1387 2112 1513 2152 tempo—

848 2166 926 2187 rum
940 2156 1028 2187 nicht
1044 2165 1173 2196 passeri,
1192 2155 1230 2185 da
1244 2155 1280 2194 ja
1299 2155 1329 2185 in
1348 2155 1407 2185 der
1425 2154 1510 2193 Zeit,

848 2211 899 2231 wo
915 2200 979 2231 Cic.
998 2200 1067 2230 dies
1086 2199 1225 2237 schrieb,
1245 2199 1375 2230 Satrius
1388 2198 1511 2230 Patron

847 2255 932 2284 war,
959 2245 1024 2276 Cic.
1048 2244 1159 2275 inithin
1183 2246 1371 2287 temporum
1392 2244 1512 2276 horum

847 2290 1059 2330 geschrieben
1079 2288 1182 2320 haben
1200 2289 1324 2321 wiirde.

890 2347 1000 2390 primo
1017 2346 1120 2377 libro:
1144 2346 1173 2385 7,
1192 2344 1244 2377 23.

893 2402 1072 2434 malitiosis
1091 2401 1269 2434 blanditiis.
1300 2402 1359 2433 Die
1378 2402 1511 2433 anheit

847 2448 931 2479 wird
948 2447 1041 2478 dabei
1059 2457 1163 2487 gegen
1183 2447 1233 2478 die
1250 2447 1428 2487 ausge‘u‘ht,
1453 2447 1510 2478 de-

851 2504 910 2523 nen
930 2493 986 2523 das
1002 2492 1087 2523 Erbe
1107 2496 1266 2532 entzogen
1282 2492 1376 2523 wird.

896 2549 949 2580 75.
981 2550 1021 2580 ab
1053 2549 1113 2580 Ιιοο
1144 2548 1236 2580 nulla
1255 2550 1368 2589 fraus
1396 2549 1512 2587 aberit,

850 2595 909 2625 der
925 2594 969 2626 ist
981 2594 1077 2635 jedes
1096 2593 1236 2634 Betrugs
1252 2593 1353 2634 l'ahig.

1184 2648 1224 2681 13
