1684 2819
641 208 717 240 Lle.
738 208 775 239 11.
814 208 903 240 011).
923 208 952 240 c.
973 210 1002 240 τ.
1449 210 1525 249 113

127 313 210 351 neri
232 313 401 350 humano
424 310 606 355 evenerit,
634 310 737 360 quod
758 310 796 348 in
818 315 934 355 terra,
964 311 1038 349 hoc
1059 316 1117 349 est
1138 311 1176 348 in
1199 309 1442 349 crassissima
1462 323 1525 348 re-

126 369 238 419 gione
258 366 404 412 mundi,
427 366 598 405 collocati
621 366 707 405 sint.
740 367 787 405 Et
806 372 935 404 tamen
956 380 1001 405 ex
1021 367 1104 417 ipsa
1124 367 1327 405 hominum
1349 366 1526 413 sollertia,

127 436 210 462 esse
231 422 395 472 aliquam
416 429 604 462 mentem.
635 428 670 461 et
691 436 773 460 eam
796 423 948 473 quidem
973 423 1159 461 acriorem
1182 430 1218 461 et
1239 423 1423 469 divinam,
1447 435 1526 461 exi-

127 479 281 518 stimare
309 479 506 517 debemus.
551 478 655 517 Unde
683 481 782 517 em'm
811 479 909 517 lianc
930 478 1039 517 homo
1073 478 1267 530 arripuit?
1294 484 1336 517 ut
1356 478 1405 517 ait
1427 479 1527 529 apud

125 535 423 586 Xenophontem
454 535 643 573 Socrates.
684 534 785 581 Quin
812 541 848 572 et
876 535 1078 573 humorem
1103 541 1138 572 et
1168 535 1354 581 calorem,
1386 534 1449 585 qui
1470 540 1529 573 est

126 592 235 629 fusus
264 591 302 628 in
331 603 511 642 corpore,
537 597 572 629 et
599 596 791 629 terrenam
812 591 937 641 ipsam
959 591 1148 629 viscerum
1171 591 1422 638 soliditatem,
1444 590 1528 629 ani-

125 659 231 685 mum
255 647 417 697 denique
436 647 541 685 illum
565 646 804 697 spirabilem,
832 646 863 683 si
885 647 968 696 quis
991 652 1157 696 quaerat,
1180 647 1282 685 unde
1303 647 1526 693 habeamus,

126 708 300 754 apparet:
331 704 434 753 quod
456 703 555 741 aliud
578 715 597 740 a
617 708 717 741 terra
739 703 999 753 sumpsimus,
1029 702 1127 740 aliud
1151 703 1196 741 ab
1219 704 1399 749 humore,
1427 703 1527 742 aliud

126 760 172 797 ab
201 760 302 810 igne,
331 759 429 797 aliud
458 759 504 797 ab
527 762 611 797 aere
634 771 678 795 eo
709 770 821 807 quem
852 757 990 808 spiritu
1018 758 1206 796 ducimus.

126 816 230 865 quod
252 814 366 852 vincit
386 815 478 852 haec
501 814 640 860 onmia,
664 814 850 852 rationem
875 813 960 851 dico
984 819 1031 859 ct,
1055 813 1085 851 si
1108 814 1231 864 placet
1251 815 1425 864 pluribus
1444 827 1528 853 rer-

124 871 201 917 bis,
230 876 417 915 mentem,
445 870 667 916 consilium,
691 870 983 919 cogitationem,
1007 870 1270 920 prudentiam,
1293 870 1358 908 ubi
1380 870 1529 908 inveni-

125 925 242 964 mus?
271 926 372 964 unde
394 924 648 964 sustulimus?
690 927 748 963 An
772 932 893 964 cetera
914 927 1083 964 mundus
1107 926 1261 964 habebit
1284 926 1432 972 omnia,
1455 927 1531 966 hoc

124 994 257 1028 unum,
281 982 384 1032 quod
405 982 559 1032 plurimi
583 987 651 1027 est,
672 994 751 1019 non
774 980 954 1020 habehit?
995 982 1109 1032 Atqui
1127 988 1226 1020 certe
1242 982 1337 1020 nihil
1355 983 1527 1021 omnium

125 1050 254 1076 rerum
289 1038 424 1076 melius
460 1044 517 1076 est
549 1039 717 1081 mundo.
752 1038 846 1076 nihil
877 1038 1162 1088 praestabilius,
1197 1038 1289 1076 nihil
1319 1039 1529 1088 pulchrius,

126 1106 196 1132 nec
223 1095 349 1132 solum
376 1095 471 1132 nihil
500 1100 574 1141 est,
613 1095 679 1133 sed
707 1106 754 1132 ne
785 1095 941 1144 cogitari
972 1094 1123 1145 quidem
1154 1094 1362 1144 quidquam
1392 1095 1527 1134 melius

126 1155 265 1201 potest.
307 1151 354 1188 Et
381 1150 412 1188 si
439 1150 587 1188 ratione
617 1157 654 1189 et.
681 1150 868 1201 sapientia
896 1150 989 1188 nihil
1017 1156 1074 1188 est
1101 1151 1255 1195 melius,
1283 1162 1442 1189 necesse
1471 1156 1530 1190 est

123 1207 217 1244 haec
237 1206 364 1244 inesse
384 1207 423 1244 in
445 1219 510 1253 ee,
534 1207 636 1257 quod
660 1207 851 1257 optimum
873 1219 958 1244 0550
981 1207 1241 1244 concedimus.
1285 1206 1383 1253 Quid
1407 1205 1526 1245 vero‘?

124 1267 227 1300 tanta
248 1274 375 1300 rerum
399 1262 660 1308 consentiens,
690 1263 941 1313 conspirans,
972 1262 1193 1301 continuata
1215 1263 1390 1312 cognatio
1414 1276 1527 1313 quem

128 1330 209 1356 non
231 1324 340 1368 coget
361 1331 421 1365 ea,
446 1331 541 1369 quae
562 1319 743 1357 dicuntur
765 1333 783 1357 a
806 1332 886 1365 me,
914 1317 1197 1370 comprobare?
1238 1319 1428 1357 Possetne
1452 1331 1527 1357 uno

125 1380 301 1425 tempore
336 1375 491 1421 florere,
528 1375 665 1413 deinde
693 1375 862 1413 vicissim
890 1375 1049 1413 horrere
1076 1373 1204 1413 terra?
1238 1381 1301 1413 aut
1330 1381 1387 1413 tot.
1414 1375 1528 1413 rebus

128 1431 223 1481 ipsis
246 1443 286 1468 se
307 1431 598 1469 immutantibus
621 1431 713 1469 solis
735 1444 913 1469 accessus
937 1432 1209 1481 discessusque
1236 1431 1408 1469 solstitiis
1433 1432 1528 1469 bru—

125 1486 275 1537 misque
311 1486 522 1536 cognosci?
559 1492 623 1525 aut
658 1492 787 1525 aestus
823 1486 1004 1526 maritimi
1039 1488 1304 1537 fretorumque
1332 1487 1529 1537 angustiae

172 1585 224 1616 18.
251 1589 283 1617 et
299 1589 419 1628 tamen,
439 1587 469 1617 d.
488 1587 518 1617 11.
536 1587 588 1617 bei
603 1587 687 1617 aller
700 1587 790 1617 ihrer

126 1629 467 1668 quollkommenheit
495 1631 539 1662 ist
567 1632 619 1662 die
642 1632 791 1662 mensch-

125 1675 206 1706 liche
236 1675 400 1707 Vernunl't
429 1676 510 1707 doch
536 1686 599 1706 von
628 1677 687 1706 der
716 1676 789 1715 Art,

126 1721 201 1750 dass
219 1720 282 1751 wir
300 1721 347 1751 sie
373 1732 434 1751 nur
456 1721 504 1751 als
530 1723 680 1752 Auslluss
698 1721 791 1752 einer

125 1764 266 1795 hiiheren
290 1765 469 1805 gottliclien
487 1764 654 1797 Vernunft
676 1766 789 1796 00111Ξὶ-

125 1819 183 1840 ren
201 1809 339 1841 konnen.
372 1810 448 1850 Vgl.
467 1821 493 1841 c.
512 1809 563 1851 31,
584 1810 635 1841 79.

169 1854 262 1897 apud
285 1854 548 1899 Xenophontem.
598 1854 736 1886 Memor.
766 1854 788 1894 I,

125 1898 155 1936 4,
181 1898 211 1929 S.

170 1946 341 1975 terrenam
380 1947 544 1976 viscerum
584 1944 789 1975 soliditatem

124 1989 304 2020 :viscera
317 1989 424 2021 solida
437 1992 469 2021 et
477 1992 620 2021 terrena.
645 1989 790 2021 Viscera

124 2033 281 2065 bedeutet
299 2034 387 2065 nicht
404 2034 494 2066 bloss
510 2035 560 2065 die
575 2034 789 2074 Eingewcide

125 2078 304 2119 (intestina)
315 2104 323 2119 ,
343 2080 486 2110 sondern
503 2079 596 2111 Alles
613 2089 683 2110 was
701 2079 791 2110 nicht

122 2122 208 2155 Haut
237 2124 317 2155 oder
340 2123 497 2155 Rnochen
529 2125 608 2155 oder
630 2124 706 2155 Blut
734 2124 787 2155 ist.

123 2167 198 2208 Vgl.
223 2173 325 2200 unten
350 2179 376 2200 c.
399 2168 439 2199 63
455 2174 542 2200 extr.
562 2169 660 2200 Tusc.
679 2167 716 2210 11,
738 2168 788 2209 14,

123 2211 181 2243 34:
199 2211 344 2256 Spartae
358 2215 460 2256 pueri
476 2214 521 2245 ad
536 2224 633 2245 aram
652 2215 700 2244 sic
717 2224 790 2245 vet·-

124 2258 257 2289 beribus
288 2259 510 2301 accipiantur,
544 2261 583 2290 ut
612 2258 739 2290 multas
773 2269 789 2289 e

122 2304 303 2335 visceribus
340 2304 481 2345 sanguis
514 2306 623 2335 eoeeat.
681 2303 792 2334 Dahet·

122 2348 308 2387 visceratio,
330 2350 544 2392 κρεανομία.

168 2385 208 2424 7·
237 2392 286 2424 19.
313 2395 364 2424 tot
386 2394 486 2425 rebus
508 2395 593 2436 ipsis
610 2404 647 2425 se
668 2394 792 2424 hnma-

126 2437 286 2469 tantz'bus:
305 2438 435 2479 „indem
451 2448 487 2470 so
501 2439 589 2470 viele
604 2438 708 2478 Dinge
723 2438 791 2468 sich

127 2481 232 2513 selbst
256 2483 502 2523 umwandeln,“
532 2484 613 2515 (1.11.
640 2483 733 2514 einer
759 2483 792 2513 in

127 2524 221 2556 ihnen
262 2527 366 2559 selbst
397 2529 646 2568 vorgehenden,
689 2528 791 2559 durch

128 2569 222 2615 einen
248 2570 280 2601 in
307 2572 404 2603 ihnen
429 2573 534 2605 selbst
556 2575 620 2605 und
643 2573 674 2604 in
702 2573 792 2604 ihrer

127 2612 234 2645 Ratur
250 2614 473 2656 begriindeten
490 2618 632 2650 Process
650 2618 791 2650 bewirk-

199 2668 258 2697 Cic.
271 2669 305 2696 de
315 2670 380 2697 Nat.
400 2672 480 2701 deor.
501 2671 527 2701 2.
543 2673 620 2702 Auss.

863 1592 917 1618 ten
940 1587 1198 1627 [mwandelung
1224 1587 1439 1627 unterlicgen.
1470 1587 1529 1619 Of-

861 1631 978 1662 fenbar
1010 1632 1083 1662 sind
1116 1632 1215 1663 damit
1247 1633 1444 1663 namentlich
1479 1633 1530 1664 die

863 1676 1162 1716 L⁷nuvandelungen
1187 1677 1245 1708 der
1268 1676 1451 1708 Gewiichse
1471 1688 1529 1718 ge-

862 1722 983 1762 11101111,
1024 1731 1076 1751 wo
1117 1731 1176 1752 aus
1215 1722 1287 1752 dem
1320 1722 1436 1753 Samen
1479 1722 1530 1753 die

863 1766 1012 1805 Pssanze,
1036 1776 1094 1796 aus
1121 1766 1179 1796 der
1203 1766 1319 1797 Bliitbe
1338 1767 1388 1797 die
1406 1766 1532 1798 Frucht

863 1822 894 1842 u.
913 1821 938 1841 s.
958 1820 999 1841 w.
1019 1811 1177 1850 cntsteht,
1195 1812 1259 1841 und
1277 1811 1328 1841 die
1347 1811 1530 1851 allerdings

862 1855 920 1886 mit
949 1855 1007 1885 der
1036 1855 1261 1895 Ann'aherung
1290 1856 1370 1886 oder
1392 1855 1529 1887 Entl'er-

863 1910 950 1939 nung
979 1900 1038 1930 der
1061 1900 1170 1931 Sonne
1197 1900 1227 1930 in
1259 1911 1295 1931 so
1321 1911 1437 1940 engem
1462 1900 1530 1931 Zu-

863 1945 1113 1984 sammenhange
1139 1945 1268 1985 steben,
1301 1946 1376 1976 dass
1400 1956 1472 1976 man
1490 1956 1531 1977 an

864 1990 959 2020 ihnen
978 1991 1059 2020 auch
1078 1990 1168 2020 diese
1184 1990 1415 2021 wahrnehinen
1433 1990 1530 2021 kann.

862 2034 921 2065 Die
955 2034 1109 2066 Ablative
1148 2034 1303 2066 solstitiis
1337 2036 1532 2077 brumisque

864 2079 936 2110 sind
952 2079 1040 2110 nicht
1053 2079 1111 2110 mit
1125 2081 1332 2120 cognoscz’zu
1341 2080 1531 2121 verbinden,

865 2124 1007 2155 sondern
1034 2125 1149 2155 dienen
1177 2135 1239 2155 nur
1262 2125 1311 2155 als
1330 2125 1452 2155 n‘ahere
1471 2125 1532 2155 Be-

864 2169 1039 2209 stimmung
1060 2169 1115 2200 fiir
1139 2169 1219 2200 solis
1236 2180 1393 2200 accessus
1410 2169 1534 2201 dz'sces-

863 2225 997 2255 susque.
1016 2231 1061 2236 —-
1087 2212 1300 2252 Solstitimn,
1323 2213 1471 2253 obgleich
1487 2214 1534 2245 ei-

864 2259 1007 2299 gentlich
1026 2258 1149 2289 sowohl
1169 2259 1219 2289 die
1238 2258 1390 2289 VVinter-
1412 2259 1462 2290 als
1480 2259 1532 2290 die

865 2303 1257 2335 Sommersonnenwende
1299 2303 1532 2344 bezeichnend,

863 2348 949 2379 wird
967 2348 1048 2379 doch
1067 2348 1285 2388 regelmi‘issig
1298 2358 1363 2379 von
1377 2349 1436 2379 der
1449 2348 1531 2380 letz-

865 2397 939 2424 tern
967 2397 1100 2433 gesagt,
1131 2394 1196 2424 und
1227 2394 1286 2424 der
1310 2395 1431 2425 bruma
1454 2394 1535 2424 oder

864 2438 971 2469 hiems
996 2442 1302 2478 entgegengesetzt.
1338 2437 1448 2470 Iuven.
1474 2437 1530 2478 lv,

865 2482 923 2513 92:
941 2484 990 2514 sic
1006 2483 1130 2515 multas
1147 2484 1272 2515 hiemes
1285 2486 1384 2526 atque
1399 2486 1532 2526 octoge-

864 2530 951 2560 sima
967 2528 1047 2560 vidit
1062 2528 1219 2561 solstitia.

909 2576 1025 2606 aestus
1056 2575 1236 2606 maritimi:
1267 2574 1318 2605 die
1347 2573 1438 2606 Ebbe
1468 2574 1533 2605 und

864 2618 964 2651 Fluth
980 2620 1037 2651 des
1046 2619 1283 2659 VVeltmeeres,
1299 2630 1326 2651 s.
1340 2618 1394 2660 111,
1414 2619 1463 2659 10,
1479 2617 1533 2650 24.

1245 2676 1263 2707 8

1559 379 1597 411 18

1262 759 1358 796 11111(1
1386 764 1526 804 autem,
1552 764 1576 803 7

1560 1216 1599 1248 19
