1684 2819
566 145 865 185 Llssnfl1.4‚s.
899 124 1077 183 5,9.⁷10..
1491 146 1515 183 9

113 260 256 300 diutius
280 259 384 309 fecit,
411 258 467 299 sic
490 259 586 299 haec
609 259 703 299 mihi
726 273 827 299 nunc
850 260 986 300 senilis
1009 267 1068 300 est
1090 259 1335 299 declamatio.
1360 259 1514 299 Ponere

111 315 304 364 jubebam,
331 316 377 355 de
400 330 475 368 quo
499 315 583 368 quis
606 315 742 355 audire
764 316 907 366 vellet3
943 317 990 356 ad
1020 317 1057 356 id
1087 323 1152 356 aut
1173 316 1314 356 sedens
1337 321 1403 355 aut
1434 329 1515 355 am-

112 372 246 412 bulans
278 371 537 436 disputabam.
583 371 716 425 ltaque
739 372 889 413 dierum
922 374 1092 427 quinque
1114 372 1286 422 scholas,
1311 378 1353 412 ut
1375 371 1515 412 Graeci
1534 380 1552 411 5

110 429 320 492 appellant,
344 429 383 468 in
407 428 564 468 totidem
587 428 707 469 libros
730 430 892 470 contuli.
918 429 1055 470 Fiebat
1076 437 1205 470 autem
1225 430 1296 479 ita,
1318 436 1375 478 ut,
1399 443 1515 481 quum

109 484 157 533 is,
194 485 255 538 qui
289 484 426 525 audire
456 484 592 534 vellet,
626 486 807 535 dixisset,
841 486 931 538 quid
962 487 1034 526 sibi
1065 486 1281 534 videretur,
1327 493 1405 525 tum
1441 499 1514 539 ego

109 548 246 581 contra
277 541 464 581 dicerem.
509 515 614 581 Haec
646 550 706 582 est
737 543 862 591 enim,
897 550 939 582 ut
969 543 1068 592 scis,
1101 549 1214 583 vetus
1245 549 1284 581 et
1314 542 1515 582 Socratica

109 598 211 637 ratio
234 604 371 638 contra
391 598 556 639 alterius
578 598 801 652 opinionem
824 572 1068 648 disserendi,
1101 612 1191 638 nam
1220 598 1275 638 ita
1309 597 1510 647 facillime,

109 654 198 707 quid
227 654 314 695 veri
347 654 586 696 simillimum
621 662 748 705 esset,
780 655 952 694 inveniri
980 668 1098 709 posse
1130 655 1314 694 Socrates
1348 654 1514 694 arbitra-

108 711 235 751 batur.
281 711 354 751 Sed
385 725 459 763 quo
489 711 728 751 commodius
750 710 1032 765 disputationes
1056 718 1218 750 nostrae
1248 710 1509 763 explicentur,

109 768 164 807 sic
187 781 253 808 eas
275 780 493 820 exponam,
519 766 630 819 quasi
653 775 794 820 agatur
814 781 902 817 res,
927 782 1005 807 non
1030 767 1140 821 quasi
1164 773 1362 806 narretur.
1407 768 1513 820 Ergo

107 823 160 863 ita
181 830 369 864 nascetur
391 823 615 863 exordium.

221 881 280 921 A.
312 880 459 920 Malum
488 879 582 919 mihi
603 879 758 920 videtur
781 893 868 920 esse
891 894 1012 920 mors.
1046 879 1111 920 JI.
1138 879 1256 929 Iisne,
1282 879 1345 932 qui
1366 880 1509 919 mortui
1529 880 1555 923 5

107 944 221 986 sunt,
255 951 304 976 an
332 936 404 986 iis,
440 937 578 990 quibus
613 936 855 977 moriendum
893 938 981 977 est?
1022 935 1081 976 A.
1108 936 1308 989 Utrisque.
1352 936 1416 976 M.
1443 936 1550 976 Esto

105 992 292 1033 miserum
324 993 458 1047 igitur,
492 993 671 1046 quoniam
703 994 862 1033 malum.
907 992 967 1033 A.
995 993 1128 1034 Certe.
1173 992 1238 1033 Μ.
1272 993 1378 1046 Ergo
1402 999 1440 1031 et
1468 992 1510 1041 ii,

106 1049 243 1103 quibus
274 1051 408 1091 evenit
446 1051 545 1099 iam,
579 1058 621 1091 ut
652 1058 918 1101 morerentur,
953 1057 992 1090 et
1019 1051 1070 1099 ii,
1107 1050 1245 1103 quihus
1280 1055 1512 1090 eventurum

106 1114 180 1157 est,
207 1107 354 1147 miseri.
398 1106 458 1148 A.
492 1106 589 1147 Mihi
619 1107 672 1147 ita
694 1107 864 1147 videtur.
908 1107 972 1148 M.
997 1107 1123 1147 Nemo
1146 1120 1241 1160 ergo
1265 1120 1343 1145 non
1372 1104 1508 1146 miser.

105 1161 165 1202 A.
191 1164 356 1204 Prorsus
379 1177 510 1203 nemo.
545 1164 609 1205 ΔΙ.
636 1164 688 1204 Et
708 1164 877 1217 quidem,
903 1164 936 1204 si
958 1163 1027 1203 tihi
1050 1170 1234 1204 constare
1257 1163 1332 1212 vis,
1358 1175 1510 1211 omnes,

105 1220 324 1273 quicunque
347 1220 429 1260 nati
450 1228 541 1261 sunt
561 1227 741 1270 eruntve,
765 1235 843 1260 non
865 1221 991 1261 solum
1014 1220 1166 1271 miseri,
1184 1220 1252 1260 sed
1274 1219 1390 1259 etiam
1412 1232 1513 1258 sem-

104 1290 173 1330 per
193 1277 342 1317 miseri.
387 1276 488 1317 Nam
511 1277 543 1317 si
565 1279 670 1318 solos
694 1291 762 1318 eos
786 1278 937 1318 diceres
966 1277 1149 1341 miseros,
1176 1276 1312 1330 quibus
1344 1276 1514 1316 morien-

106 1333 195 1373 dum
219 1340 340 1383 esset,
366 1334 561 1374 neminem
584 1341 625 1374 tu
648 1335 801 1387 quidem
824 1348 979 1384 eorum,
1001 1335 1066 1387 qui
1083 1347 1197 1374 uvel
1200 1341 1279 1382 ent
1306 1333 1513 1396 exciperes

104 1365 366 1444 (morienduin
389 1398 450 1431 est
472 1391 573 1431 enim
596 1391 820 1444 omnibus),
855 1398 961 1431 esset
990 1398 1120 1431 tamen
1149 1404 1293 1430 1111ser1
1287 1403 1332 1430 ιε
1355 1388 1443 1429 finis
1474 1389 1513 1428 in

106 1454 253 1497 morte,
290 1448 505 1500 quoniam
495 1455 623 1487 autem
647 1447 764 1488 etiam
798 1448 939 1488 mortui
962 1447 1095 1488 miseri
1118 1447 1290 1496 sunt,i11
1312 1446 1513 1486 miseriam

105 1504 303 1543 nascimur
324 1504 615 1557 sempiternam.
658 1504 834 1545 Necesse
863 1511 923 1544 est
954 1504 1074 1553 enim,
1106 1503 1274 1543 miseros
1305 1515 1393 1542 esse
1425 1515 1511 1550 eos,

105 1560 169 1612 qui
191 1567 346 1600 centum
369 1560 522 1601 milibus
544 1575 737 1601 annorum
759 1569 850 1601 ante
869 1560 1189 1609 occiderunt,vel
1210 1559 1336 1613 potius
1356 1571 1508 1607 omnes,

106 1617 326 1669 quicunque
348 1617 429 1657 nati
446 1624 552 1657 sunt.
581 1616 642 1656 A.
663 1617 719 1657 lta
736 1631 900 1671 prorsus
923 1616 1124 1656 existimo.
1151 1614 1214 1655 M.
1237 1615 1320 1664 Dic,
1341 1628 1510 1668 quaeso:
1536 1622 1574 1653 10

845 1778 882 1800 er
905 1768 957 1807 10,
981 1768 1020 1799 12
1041 1768 1092 1799 die
1113 1767 1518 1800 aristotelischeAnsicht

844 1814 904 1845 mit
922 1814 982 1844 der
999 1814 1168 1845 stoischen
1187 1814 1383 1845 verlnischt.

106 1768 159 1799 die
179 1767 297 1800 Cicero
317 1768 381 1800 seit
399 1768 516 1808 langer
531 1768 606 1799 Zeit
624 1768 682 1799 mit
695 1768 775 1810 jiin-

105 1822 206 1854 gereu
225 1812 400 1845 Freunden
420 1814 577 1855 gehalten
596 1814 702 1854 hatte,
723 1824 775 1845 er-

105 1858 224 1890 o'ffnete
257 1859 321 1890 und
356 1859 472 1891 leitete
506 1869 543 1890 er
568 1859 659 1900 jetzt
689 1860 773 1891 auch

103 1904 682 1946 philosophischeDisputiriibungen
693 1905 776 1936 iiber

104 1950 157 1982 ein
176 1949 409 1990 aufgestelltes
426 1949 552 1982 Thema
571 1950 756 1991 (scholas).

145 2022 291 2054 ponere,
311 2012 436 2053 griech.
460 2012 615 2050 τιθέναι,
641 2013 775 2044 stehen-

104 2058 163 2090 der
176 2057 364 2090 Ausdruck.
385 2057 427 2089 So
444 2057 504 2089 ΙΙΙ.
522 2058 576 2098 22,
593 2058 656 2099 543
677 2058 771 2090 Lael.

104 2104 135 2143 5,
151 2104 188 2135 17
208 2107 249 2135 ut
265 2106 308 2135 iis
320 2107 492 2146 ponatur,
516 2103 555 2134 de
570 2114 638 2145 quo
655 2104 774 2146 (lispu-

105 2152 191 2182 tent.
229 2150 316 2181 Doch
336 2149 419 2180 auch
442 2159 653 2191 proponere,
682 2160 713 2181 z.
734 2150 772 2181 B.

103 2194 145 2226 V.
166 2196 200 2235 4,
223 2195 276 2227 11.

148 2250 195 2283 ad
211 2251 251 2282 z’ct
274 2251 326 2283 bei
351 2251 553 2294 disputare,
574 2251 688 2283 decere
706 2256 771 2283 etc.

103 2297 167 2338 „in
185 2296 299 2338 Bezug
316 2296 474 2336 auf—“,
491 2307 522 2328 z.
536 2297 573 2329 Β.
589 2296 693 2337 111.9,
710 2297 748 2328 18
764 2310 772 2337 3

105 2342 159 2383 32,
181 2341 245 2383 783
266 2341 322 2374 lv.
344 2342 405 2382 21,
434 2342 498 2382 48,
526 2343 593 2383 (wo
623 2353 659 2374 es
687 2343 774 2374 dann

105 2388 217 2428 h'a'ufig
257 2388 347 2419 bloss
380 2387 433 2420 ein
467 2387 654 2420 urbanerer
686 2388 775 2420 Aus-

108 2433 212 2465 druck
235 2432 289 2465 fiir
306 2433 479 2465 adversus
506 2433 583 2474 ist).

151 2495 184 2527 S.
227 2495 415 2528 Socratica
444 2498 551 2528 ratio.
595 2495 664 2527 Cic.
700 2507 777 2528 ver·

109 2541 268 2573 wechselt
294 2542 367 2573 hier
394 2541 446 2572 die
472 2541 681 2573 sokratische
707 2540 777 2574 Me-

111 2586 209 2618 thode
233 2587 292 2619 mit
317 2587 376 2619 der
401 2586 680 2628 akademischen,
713 2588 774 2619 wie

890 1856 927 1894 5.
943 1859 976 1891 9.
994 1859 1039 1890 A.
1057 1859 1394 1891 istwahrscheiulich
1405 1858 1518 1890 Audi-

847 1908 903 1936 tor
931 1915 972 1935 zu
998 1905 1092 1936 lesen
1109 1905 1192 1945 (vgl.
1215 1904 1232 1946 ξ
1252 1905 1269 1935 7
1291 1905 1331 1936 de
1350 1914 1419 1946 quo
1439 1906 1516 1945 quis

845 1950 972 1982 audire
990 1950 1109 1990 vellet,
1136 1961 1169 1982 u.
1191 1950 1207 1991 ξ
1226 1950 1244 1981 S
1264 1952 1294 1981 is
1313 1952 1377 1992 qui
1393 1949 1518 1981 audire

843 1996 973 2035 vellet),
987 1995 1054 2026 und
1064 1995 1114 2027 M.
1129 1996 1215 2027 dann
1226 1996 1314 2027 wohl
1324 1996 1513 2037 Magister.

843 2041 976 2073 Andere
989 2041 1124 2073 wolten:
1137 2041 1351 2073 Adolescens
1363 2039 1514 2082 (s.lI.l2,

842 2087 884 2118 28
906 2091 962 2127 tu,
983 2086 1202 2127 adolescens)
1221 2087 1303 2118 oder
1317 2087 1431 2118 Aulus
1451 2086 1516 2127 (als

843 2132 895 2164 ein
912 2130 1195 2173 fingirterName)
1212 2132 1278 2163 und
1290 2132 1434 2164 Marcus
1447 2131 1518 2173 (Ci-

843 2188 933 2217 cero,
949 2178 1017 2218 vgl.
1038 2178 1085 2219 §S
1106 2188 1168 2220 ego
1188 2181 1312 2209 contra
1333 2177 1513 2215 dicerem).

888 2225 1069 2263 miserum,
1090 2226 1259 2264 quonlam
1278 2224 1425 2256 malum.
1454 2222 1516 2253 Ein

845 2267 949 2301 Uebel
975 2269 1161 2309 (malum),
1197 2267 1347 2300 insofern
1380 2279 1415 2300 es
1443 2268 1515 2299 sich

845 2314 916 2346 dem
929 2313 1110 2346 Menschen
1125 2314 1260 2346 ffihlhar
1277 2315 1401 2355 macht,
1413 2314 1517 2345 heisst

846 2362 1026 2400 lniserum,
1048 2360 1100 2390 ein
1120 2358 1287 2400 Ungliick.

890 2416 959 2437 non
991 2407 1111 2437 miser.
1154 2404 1188 2436 ln
1219 2405 1346 2437 kurzen
1376 2402 1514 2443 Siitzen,

846 2451 898 2482 die
924 2451 998 2482 eine
1017 2450 1208 2491 Folgerung
1230 2451 1312 2482 oder
1330 2449 1517 2490 iiberhaupt

846 2496 900 2528 ein
919 2495 1051 2528 Urtheil
1069 2497 1315 2538 aussprechen,
1340 2495 1423 2526 liisst
1443 2493 1514 2525 Cic.

845 2553 920 2574 esse
951 2541 1157 2582 gewohnlich
1192 2542 1269 2573 fort.
1313 2540 1355 2572 So
1382 2539 1445 2580 25,
1474 2538 1508 2570 61

846 2588 1052 2619 Absardum
1071 2587 1107 2619 id
1125 2587 1280 2628 quidem.
