1684 2819
179 185 259 223 242
568 181 784 215 [ABERV.
809 182 939 223 23,07.

990 184 1046 224 24,
1068 184 1121 216 65.
1144 185 1199 215 co.

176 288 306 352 pastus
329 298 573 345 animorum·
598 295 792 336 alterius
783 310 820 335 111
845 297 961 336 caede
985 304 1024 337 et
1045 297 1199 338 iniuriis
1222 312 1307 338 cum
1327 304 1365 336 et
1383 297 1524 336 diurno
1543 305 1582 337 et

176 362 367 395 nocturno
390 359 511 392 metu.
546 351 646 405 Age,
671 352 807 391 confer
828 351 1114 402 Democritum,
1150 354 1438 408 Pythagoram,
1473 353 1580 393 Ana-

175 423 388 464 xagoram·
425 423 489 461 qu
478 422 523 449 16
545 421 684 461 regna,
718 421 815 460 quas
835 420 929 461 opes
952 409 1091 449 studiis
1113 423 1246 450 eorum
1282 418 1321 450 et
1350 410 1581 450 delectatio-

110 475 151 507 67
174 467 288 507 nibus
310 465 553 519 antepones?
583 464 737 504 Etenim
760 477 859 517 quae
881 478 970 517 pars
994 465 1137 518 optima
1169 474 1227 506 est
1255 467 1294 506 in
1326 466 1481 506 homine
1498 496 1508 513 ,
1541 467 1580 505 in

176 537 221 563 ea
243 522 359 561 situm
383 534 470 562 esse
493 534 656 561 necesse
679 527 739 561 est
759 521 870 570 illud,
902 521 1004 574 quod
1027 522 1200 574 quaeris,
1225 523 1427 576 optimum.
1482 522 1580 573 Quid

177 585 237 620 est
259 584 389 618 autem
412 578 454 617 in
476 577 631 617 homine
654 577 784 629 sagaci
807 591 852 617 ac
874 577 975 617 bona
997 584 1127 617 mente
1151 578 1316 619 melius?
1353 579 1448 619 Eius
1478 580 1581 619 bono

178 635 379 675 fruendum
405 640 466 675 est
486 633 621 688 igitur,
646 634 678 674 si
701 633 803 674 beati
822 647 909 673 esse
929 634 1136 683 volumus,
1161 633 1304 674 bonum
1323 642 1454 675 autem
1473 649 1582 675 men—

176 692 225 732 tis
258 698 318 731 est
348 691 500 740 virtu53
536 704 628 744 ergo
661 690 733 730 hac
765 690 917 730 beatam
947 690 1067 730 vitam
1102 690 1297 730 contineri
1320 704 1482 731 necesse
1504 698 1579 732 est.

178 748 277 788 Hinc
299 747 446 795 omnia,
478 761 577 800 quae
600 746 777 801 pulchra,
804 748 984 795 honesta,
1009 747 1211 801 praeclara
1235 755 1325 788 sunt
1342 778 1352 795 ,
1377 747 1442 800 (ut
1464 761 1583 801 supra

177 806 287 854 dixi,
319 805 387 846 sed
419 804 621 844 dicendum
654 803 756 843 idem
788 803 880 844 illud
910 804 1038 857 paullo
1060 804 1219 844 uberius
1243 804 1437 854 videtum)
1471 804 1584 857 plena

177 863 406 917 gaudiorum
437 867 543 901 sunt.
588 860 651 900 Ex
682 860 879 914 perpetuis
911 868 1040 901 autem
1069 860 1315 914 plenisque,³
1295 860 1446 900 υΓ11111115
1468 875 1584 924 quum

176 920 424 975 perspicuum
447 918 497 958 sit
519 917 640 957 vitam
663 916 762 956 beat
764 931 816 956 1111
840 918 1053 964 exsistere,
1073 917 1267 970 sequitur,
1294 923 1335 956 ut
1353 931 1399 957 ea
1417 918 1585 957 exsistit

177 990 229 1016 ex
252 977 471 1016 honestate.

106 1035 165 1080 '24
294 1031 369 1070 Sed
390 1043 439 1070 ne
461 1029 595 1069 verbis
617 1029 742 1069 solum
765 1029 1004 1083 attingamus
1027 1043 1088 1077 ea,
1124 1043 1222 1082 quae
1245 1030 1426 1070 volumus
1449 1037 1585 1070 osten-

110 1098 152 1130 68
176 1090 284 1152 dere,
312 1086 562 1141 proponenda
583 1086 774 1138 quaedam
796 1086 907 1138 quasi
929 1085 1128 1125 moventia
1151 1092 1266 1134 sunt,
1292 1099 1389 1138 quae
1410 1100 1482 1126 nos
1505 1101 1583 1126 ma-

176 1145 234 1198 gis
257 1145 302 1184 1(1
325 1142 587 1207 cognitionem
610 1141 989 1206 intelligentiamque
1011 1149 1256 1209 convertant.
1281 1142 1463 1221 Sumatur
1480 1143 1581 1183 enim

176 1248 335 1310 ruiisper
365 1263 403 1295 et
433 1255 673 1308 cogitatione
704 1255 886 1308 fingatur.
941 1255 1113 1295 Primum
1150 1255 1310 1308 ingenio
1348 1256 1495 1295 eximio
1531 1256 1584 1295 sit

177 1326 338 1354 necesse
362 1319 422 1353 est
444 1311 585 1362 (tardis
608 1310 710 1351 enim
735 1311 929 1351 mentibus
950 1312 1078 1352 virtus
1102 1326 1178 1351 non
1203 1312 1315 1351 facile
1334 1312 1581 1361 comitatur),

122 1378 126 1381 '
177 1369 316 1411 deinde
339 1368 418 1409 ad
408 1383 475 1408 1nv
479 1368 723 1422 cstigandam
745 1368 951 1408 veritatem
975 1369 1104 1408 studio
1128 1368 1304 1408 incitato
1333 1368 1395 1407 Ex
1417 1382 1492 1421 quo
1516 1369 1583 1408 tri-

176 1427 270 1481 plex
291 1425 357 1465 ille
380 1425 499 1465 animi
522 1425 623 1465 fetus
647 1424 836 1465 exsistet:
862 1438 961 1466 1111115
984 1425 1022 1464 111
1040 1424 1264 1478 cognitione
1283 1438 1412 1464 rerum
1432 1426 1582 1477 positus

177 1491 216 1523 et
236 1483 277 1522 in
299 1481 563 1536 explicatione
585 1488 776 1530 naturae,
802 1480 933 1521 alter
924 1496 963 1520 111
986 1481 1250 1534 descriptione
1273 1482 1582 1545 expetendarum

176 1539 499 1592 fugiendarumve
528 1551 660 1578 rerum
693 1543 856 1590 arteque
887 1538 986 1578 bene
1018 1537 1200 1587 vivendi,
1241 1538 1381 1578 tertius
1412 1537 1452 1577 in
1482 1537 1585 1578 indi-

176 1596 317 1645 cando,
344 1594 434 1648 quid
457 1595 596 1647 cuique
618 1594 677 1634 rei
699 1594 751 1635 sit
772 1608 1035 1646 consequens,
1066 1594 1156 1647 quid
1179 1607 1419 1648 repugnans,
1444 1594 1483 1634 in
1507 1609 1583 1647 quo

176 1653 281 1693 inest
303 1651 436 1703 omnis
454 1665 570 1704 quum
593 1650 790 1691 subtilitas
814 1650 1050 1699 disserendi,
1078 1658 1156 1691 tum
1179 1651 1326 1691 veritas
1349 1650 1561 1691 iudicandi.

109 1718 150 1750 69
287 1708 371 1759 Quo
391 1708 545 1748 tandem
563 1707 685 1762 igitur
696 1707 837 1761 gaudio
850 1707 946 1747 affici
961 1720 1124 1747 necesse
1138 1714 1198 1748 est
1210 1707 1397 1761 sapientis
1411 1708 1581 1748 animum

176 1780 261 1805 cum
294 1765 354 1805 his
385 1764 626 1805 habitantem
658 1770 1031 1818 pernoctantemque
1060 1764 1186 1805 curis!
1222 1771 1285 1813 ut,
1316 1778 1430 1817 quum
1461 1764 1585 1805 totius

219 1858 251 1886 ιἰι
273 1855 379 1885 caede
398 1858 430 1885 el
449 1857 600 1894 iniurias,
622 1855 674 1886 ein
694 1854 842 1896 Zeugma

171 1901 249 1940 (wie
271 1899 312 1930 11.
334 1900 388 1937 24,
411 1900 450 1929 57
470 1900 527 1931 mit
548 1900 685 1939 missa),
710 1900 750 1931 da
770 1900 842 1931 ale-

172 1947 279 1977 batur
298 1944 389 1976 nicht
409 1944 502 1975 1116111
519 1950 625 1986 passt.
661 1943 736 1976 Man
765 1955 841 1986 sup-

171 1991 257 2034 plire
277 1989 377 2021 dal'iir
396 1990 617 2021 versabatur.

216 2032 284 2071 24.
304 2036 359 2067 63.
379 2037 486 2076 quase·
502 2036 676 2066 moventia
690 2033 841 2074 „Trieb-

959 1856 1250 1897 trepleoe—selus.
1272 1855 1373 1887 Sinn:
1390 1855 1474 1887 Wer
1488 1855 1581 1888 (11656

911 1899 1091 1940 Tugenden
1125 1901 1267 1940 hesim,
1300 1901 1383 1931 wird
1417 1901 1470 1931 ein
1499 1901 1582 1932 voll-

910 1946 1100 1976 kommencr
1117 1945 1252 1976 W'ciser
1269 1945 1416 1985 werden,
1438 1946 1497 1977 der
1515 1946 1582 1977 alle

912 1989 1030 2021 Τ116116
1072 1991 1133 2021 (161
1167 1990 1376 2032 Philosopliie
1420 1990 1582 2034 (Physik,

911 2034 1026 2071 Ethik,
1042 2035 1234 2077 Dialektik)
1249 2036 1305 2067 mit
1325 2036 1450 2067 scincin
1465 2035 1579 2068 Geiste

172 2081 341 2113 sedern⁴‘.
377 2079 506 2120 VVegen
533 2082 641 2122 quasi
668 2090 694 2111 5.
716 2090 756 2111 zu
778 2079 838 2111 111.
911 2081 1064 2112 umsasst.

171 2127 227 2162 20*
248 2127 303 2179 47,-
516 2169 522 2176 ,
696 2170 701 2176 ,
959 2153 1050 2173 nnus
1069 2160 1110 2165 —
1129 2143 1221 2174 aller
1241 2159 1278 2164 —
1302 2145 1448 2183 tertius,
1483 2153 1510 2174 s.
1539 2154 1581 2174 zu

142 2175 156 2212 l„
217 2172 326 2203 nobes.
364 2169 473 2202 Ueber
491 2170 607 2202 diesen
626 2169 727 2201 Dativ
745 2180 772 2202 5.
796 2169 838 2201 11.
914 2187 967 2219 m·
987 2187 1043 2223 2⁰,
1064 2188 1119 2218 ,Π-

154 2213 203 2258 ”“1,1,
223 2216 242 2248 2
270 2227 311 2248 zu
338 2216 426 2247 mihi
448 2216 571 2247 habita
598 2219 663 2246 est.

214 2271 411 2304 parumper
450 2260 547 2300 „auf
576 2261 672 2292 einen
706 2261 840 2302 Augen-

171 2307 321 2338 buck:
340 2306 512 2342 eininal“,
550 2306 658 2337 sranz.
689 2316 733 2337 nn.
757 2317 838 2348 peu.

171 2352 265 2384 Lael.
283 2353 312 2387 1,
325 2353 360 2383 5:
383 2351 433 2383 Tu
454 2352 553 2382 velim
574 2362 594 2382 a
614 2361 667 2382 me
685 2354 838 2383 animum

956 2250 1011 2280 «59.
1035 2252 1142 2289 curis,
1166 2250 1229 2281 wie
1249 2249 1308 2280 das
1326 2249 1454 2289 griech.
1473 2249 1580 2291 μελέ-

912 2306 971 2335 τη,
1002 2295 1091 2326 nicht
1110 2295 1215 2326 seiten
1234 2305 1295 2325 von
1315 2294 1576 2326 wissenschal'tl.

913 2340 1164 2381 Forscliungen.
1202 2338 1263 2372 Mit
1283 2339 1390 2371 Inhalt
1409 2339 1473 2370 und
1494 2340 1580 2371 Aus-

168 2407 365 2440 ernmper
383 2400 538 2428 avertas.

219 2443 393 2474 mentibus
405 2459 443 2465 —
457 2443 659 2473 comitatur.
681 2441 748 2473 Der
760 2441 837 2474 Dat.

172 2497 290 2519 ausser
309 2488 380 2518 11161·
405 2487 469 2518 und
498 2492 595 2518 untcn
618 2488 672 2527 35,
696 2488 758 2518 100
778 2498 839 2519 nur

174 2534 253 2564 noch
282 2533 321 2564 (16
351 2543 420 2575 rep.
452 2531 494 2564 11.
524 2533 579 2570 2-1,
600 2533 662 2563 44:
701 2533 758 2564 illi
790 2535 839 2564 in-

172 2581 265 2609 iusto
286 2578 426 2609 domino
445 2580 838 2619 —prospercsortnna

174 2626 348 2655 comitata
367 2627 433 2654 est.

911 2385 1015 2417 druck
1043 2386 1152 2417 dieses
1177 2386 1296 2417 Satzes
1322 2385 1388 2426 vgl.
1418 2395 1448 2427 p.
1475 2384 1578 2416 Arch.

912 2432 942 2472 Τ,
960 2432 1009 2462 16.
1024 2450 1067 2453 —
1087 2431 1131 2462 1111
1147 2429 1334 2472 Folgenden
1353 2430 1395 2461 ist
1416 2430 1579 2462 zuniichst

908 2487 971 2507 von
991 2477 1052 2508 den
1066 2476 1241 2508 Geniissen
1261 2476 1315 2507 die
1332 2475 1433 2510 Rede,
1451 2476 1578 2508 welche

909 2522 963 2553 die
992 2522 1252 2563 Beseliastigung
1278 2522 1336 2552 mit
1365 2520 1425 2552 der
1450 2520 1576 2564 Physik

910 2566 1261 2610 (Naturpliilosophic)
1279 2565 1444 2607 gewiihrt.

955 2628 992 2655 11!
1009 2635 1114 2666 qaum
1131 2633 1227 2664 „zum
1243 2623 1384 2665 Bcispiel
1396 2624 1582 2654 11·61111-“.
