1684 2819
653 202 729 235 Llss.
749 203 771 234 1.
810 203 900 235 (ᾺΡ.
920 204 949 236 9.
972 205 1022 236 10.
1459 210 1536 247 117

139 306 230 345 oriri
257 311 293 344 et
319 316 532 354 augescere.
573 305 707 356 Atque·
725 318 844 356 aquae
871 306 985 345 etiam
1012 307 1221 345 admixtum
1249 320 1334 346 esse
1355 309 1536 356 calorem,

138 363 306 414 primum
327 361 411 411 ipse
431 361 557 411 liquor
578 374 696 413 aquae
719 362 882 401 declarat
903 368 939 401 et
959 364 1106 409 effusio,
1129 376 1224 414 quae
1240 376 1362 416 neque
1380 366 1536 415 congla-

140 420 252 457 ciaret
280 417 486 467 frigoribus
510 429 633 469 neque
654 418 739 456 nive
761 419 973 469 pruinaque
997 425 1276 467 concresceret,
1305 420 1381 460 nisi
1403 422 1536 461 eadem

134 487 175 514 se
210 473 378 512 admixto
415 474 540 512 calore
574 475 775 526 liquefacta
812 481 847 513 et
877 476 1022 526 dilapsa
1051 476 1290 515 diffunderet.
1345 477 1475 529 Itaque
1501 483 1539 517 et

133 529 375 581 aquilonibus
412 531 642 582 reliquisque
679 531 886 581 frigoribus
923 532 1079 570 adiectis
1116 533 1281 571 durescit
1312 533 1465 581 humor,
1501 540 1538 573 et

133 586 234 625 idem
252 586 420 625 vicissim
443 588 612 626 mollitur
632 588 841 638 tepefactus
864 593 900 625 et
920 587 1080 626 tabescit
1102 589 1239 627 calore.
1280 589 1403 640 Atque
1423 590 1537 629 etiam

133 642 252 682 maria
274 643 408 693 agitata
430 644 551 681 ventis
573 643 624 682 ita
646 649 863 694 tepescunt,
886 649 928 681 ut
949 643 1103 694 intelligi
1127 646 1231 683 facile
1248 646 1374 695 possit
1394 646 1433 684 in
1450 651 1536 684 tan-

135 700 181 738 tis
208 698 279 737 illis
308 700 537 738 humoribus
565 700 757 738 inclusum
786 712 872 737 esse
893 699 1070 737 calorem.
1108 700 1184 738 Nec
1206 702 1307 739 enirn
1330 702 1389 740 ille
1411 707 1536 741 exter-

132 768 207 794 nus
230 761 266 794 et
286 755 518 794 adventicius
540 756 739 794 habendus
762 760 821 793 est
843 761 964 805 tepor,
987 756 1054 794 sed
1077 769 1121 793 ex
1142 757 1287 795 intimis
1310 758 1428 796 maris
1446 771 1536 809 par—

134 812 233 850 tibus
262 811 465 861 agitatione
486 812 687 857 excitatus,
715 812 817 862 quod
839 811 986 849 nostris
1009 824 1163 862 quoque
1187 814 1418 863 corporibus
1442 827 1536 853 con—

133 868 259 918 tingit,
296 880 414 918 quum
450 873 560 906 motu
597 873 707 919 atque
734 867 1004 906 exercitatione
1032 869 1276 907 recalescunt.
1332 870 1418 921 Ipse
1447 883 1536 909 vero

132 936 206 969 aer,
236 923 299 974 qui
327 929 461 962 natura
490 929 548 962 est
575 925 738 962 maxime
760 924 939 974 frigidus,
970 924 1127 962 minime
1150 931 1207 963 cst
1228 938 1363 976 expers
1386 926 1536 965 caloris.

130 980 195 1018 Ille
216 992 305 1018 vero
329 986 365 1018 et
385 980 506 1018 multo
530 980 686 1030 quidem
709 980 833 1018 calore
855 980 1047 1018 admixtus
1071 986 1140 1018 est.
1182 981 1269 1032 Ipse
1290 983 1392 1020 onim
1416 983 1538 1021 oritur

131 1049 175 1074 ex
202 1036 458 1086 respiratione
485 1049 688 1087 aquarum:
718 1049 849 1075 eaium
876 1036 976 1074 enim
1007 1037 1115 1087 quasi
1143 1050 1266 1087 vap01
1293 1039 1446 1101 quidam
1475 1052 1538 1078 aei

129 1092 328 1131 habendus
365 1098 435 1131 est.
490 1092 527 1130 Is
563 1098 689 1131 autem
725 1094 874 1131 exsistit
900 1099 1009 1131 motu
1037 1093 1117 1131 eius
1147 1094 1303 1141 calor‚is
1340 1095 1403 1145 qui
1430 1096 1538 1146 aquis

132 1149 361 1187 continetur
404 1149 527 1196 Quam
558 1149 845 1197 similitudinem
875 1161 1033 1187 cernere
1056 1162 1268 1199 possumus
1291 1151 1330 1189 in
1351 1151 1428 1189 iis
1418 1152 1538 1202 aquis

131 1217 228 1255 quae
249 1205 500 1243 efferxescunt
521 1200 683 1244 subditis
707 1206 869 1255 finibus.
912 1205 989 1243 Iam
1011 1218 1100 1243 vno
1124 1206 1229 1256 reliq
1224 1219 1269 1245 ia
1292 1213 1425 1257 quarzti
1449 1220 1536 1258 pars

131 1317 190 1347 der
218 1318 357 1359 stirpes,
391 1322 562 1349 worunter
590 1317 650 1347 der
678 1322 796 1349 untere

132 1361 293 1393 Theildes
309 1362 470 1393 Stamines
486 1367 604 1393 sammt
618 1363 677 1392 der
693 1362 796 1393 111111·-

132 1407 182 1437 zel
201 1417 242 1437 zu
255 1408 413 1438 verstehn
431 1408 484 1447 ist,
504 1408 535 1438 in
551 1408 610 1438 der
624 1407 711 1438 Erde
726 1407 796 1438 haf-

131 1456 186 1483 teu
216 1452 281 1482 und
308 1462 373 1482 von
398 1452 448 1483 ihr
471 1452 622 1492 gehalten
650 1453 795 1483 werden.

130 1496 206 1535 Vgl.
224 1495 255 1537 ξ.
276 1496 317 1526 28
336 1501 423 1528 extr.
448 1496 659 1540 Temperans)
677 1497 721 1528 ist
739 1498 796 1528 das

132 1541 245 1571 rechte
265 1540 390 1581 Maass,
413 1542 464 1572 die
482 1542 637 1581 gehiirige
656 1541 797 1583 Tempe-

130 1590 225 1616 ratur
242 1586 301 1616 der
319 1585 468 1626 warine,
487 1587 549 1617 wie
568 1586 650 1617 oben
665 1597 692 1617 c.
710 1587 739 1625 5,
759 1587 796 1618 13

131 1630 213 1661 caele?
234 1632 487 1673 temperatione.
530 1631 612 1662 nass
643 1642 680 1662 ea
710 1631 798 1663 nicht

131 1686 172 1706 zu
205 1678 448 1718 temperatione
480 1677 618 1716 geliiire,
654 1677 796 1707 sondern

129 1720 310 1751 Accusativ
334 1720 379 1751 sei
404 1721 468 1751 und
495 1721 554 1751 den
582 1720 797 1761 Subjectsbe-

130 1765 208 1805 griff
227 1766 440 1802 wieder-bole,
471 1766 533 1796 wie
558 1777 584 1797 (·.
604 1765 622 1796 9
647 1765 677 1806 ξ.
699 1765 740 1796 24
764 1766 799 1797 [d

130 1812 224 1848 vit-it,
248 1821 279 1840 u.
300 1811 328 1851 ς’.
350 1810 389 1841 27
416 1821 455 1842 ea
479 1813 513 1841 et
534 1813 618 1853 ipsa,
645 1811 796 1842 versteht

131 1855 197 1885 sich
217 1855 303 1885 wohl
322 1866 385 1886 von
404 1855 520 1886 selbst.

174 1912 315 1951 effusio,
341 1911 393 1942 die
418 1911 593 1951 Fiihigkeit
618 1912 698 1942 oder
714 1911 794 1942 Nei-

128 1966 214 1997 gung
230 1956 287 1986 des
309 1955 484 1995 XVassers,
502 1957 569 1987 sich
588 1957 724 1998 iiberali,
742 1966 793 1987 wo

129 2011 164 2032 es
197 2001 285 2032 nicht
317 2001 586 2041 eingeschlosscn
619 2002 676 2042 ist,
712 2002 793 2032 nach

127 2046 214 2077 allen
234 2045 345 2077 Seiten
371 2046 425 2077 hin
449 2057 489 2077 zu
510 2047 694 2087 ergiessen.
727 2047 795 2077 Der

129 2090 303 2122 Ausdruck
328 2091 417 2122 dient
440 2092 511 2123 also
530 2092 591 2122 den
609 2092 791 2131 vorherge-

128 2136 264 2175 henden,
298 2136 421 2177 liquor,
455 2147 496 2167 zu
528 2136 790 2168 verdeutlichen.

128 2180 218 2212 Statt
231 2181 289 2211 des
304 2181 376 2212 dem
391 2183 542 2224 primum.
555 2182 792 2223 entsprechen-

128 2225 188 2256 den
202 2225 319 2257 deinde
327 2226 410 2266 solgt
423 2227 678 2268 nachherAtque
691 2228 793 2258 etiam

129 2272 239 2302 maria
254 2289 298 2293 -——
309 2295 316 2302 .

174 2326 344 2356 ecl-citatas
360 2336 366 2355 ε

131 2368 211 2400 frei
243 2370 488 2410 gewordene
522 2369 660 2401 wax-me
694 2374 794 2401 neunt

131 2413 199 2444 (lies
217 2414 268 2445 die
291 2424 413 2446 neuere
431 2414 568 2457 Physik.

177 2471 392 2503 recalescunt.
437 2470 513 2502 Man
544 2471 649 2503 dcnke
679 2471 793 2503 hinzu:

132 2515 163 2545 si
179 2516 308 2556 quando
322 2517 575 2559 perfrioeerunt.

177 2580 235 2602 aer
255 2590 299 2594 ——
320 2575 471 2605 maoeime
489 2573 662 2615 frigidus.
708 2573 796 2605 Plut.

133 2616 172 2647 de
191 2616 292 2657 primo
310 2617 383 2658 frig.
403 2629 429 2649 c.
445 2618 480 2649 9:
501 2617 622 2661 οἱμὲν
638 2618 797 2651 Στωϊκοὶ

407 2324 669 2355 entbundene
714 2325 793 2356 oder

870 1328 919 1348 τω
939 1327 1016 1367 (cept
1037 1314 1076 1348 τὸ
1096 1314 1251 1360 ποώτως
1277 1324 1305 1354 is
1300 1316 1422 1362 (χρὸι
1441 1330 1538 1351 απο-

871 1349 1055 1394 diddami.
1100 1348 1158 1394 Die
1183 1356 1443 1395 81(111(ἑ1·5(111(11
1473 1365 1536 1395 wie

871 1407 921 1438 (11(1
941 1407 994 1437 W·
989 1408 1078 1438 irinc
1108 1419 1143 1438 so
1174 1409 1254 1439 auth
1285 1409 1337 1439 dic
1363 1408 1462 1440 {iiiito
1487 1409 1536 1440 als

871 1453 921 1483 eiu
938 1452 1193 1484 substanzielles
1205 1453 1341 1494 Wesen,
1352 1454 1445 1484 einen
1456 1454 1543 1485 Stoff

870 1507 909 1527 an
928 1498 991 1528 und
1010 1497 1169 1537 ineiuten,
1194 1499 1269 1529 dass
1296 1498 1407 1529 dieser
1424 1499 1537 1530 seinen

871 1542 1090 1581 eigentlichen
1109 1543 1178 1574 Sitz
1205 1543 1235 1573 in
1261 1544 1320 1573 der
1342 1543 1420 1574 Luft
1444 1544 1536 1575 habe.

872 1585 1007 1618 Natura
1023 1589 1113 1618 (cers-s·
1126 1587 1241 1628 gelida
1259 1591 1319 1619 est.
1355 1588 1471 1620 Senec.
1485 1600 1537 1630 qu.

872 1636 936 1662 nat.
955 1631 993 1671 H,
1017 1631 1066 1662 10.
1103 1632 1161 1663 Dic
1188 1632 1374 1673 Erk'ziltuug
1396 1634 1538 1665 auderet·

872 1676 976 1716 Dinge
992 1676 1113 1716 erl'olgt
1131 1677 1231 1708 durch
1247 1678 1303 1709 das
1320 1678 1537 1710 Hinzutreten

871 1721 979 1752 dieses
994 1720 1223 1757 Riiltestoffes,
1241 1733 1374 1753 woraus
1393 1723 1461 1754 sich
1480 1724 1537 1754 das

871 1766 953 1796 oben
972 1765 1002 1807 ξ.
1020 1765 1061 1796 26
1080 1777 1152 1797 vom
1169 1766 1343 1799 Gen-ieron
1362 1768 1420 1798 des
1435 1768 1538 1799 ΣΥΜ-

871 1821 942 1841 sers
974 1810 1119 1850 Gesagtc
1153 1812 1297 1843 erkliirt:
1331 1813 1538 1853 aquilonibus

870 1855 1070 1896 reliquisque
1087 1857 1290 1897 srzgorc'bus
1313 1857 1451 1889 adiectis
1476 1858 1538 1889 du-

869 1902 972 1931 rescit
999 1901 1134 1932 humor:
1166 1902 1196 1932 d.
1215 1902 1245 1932 h.
1272 1911 1396 1942 „wenn
1422 1903 1481 1933 der
1504 1903 1536 1933 in

869 1945 929 1975 den
939 1944 1162 1976 Nordwinden
1188 1947 1252 1977 und
1286 1952 1432 1978 sonstwo
1463 1952 1537 1979 ent-

868 1989 1374 2023 haltenelialtestoffhinzutritt
1386 1993 1452 2023 und
1468 1993 1536 2024 sich

868 2035 939 2065 dem
951 2034 1093 2066 &Vasser
1107 2036 1300 2068 zunlischt.“
1318 2037 1449 2068 Ebenso
1459 2039 1537 2077 geht

869 2081 926 2110 das
955 2080 1061 2120 gleieh
1086 2080 1254 2120 Folgende
1283 2092 1347 2113 von
1378 2083 1438 2113 der
1458 2082 1536 2114 Lust

866 2125 970 2156 multo
996 2125 1106 2156 calore
1122 2126 1298 2158 admirans
1319 2126 1378 2157 auf
1398 2127 1449 2157 die
1469 2126 1536 2157 Ζ11-

865 2170 1036 2210 mischung
1052 2171 1109 2201 des
1130 2170 1173 2201 w
1183 2171 1200 2201 'zi
1213 2181 1227 2201 r
1236 2181 1265 2201 111
1277 2181 1293 2202 e
1305 2175 1367 2201 sto
1380 2170 1445 2201 ffs.

912 2214 965 2245 27.
986 2216 1096 2246 oritur
1119 2226 1163 2246 ea·
1186 2217 1411 2258 respiratione
1432 2227 1537 2258 aqua-

867 2270 954 2291 rum.
991 2259 1023 2290 S.
1044 2270 1070 2290 c.
1091 2258 1143 2299 33,
1164 2259 1216 2290 84.

914 2304 1018 2343 Quam
1043 2304 1296 2336 simz'lz'taclmem
1311 2319 1357 2331 =
1373 2308 1467 2337 em'ics
1487 2308 1539 2337 rei

867 2349 1118 2381 similitudinem.
1136 2350 1215 2380 oder
1232 2360 1258 2381 c.
1275 2361 1301 2382 ν.
1322 2351 1429 2382 simile
1446 2351 1533 2392 quid.

867 2394 943 2434 Vgl.
970 2395 1008 2425 de
1033 2394 1129 2426 Finn.
1147 2394 1187 2434 V,
1213 2394 1262 2433 15,
1283 2395 1341 2426 42:
1366 2406 1405 2426 ea
1427 2398 1537 2437 sequi-

867 2450 960 2480 mur,
991 2439 1036 2470 ad
1063 2450 1146 2481 quae
1169 2442 1241 2471 nati
1262 2450 1393 2472 summ.
1430 2440 1536 2479 Quam

868 2484 1122 2516 similtiudinem
1139 2484 1288 2517 ridemus
1305 2487 1337 2515 e'n
1356 2486 1484 2525 bestiis,
1502 2496 1534 2516 u.

869 2530 964 2561 ibid.:
984 2540 1082 2561 suam
1095 2531 1213 2571 cuique
1226 2531 1277 2561 rei
1287 2533 1447 2561 natm—am
1464 2541 1537 2561 esse

870 2574 916 2606 ad
931 2575 1107 2606 vivendmn
1124 2575 1256 2606 ducem:
1280 2585 1364 2616 quae
1380 2575 1536 2606 similitu-

871 2620 912 2652 do
927 2622 958 2651 in
970 2630 1097 2662 genere
1110 2623 1208 2651 ettam
1223 2621 1367 2652 humano
1380 2622 1535 2665 apparet.

1565 986 1607 1018 27
