1684 2819
179 164 232 203 42
754 160 810 192 DE
837 159 1019 194 OFFICIIS

181 270 272 304 sunt
298 275 357 310 ea,
386 274 483 314 quae
510 262 712 313 repentino
742 261 870 312 aliquo
900 266 1011 301 motu
1037 262 1232 310 accidunt,
1262 275 1376 315 quam
1405 276 1465 310 ea,
1495 275 1591 315 quae

179 321 359 360 meditata
380 324 416 357 et
437 323 661 369 praeparata
681 318 910 357 inseruntur.
951 317 1007 356 Ac
1027 318 1074 356 de
1092 318 1291 359 inserenda
1311 320 1467 371 quidem
1489 319 1591 358 iniu-

180 378 236 416 ria
257 376 350 415 satis
373 374 519 414 dictum
540 380 610 413 est.

290 430 657 471 Praetermittendae
673 436 804 470 autem
822 429 1059 469 defensionis
1076 429 1354 483 deserendique
1371 433 1486 472 officii
1503 432 1591 484 plu-

180 501 243 528 res
281 488 406 527 solent
442 500 527 526 esse
562 499 712 526 causae.
761 486 860 525 Nam
895 493 961 526 aut
987 485 1206 525 inimicitias
1234 492 1299 526 aut
1324 488 1496 527 laborem
1527 494 1594 527 aut

179 550 363 596 sumptus
382 544 579 594 suscipere
599 544 750 590 nolunt,
772 548 838 582 aut
859 543 973 582 etiam
994 542 1249 593 neglegentia,
1270 543 1436 594 pigritia,
1458 545 1593 584 inertia

178 606 243 641 aut
263 601 345 640 suis
369 600 507 639 studiis
529 600 762 651 quibusdam
786 599 1154 651 occupationibusve
1175 599 1230 638 sic
1251 599 1526 650 impediuntur,
1549 607 1593 640 ut

178 670 266 704 eos,
290 669 389 709 quos
411 657 528 696 tutari
549 656 728 703 debeant,
750 656 927 695 desertos
949 668 1034 695 esse
1054 655 1259 707 patiantur.
1301 656 1433 708 Itaque
1453 657 1591 696 viden-

178 715 271 754 dum
293 720 353 752 est
373 726 420 752 ne
441 725 523 752 non
545 713 637 753 satis
659 714 710 752 sit
731 712 780 759 id,
802 713 906 765 quod
929 713 1033 763 apud
1056 712 1257 751 Platonem
1279 718 1337 752 est
1358 713 1398 752 in
1414 713 1594 765 philoso-

178 771 280 822 phos
309 770 471 818 dictum3
501 770 605 822 quod
633 770 672 809 in
693 769 770 808 veri
793 768 1085 819 investigatione
1106 774 1309 808 versentur
1331 770 1513 821 quodque
1536 782 1591 816 ea,

180 840 276 879 quae
298 827 469 878 plerique
490 827 735 866 vehementer
756 831 953 877 expetant,
981 826 1027 864 de
1049 825 1188 876 quibus
1211 826 1310 864 inter
1330 838 1372 865 se
1396 826 1593 877 digladiari

179 884 343 931 soleant,
365 888 619 923 contemnant
640 889 676 922 et
697 896 769 935 pro
791 883 911 921 nihilo
934 887 1088 933 putent,
1119 888 1326 933 propterea
1347 883 1471 921 iustos
1493 895 1593 923 esse.

177 940 274 979 Nam
290 941 453 979 alterum
472 940 650 990 [iustitiae
668 940 803 990 genus]
822 944 1093 990 assequuntur,
1103 938 1142 977 in
1158 939 1359 978 inferenda
1375 952 1423 978 ne
1440 939 1500 978 cui
1517 951 1592 978 no-

179 1002 290 1035 ceant
310 996 465 1042 iniuria,
488 996 528 1034 in
550 996 711 1035 alterum
732 995 926 1034 incidunt:
955 994 1129 1033 discendi
1150 995 1253 1033 enim
1275 995 1404 1034 studio
1427 995 1593 1046 impedi-

178 1053 204 1091 ti
230 1065 329 1104 quos
358 1052 457 1091 tueri
485 1052 626 1091 dehent
656 1052 852 1091 deserunt.
893 1052 1025 1102 Itaque
1046 1063 1113 1089 eos
1142 1063 1189 1089 ne
1217 1051 1263 1090 ad
1292 1064 1375 1090 rein
1398 1051 1595 1103 publicam

179 1109 335 1160 quidem
371 1121 600 1148 accessuros
633 1114 743 1160 putat
769 1109 844 1148 nisi
875 1113 1044 1148 coactos.
1092 1108 1263 1159 Aequius
1291 1114 1418 1147 autem
1447 1113 1528 1147 erat
1556 1107 1595 1146 id

181 1233 316 1275 spiitern
336 1232 602 1264 Schriftstellern
628 1233 671 1265 ist
689 1233 761 1264 eine
781 1233 850 1264 sol-

180 1279 238 1309 che
257 1277 474 1318 Verbindung
492 1278 548 1309 des
564 1278 767 1310 Adverbium
785 1279 851 1310 und

178 1323 388 1363 ,adjectivum
413 1323 532 1363 hiiufig.
564 1322 636 1354 Liv.
657 1322 777 1364 11‚30,
812 1322 849 1354 12

177 1369 316 1409 confusi
327 1371 361 1399 ct
372 1370 563 1400 contemtim
569 1379 723 1412 pugnam
736 1370 851 1400 iniere.

179 1413 221 1445 id.
240 1412 292 1451 36,
308 1412 362 1451 23,
377 1413 397 1444 4
414 1414 475 1445 hoe
493 1416 524 1445 el
546 1432 591 1436 ——-
604 1414 800 1455 frequentes
819 1417 852 1445 et

179 1460 325 1502 imngre
331 1460 510 1500 ¹fecerant.

225 1514 368 1547 leviora:
414 1516 474 1547 der
521 1515 679 1547 Gedanke
727 1516 851 1547 stiinmt

180 1560 269 1592 nicht
283 1561 377 1592 recht
391 1571 431 1592 zu
441 1561 513 1592 dem
528 1561 696 1592 stoischen
706 1561 849 1603 System,

179 1607 300 1637 ‹lessen
327 1605 469 1646 Strenge
495 1605 560 1637 Cic.
587 1606 658 1637 hier
682 1606 849 1648 praktiseh

180 1651 331 1689 mildcrt3
357 1651 423 1691 vgl.
443 1651 529 1682 Einl.

226 1712 266 1751 9.
300 1718 352 1750 23.
379 1719 471 1763 apud
496 1718 691 1751 Platonem:
722 1720 760 1750 de
781 1730 848 1761 rep.

185 1764 229 1796 vl
249 1775 277 1806 p.
298 1764 361 1795 485
373 1764 393 1795 s.
419 1765 462 1796 ist
488 1765 547 1795 der
571 1764 728 1796 Gedanke
753 1765 851 1796 weit—

186 1809 327 1849 liiufiger
355 1810 562 1849 ausgel'iihrt.
596 1809 780 1851 digladiari
810 1810 853 1841 ist

186 1854 258 1885 cine
284 1853 518 1895 Nachahlnung
548 1865 611 1885 von
644 1866 712 1896 rep.
736 1854 794 1886 Vll
824 1865 850 1886 c.

181 1899 268 1930 201)
299 1896 347 1933 ὡς
371 1899 436 1931 ι’ῦι
458 1900 496 1930 αἱ
519 1899 652 1931 πολλαὶ
684 1896 850 1951 (ndi-653)

182 1941 202 1975 1‘.
208 1941 258 1975 πὸ
279 1941 584 1988 σκιοιιαχούιῑων
608 1955 644 1977 τε
670 1941 765 1988 πυὸς
788 1941 852 1976 ‹2³-

182 1985 312 2041 Mam.-
351 1990 410 2020 καὶ
453 1986 726 2027 σπισιαζόνιτωι
768 1989 853 2032 πεωὶ

183 2035 246 2066 τοῦ
265 2044 393 2078 aolfu
410 2035 610 2066 οἰκοῦιΉΠιι

227 2099 261 2119 m
282 2087 517 2131 philosophos,
543 2088 574 2118 in
596 2088 705 2129 Bezug
722 2088 781 2119 aul
801 2089 852 2119 die

183 2133 414 2175 l’hilosophen.
455 2133 545 2164 Brut.
576 2133 634 2175 43,
668 2134 728 2164 160
759 2137 856 2165 <nt-lat

182 2180 215 2209 in
232 2178 324 2209 illam
341 2178 447 2220 legem
463 2179 578 2210 senior
590 2196 635 2202 —
647 2190 746 2221 quant
760 2182 854 2210 actas

182 2223 387 2264 illaserebat
405 2226 525 2255 υναέίο.
545 2223 588 2254 ib.
606 2223 667 2255 164
685 2225 741 2256 illa
756 2227 788 2256 in
807 2224 853 2256 le-

180 2279 259 2310 gem
288 2268 463 2311 Caepionis
495 2270 614 2300 oratio.
661 2270 700 2300 (le
734 2280 781 2300 or.
814 2268 851 2309 ll,

184 2314 240 2352 96,
272 2314 335 2345 352
373 2325 449 2346 cum
477 2318 633 2346 coenaret
661 2313 852 2346 Simonides

183 2359 275 2402 apud
292 2358 435 2402 Scopam
455 2377 500 2382 —-
521 2361 759 2402 cecinissetque
777 2369 853 2391 car-

183 2414 270 2442 men,
289 2405 380 2446 quod
393 2406 427 2436 ίη
448 2415 522 2436 cum
537 2406 751 2447 arrepsit-set.-
770 2405 851 2435 noch

185 2449 335 2489 hiiuiiger
348 2450 438 2481 steht
453 2453 485 2482 in
500 2450 558 2482 mit
572 2450 643 2481 dem
658 2450 792 2482 Ablativ
807 2460 854 2490 so,

185 2494 312 2535 §.132
347 2494 447 2526 Tusc.
471 2495 529 2536 ΙΙΙ,
555 2495 612 2533 26,
639 2496 679 2527 62
707 2496 782 2526 lu'nc
804 2495 857 2527 illc

186 2540 399 2581 Agamemno
417 2540 628 2581 Homericus,
654 2543 684 2572 in
710 2551 772 2582 quo
787 2542 854 2582 sa-

187 2588 294 2616 cetum
313 2585 395 2618 illud
409 2586 538 2619 Bionis.

964 1232 1108 1264 alterum
1122 1233 1274 1264 iustitiae
1284 1243 1396 1273 genus
1409 1242 1596 1274 assequun-

926 1280 982 1309 tur
999 1296 1037 1299 —
1059 1280 1091 1308 in
1109 1277 1255 1309 alterum
1272 1276 1434 1308 incidunt.
1463 1276 1514 1308 Zu
1523 1277 1597 1308 dem

927 1323 1068 1354 zweiten
1098 1322 1214 1354 Theile
1245 1321 1308 1353 soll
1339 1322 1420 1353 nach
1449 1322 1508 1353 der
1536 1332 1595 1362 ge-

924 1367 1131 1399 wiihnlichen
1148 1367 1339 1407 Erkl'zirung
1356 1377 1415 1398 aus
1434 1368 1597 1406 ‚iustitiae

922 1424 1035 1455 genus
1077 1413 1279 1444 ‘e'nz'ustz'tz‘ac
1299 1412 1424 1453 genus‘
1456 1412 1596 1452 ergiinzt

925 1458 1079 1496 werden,
1111 1468 1180 1488 was
1199 1457 1384 1499 sprachlich
1407 1457 1596 1497 unmoglich

924 1503 989 1534 und
1007 1503 1133 1543 logisch
1156 1502 1260 1534 salsch
1277 1503 1385 1542 wiire,
1416 1502 1499 1533 denn
1524 1502 1597 1533 dem

924 1547 1071 1580 alterum
1094 1549 1174 1579 fust.
1197 1559 1309 1589 genus
1339 1547 1423 1579 kann
1455 1557 1516 1579 nur
1545 1547 1596 1578 ein

925 1593 1068 1625 alterum
1095 1593 1272 1624 dci-selben
1290 1593 1352 1624 Art
1375 1597 1598 1633 entgegenge-

927 1643 1015 1670 setzt
1031 1638 1178 1670 werden.
1222 1637 1333 1669 XVenn
1354 1637 1419 1669 Cic.
1434 1637 1597 1676 wirklich,

925 1684 989 1715 wic
1018 1684 1077 1715 das
1106 1684 1204 1714 sehon
1234 1693 1349 1723 wegen
1374 1682 1407 1725 ξ.
1426 1682 1467 1714 29
1490 1683 1599 1714 wahr-

927 1729 1106 1774 scheinlich
1126 1729 1178 1770 ist,
1196 1729 1278 1760 auch
1293 1728 1364 1760 hier
1380 1738 1421 1759 an
1440 1728 1491 1759 die
1508 1726 1541 1769 ξ.
1557 1727 1598 1758 23

926 1774 1142 1815 aul'gestellte
1157 1773 1369 1814 Eintheilung
1383 1774 1441 1804 der
1451 1772 1598 1805 Gercch-

926 1820 1043 1860 tigkeit
1071 1820 1211 1859 gedacht
1237 1819 1306 1860 hat,
1341 1829 1377 1849 so
1416 1818 1500 1850 liisst
1529 1818 1599 1849 sich

927 1866 1056 1896 schwer
1074 1874 1187 1904 sagon,
1213 1874 1282 1895 was
1301 1868 1385 1896 statt
1402 1866 1433 1895 in
1453 1863 1597 1896 alterum

926 1909 1081 1941 incidunt
1109 1920 1149 1940 zu
1173 1909 1345 1940 sehreiben
1373 1909 1431 1950 ist,
1460 1909 1544 1939 deun
1563 1909 1596 1938 in

925 1955 1034 1986 altero
1064 1954 1315 1994 derelinquunt,
1350 1964 1419 1984 was
1449 1953 1545 1984 Bern.
1571 1963 1598 1984 c.

927 2001 999 2040 hat,
1034 1999 1076 2030 ist
1107 2009 1168 2029 nur
1196 1999 1247 2029 die
1278 1998 1478 2038 Aenderung
1506 1998 1598 2029 eines

927 2044 1186 2085 Abschreibers,
1215 2044 1275 2075 der
1292 2044 1423 2082 einsah,
1458 2052 1527 2074 was
1547 2047 1598 2074 ct-

928 2100 978 2121 wa
1019 2090 1078 2120 der
1111 2089 1396 2129 Zusununcnhang
1429 2088 1599 2128 verlange.

927 2135 1075 2166 Streieht
1091 2144 1163 2165 inan
1181 2135 1331 2165 iustiliae
1345 2144 1476 2175 genus,
1501 2143 1537 2164 so
1558 2133 1600 2164 ist

929 2180 1132 2219 wenigstcns
1151 2180 1210 2210 der
1228 2178 1307 2210 Sinn
1326 2179 1409 2210 klar.
1452 2178 1511 2209 Die
1530 2178 1599 2209 bei-

928 2226 988 2257 den
1005 2225 1148 2256 altcrum
1168 2224 1318 2255 erhalten
1337 2224 1420 2255 dann
1437 2224 1538 2254 durch
1548 2223 1599 2254 dic

923 2270 1036 2311 jedein
1052 2269 1226 2310 folgenden
1241 2269 1363 2300 &Vorte
1376 2271 1408 2300 iu
1422 2268 1601 2310 inserenda

928 2318 989 2347 cet.
1020 2316 1085 2347 und
1114 2313 1366 2347 (incendiorum
1384 2313 1498 2346 studio
1529 2313 1599 2344 ihre

928 2361 1164 2400 Erliiuterung

972 2408 1005 2437 in
1024 2405 1220 2447 ιιζῘενθιιιΙαε
1238 2415 1263 2435 5.
1284 2414 1312 2435 Ζ.
1331 2402 1368 2442 11,
1392 2403 1439 2445 13,
1457 2404 1510 2435 63.

972 2454 1086 2494 putat,
1115 2449 1254 2481 n²i¹nlich
1272 2448 1367 2480 Plato
1385 2448 1427 2480 dc
1443 2459 1512 2501 rep.
1533 2448 1544 2480 I
1570 2460 1599 2491 p

929 2495 993 2526 347
1029 2497 1052 2526 ί
1093 2494 1152 2527 δεῖ
1188 2491 1232 2535 δὴ
1275 2490 1400 2529 αιτοΐς
1438 2490 1601 2537 ἀιάγκην

929 2542 1118 2591 προςεῖιαι
1134 2551 1191 2570 ναι
1203 2541 1344 2582 tntum
1358 2540 1389 2571 εἰ
1401 2540 1601 2582 με’.’)λουσιι

928 2585 1071 2618 <fasten
1088 2581 1224 2628 ἀυχειν.
