1684 2819
192 166 273 205 256
549 144 554 147 i
598 163 817 197 [ABERV.
846 166 978 207 34‚99.
1003 167 1077 199 100.
1131 168 1184 199 35.

190 292 321 320 nonne
343 278 545 319 videmus?
569 276 640 317 Ubi
662 291 776 330 quum
795 285 986 332 tyrannus
1005 280 1254 321 coenavisset
1271 280 1497 334 Dionysius,
1525 293 1594 320 ne-

191 336 301 387 gavit
323 349 365 375 se
387 335 472 374 iure
493 333 561 373 illo
583 333 696 386 nigro
711 363 721 383 ,
753 334 856 386 quod
884 348 1031 375 coenae
1053 343 1165 390 caput
1197 344 1306 386 erat,
1339 336 1589 378 delectatum.

191 392 291 431 Tum
321 391 378 438 is,
413 390 477 443 qui
505 389 572 429 illa
602 397 792 430 coxerat:
826 390 988 431 Minime
1018 391 1184 442 mirum3
1219 393 1466 434 condimenta
1489 394 1592 433 enim

191 449 413 487 defuerunt.
448 470 498 476 —
534 446 849 497 Quae'tandem?
869 447 996 499 inquit
1016 447 1098 487 ille.
1133 472 1189 478 —
1216 449 1348 489 Labor
1369 450 1409 490 in
1431 457 1591 497 venatu,

189 504 323 552 sudor,
349 516 488 543 cursus
511 503 559 543 ad
581 503 787 552 Eurotam,
814 504 952 552 fames,
978 503 1089 552 sitis3
1123 502 1182 544 his
1205 505 1307 544 enim
1330 505 1448 547 rebus
1471 506 1595 547 Lace-

190 560 485 600 daemoniorum
509 559 647 613 epulae
670 559 921 600 condiuntur.
950 583 998 589 -
1031 559 1158 612 Atque
1189 560 1262 600 hoo
1293 575 1370 614 non
1397 575 1449 602 ex
1471 563 1594 603 homi-

190 630 280 655 num
303 629 413 656 more
436 616 562 656 solum
577 646 587 665 ,
619 616 687 656 sed
718 616 834 657 etiam
867 630 919 657 ex
940 616 1077 656 bestiis
1099 616 1265 671 intelligi
1288 624 1441 670 potest,
1477 633 1591 671 quae,

189 680 230 712 ut
251 672 432 725 quicquid
454 672 647 713 obiectum
671 680 746 722 est,
772 673 874 726 quod
896 673 1010 713 modo
1033 687 1055 712 a
1077 680 1217 713 natura
1240 687 1318 713 non
1338 673 1389 714 sit
1406 675 1591 725 alienum,

123 738 165 769 99
188 743 233 769 eo
267 736 476 769 contentae
508 743 585 769 non
619 737 811 782 quaerunt
842 729 1023 783 amplius.
1069 729 1262 769 Civitates
1294 731 1480 783 quaedam
1510 731 1595 771 uni-

187 799 328 826 versae
351 799 460 826 more
482 787 620 826 doctae
643 786 879 840 parsimonia
901 786 1168 835 delectantur,
1201 793 1241 826 ut
1262 787 1309 826 de
1331 787 1596 828 Lacedaemo-

190 841 265 883 niis
287 842 416 895 paullo
446 849 536 882 ante
565 843 753 884 diximus.
787 843 999 883 Persarum
1028 857 1049 883 a
1072 842 1336 896 Xenophonte
1369 844 1494 884 vietus
1524 858 1596 884 ex—

190 899 373 952 ponitur,
418 912 514 952 quos
557 907 674 953 negat
706 900 751 939 ad
790 912 927 953 panem
964 899 1151 939 adhibere
1192 900 1397 952 quicquam
1440 907 1596 952 praeter

191 955 441 995 nasturtium.
474 954 729 1008 Quamquam,
754 957 788 996 si
811 956 999 1008 quaedam
1022 956 1139 996 etiam
1161 957 1345 996 suaviora
1370 964 1507 997 natura
1531 957 1596 997 de-

190 1012 360 1060 sideret,
395 1025 509 1063 quam
541 1013 664 1052 multa
694 1026 747 1052 ex
770 1019 876 1052 terra
898 1012 1181 1064 arboribusque
1204 1013 1444 1065 gignuntur,
1479 1027 1595 1066 quum

190 1067 302 1121 copia
325 1067 442 1117 facili,
470 1075 549 1108 tum
571 1069 768 1108 suavitate
790 1069 1055 1122 praestantia!
1090 1068 1199 1108 Adde
1222 1069 1436 1109 siceitatem
1452 1098 1462 1117 ,
1496 1083 1596 1121 quae

190 1125 444 1177 consequitur
466 1124 564 1165 hanc
587 1125 866 1165 continentiam
889 1126 929 1165 in
950 1125 1082 1176 vietu3
1117 1124 1214 1164 adde
1236 1125 1502 1178 integritatem
1530 1140 1596 1165 va-

106 1181 395 1229 1001etudini53
439 1181 577 1221 confer
607 1182 820 1230 sudantes,
853 1188 1077 1231 ructantes,
1113 1182 1282 1221 refertos
1315 1182 1465 1235 epulis,
1499 1189 1597 1221 tam-

189 1251 305 1290 quam
334 1237 485 1290 opimos
516 1237 662 1278 boves:
701 1245 779 1278 tum
809 1238 1031 1291 intelliges,
1067 1239 1130 1291 qui
1164 1238 1402 1292 voluptatem
1425 1238 1596 1279 maxime

190 1301 427 1347 sequantur,
452 1308 520 1334 eos
542 1294 703 1335 minime
725 1295 934 1347 consequi,
970 1295 1326 1347 iucunditatemque
1355 1295 1484 1335 victus
1508 1308 1596 1336 esse

114 1350 170 1394 35
188 1351 228 1390 in
251 1350 472 1399 desiderio,
506 1365 584 1391 non
615 1351 655 1390 in
677 1351 876 1392 satietate.
910 1350 1182 1400 Timotheum,
1218 1351 1366 1391 clarum
1397 1351 1595 1392 hominem

189 1407 355 1447 Athenis
379 1414 416 1446 et
437 1407 645 1461 principem
669 1408 840 1448 civitatis
855 1438 865 1457 ,
895 1409 1040 1456 serunt,
1074 1421 1189 1460 quum
1225 1408 1475 1449 coenavisset
1497 1408 1597 1462 apud

188 1461 392 1504 Platonem
416 1475 541 1516 eoque
564 1464 749 1504 convivio
772 1464 976 1504 admodum
1000 1463 1214 1504 delectatus
1233 1471 1339 1504 esset
1355 1465 1596 1517 vidissetque

191 1534 277 1560 eum
301 1520 504 1574 postridie,
531 1520 707 1560 dixisse:
745 1520 927 1561 Vestrae
948 1520 1108 1575 quidem
1132 1534 1279 1560 coenae
1301 1535 1381 1560 non
1403 1521 1531 1560 solum
1557 1523 1595 1560 in

183 1578 439 1631 praesentia,
465 1576 542 1616 sed
562 1578 681 1617 etiam
698 1584 868 1632 postero
891 1576 956 1616 die
978 1577 1181 1616 iucundae
1201 1583 1311 1616 sunt.
1346 1576 1475 1628 Quid?
1497 1577 1595 1630 quod

191 1647 238 1673 ne
261 1640 390 1673 mente
414 1633 565 1686 quidem
589 1640 694 1674 recte
718 1633 773 1674 uti
796 1647 1002 1686 possumus
1019 1632 1140 1672 multo
1159 1631 1244 1672 cibo
1267 1640 1303 1672 et
1319 1634 1475 1686 potione
1493 1647 1597 1674 com-

189 1689 310 1743 pleti?
341 1689 412 1729 Est
442 1689 644 1743 praeclara
668 1690 833 1744 epistola
858 1690 1029 1730 Platonis
1052 1689 1097 1729 ad
1121 1688 1257 1729 Dionis
1280 1690 1531 1744 propinquos,
1558 1691 1595 1731 in

150 1826 154 1829 ,
185 1793 276 1823 Auch
305 1793 347 1823 im
367 1791 502 1824 Griech.
531 1794 685 1835 (μλίτια,
711 1791 857 1836 ιμὸίτια

186 1837 251 1868 und
271 1836 449 1879 ([ειδίῑια.
470 1837 547 1878 vgl.
568 1838 658 1870 Plut.
679 1838 762 1881 Lyca
787 1838 838 1869 12.

232 1894 435 1935 Dionysius,
465 1894 524 1925 der
543 1894 692 1926 Aeltere.

232 1952 310 1981 iure
334 1950 394 1981 illo
429 1952 552 1991 nigro,
591 1951 695 1992 ζωμῷ
719 1952 857 1982 Λακω-

186 1996 287 2036 νικῷ,
318 1995 422 2038 ζοψῷ
446 1995 588 2038 μέλανι.

234 2062 359 2083 cursus
387 2051 434 2083 ad
452 2052 625 2083 lim-otum
652 2062 733 2092 „am
753 2051 857 2083 Euro-

187 2098 288 2128 tas“.
311 2096 370 2128 Die
386 2097 526 2129 lldschr.
544 2097 650 2128 haben
669 2098 855 2139 unpassend

188 2143 230 2173 ul)
250 2143 402 2174 Eurota.

231 2209 276 2229 ea·
311 2194 450 2239 bvste'e‘s,
496 2198 549 2230 fiir
582 2210 626 2230 ar
662 2199 854 2231 bestiarum

188 2246 340 2284 (more),
361 2245 423 2275 wie
444 2244 545 2284 1.1,2
566 2244 629 2276 illa
649 2255 725 2276 cunt
749 2244 858 2276 Grae-

187 2291 240 2320 m'a
259 2293 343 2321 sunl
362 2290 589 2329 conserenda.

234 2339 275 2366 ut
302 2335 471 2376 quiequid
504 2336 675 2366 obiectam
711 2340 774 2376 est,
804 2335 857 2367 l'iir

189 2383 228 2411 ut
250 2380 388 2422 aliquid
406 2381 581 2411 obiectum
600 2384 665 2420 est,
687 2382 857 2424 quieqm’d

188 2429 260 2463 est,⁸
286 2436 313 2457 s.
335 2436 377 2456 zu
397 2424 453 2457 lv.
476 2425 529 2465 19,
550 2426 604 2457 44.

233 2472 288 2502 99.
315 2482 335 2502 α
354 2470 604 2513 Xenophonte:
630 2470 751 2514 Cyrop.
775 2472 798 2504 Ι.
821 2472 853 2510 2,

187 2522 219 2547 5.
248 2515 323 2557 Vgl.
346 2516 384 2548 de
404 2517 459 2548 lin.
481 2515 524 2548 ll.
545 2518 600 2557 25,
623 2517 677 2548 92.

233 2564 474 2594 nasturtium.
503 2562 628 2602 griech.
650 2559 852 2605 κάρδαμον,

188 2607 419 2647 dreibliittrige
440 2606 572 2639 h'resse.

973 1792 1216 1834 coln'afaee'li:
1238 1792 1370 1833 „durch
1391 1792 1512 1824 leichte
1531 1793 1598 1824 An-

925 1837 1217 1869 schaffbarkeit‘:

974 1883 1073 1915 Adde
1092 1901 1135 1905 —
1156 1886 1230 1914 (mn
1257 1883 1456 1924 intelliges,

928 1928 983 1968 12,
1004 1928 1044 1959 25
1073 1939 1113 1959 zu
1135 1927 1232 1969 Rogo
1250 1946 1290 1950 —
1306 1928 1411 1959 (lieet.

973 1976 1171 2004 siceitatem
1216 1973 1412 2004 bezeichnet
1447 1972 1506 2004 den
1542 1983 1598 2013 ge-

926 2018 1052 2050 sunden
1082 2017 1233 2049 Zustaud
1264 2019 1321 2049 des
1348 2018 1595 2050 menschlichen

928 2062 1073 2106 liiirpers
1086 2064 1127 2094 im
1140 2062 1330 2103 Gegensatz
1346 2074 1450 2103 gegen
1463 2062 1595 2102 Fliisse,

928 2108 1086 2145 Catari-h,
1099 2108 1375 2149 Aufschuellung
1393 2108 1499 2149 u.dgl.
1520 2107 1594 2150 vgl.

928 2154 1003 2185 Cat.
1025 2153 1069 2186 M.
1098 2155 1149 2194 10,
1169 2155 1225 2185 3-1.

977 2200 1051 2230 lm).
1096 2204 1275 2242 tamqnam
1313 2202 1447 2241 opimos
1483 2200 1593 2231 boves.

927 2244 989 2276 Die
1002 2245 1100 2276 Alten
1116 2255 1226 2276 waren
1244 2245 1295 2276 bei
1307 2244 1595 2285 x'ergleiehuugen

926 2291 1074 2331 weniger
1092 2290 1293 2322 wiihlerisch
1321 2290 1371 2322 als
1390 2290 1464 2321 wir.

972 2332 1038 2371 35.
1062 2338 1273 2378 principem,
1293 2335 1355 2366 wie
1376 2334 1402 2366 Ι.
1426 2335 1479 2367 15.
1501 2335 1553 2366 34.

974 2381 1126 2422 epistola
1145 2381 1317 2417 Molonis,
1348 2381 1379 2411 in
1400 2380 1510 2420 Bezug
1539 2381 1598 2411 auf

927 2426 1030 2458 Dions
1043 2425 1255 2466 Ermordung
1265 2426 1346 2466 (353
1361 2436 1392 2456 v.
1406 2424 1519 2465 Chia),
1537 2425 1595 2457 der

926 2472 1077 2503 siebente
1088 2482 1148 2502 von
1163 2472 1224 2502 deu
1234 2470 1594 2512 Pseudoplatonischen

926 2516 1060 2548 Briel‘en
1081 2516 1130 2558 (p.
1154 2517 1216 2547 32⁴
1237 2526 1307 2557 sqq.
1330 2515 1415 2555 St.),
1437 2516 1594 2556 iihrigens

926 2562 984 2593 der
1004 2562 1238 2602 Bezeiehnung
1257 2562 1449 2602 praet-lura
1475 2561 1595 2593 durch-

926 2617 984 2638 aus
1012 2607 1151 2645 wiirdig.
1185 2626 1226 2630 --
1261 2606 1310 2638 Zu
1345 2607 1495 2648 eln'slola
1528 2607 1590 2639 und

1495 1894 1520 1914 s.
1553 1882 1593 1914 ll.
