1684 2819
79 170 131 210 30
542 169 597 200 DE
624 169 804 203 NATURA
830 169 1012 203 DEORUM

76 272 200 322 pietas
228 271 356 309 inesse
382 282 461 308 non
482 275 630 320 potest,
658 283 745 308 eum
773 282 848 320 qua
876 271 991 311 simul
1012 272 1251 311 sanctitatem
1275 278 1311 311 et
1332 273 1486 323 religio-

76 340 165 366 nem
192 327 272 366 tolli
300 339 459 364 necesse
486 331 558 372 est,
588 326 727 376 quibus
754 326 912 364 sublatis
934 328 1172 379 perturbatio
1195 329 1289 367 vitae
1311 329 1487 380 sequitur

34 403 35 406 ¹
77 389 112 423 et
147 395 285 434 inagna
314 381 504 420 confusio.
546 383 672 433 Atque
698 382 799 420 haud
827 382 908 420 scio
936 395 985 422 an
1012 384 1150 435 pietate
1177 385 1361 424 adversus
1390 385 1484 424 deos

76 440 224 479 sublata
246 439 341 476 tides
363 438 476 476 etiam
500 443 536 476 et
558 438 724 477 societas
747 438 899 488 generis
922 440 1079 478 humani
1101 446 1138 478 et
1153 453 1227 479 una
1245 442 1485 480 excellentis-

76 496 172 534 sima
200 494 339 541 virtus,
367 494 529 541 iustitia,
559 495 724 533 tollatur.
767 494 866 533 Sunt
897 501 1026 534 autem
1048 495 1109 534 alii
1131 497 1373 547 philosophi,
1403 504 1439 537 et
1460 498 1483 536 ii

75 551 230 602 quidem
263 551 392 601 magni
421 557 535 602 atque
561 551 729 598 nobiles,
767 551 831 602 qui
859 551 1023 591 deorum
1052 557 1182 590 mente
1203 558 1316 604 atque
1337 555 1484 593 ratione

75 620 230 646 omnem
260 607 450 646 mundum
478 607 739 646 administrari
768 614 803 646 et
831 608 909 659 regi
939 614 1135 647 censeant:
1176 621 1301 659 neque
1329 623 1418 648 vero
1446 611 1483 649 id

74 664 214 709 solum,
237 663 305 702 sed
329 663 445 703 etiam
468 664 513 702 ab
536 663 672 703 iisdem
695 664 902 703 hominum
926 665 1022 703 vitae
1045 665 1194 703 consuli
1216 671 1253 704 et
1273 666 1483 716 provideri:

72 733 160 759 nam
184 725 220 758 et
242 720 370 771 fruges
393 726 430 758 et
450 719 594 771 reliqua
617 733 712 772 quae
730 726 829 760 terra
847 722 980 772 pariat,
1003 726 1039 759 et
1058 727 1307 772 tempestates
1326 734 1370 761 ao
1386 727 1484 761 tem—

72 789 214 827 porum
237 777 438 815 varietates
463 776 630 827 caelique
652 777 905 824 mutationes,
935 778 1077 829 quibus
1107 778 1236 816 omnia
1260 791 1356 829 quae
1385 784 1484 817 terra

70 833 200 884 gignat
220 839 410 872 maturata
430 833 656 884 pubescant,
679 847 698 872 a
721 834 793 872 diis
815 834 1099 873 immortalibus
1122 834 1236 873 tribui
1259 835 1387 885 generi
1409 835 1484 874 hu-

72 901 187 928 mano
215 895 375 940 putant:
412 890 626 940 multaque,
655 903 752 940 quae
783 890 958 929 dicentur
985 891 1022 929 in
1051 891 1110 929 his
1138 891 1256 937 libris,
1286 891 1481 942 eolligunt,

72 958 168 997 quae
190 946 275 984 talia
299 952 402 992 sunt,
426 951 467 984 ut
488 959 530 984 ea
554 947 635 997 ipsa
658 946 708 984 dii
730 947 968 985 immortales
992 947 1037 985 ad
1061 960 1175 985 usum
1199 948 1402 986 hominum
1425 948 1481 986 sa—

69 1002 203 1041 bricati
232 1015 353 1053 paene
381 1002 594 1041 videantur.
637 1002 779 1041 Contra
808 1015 907 1053 quos
931 1004 1148 1042 Carneades
1176 1004 1224 1042 ita
1254 1004 1372 1042 multa
1401 1004 1481 1042 dis-

70 1058 207 1104 seruit,
236 1064 278 1096 ut
304 1059 483 1097 excitaret
510 1058 689 1096 homines
718 1071 797 1097 non
827 1060 1012 1098 socordes
1048 1060 1095 1097 ad
1123 1060 1199 1097 veri
1228 1059 1482 1110 investigandi

22 1125 40 1156 5
72 1114 330 1166 cupiditatem.
373 1114 448 1153 Res
470 1114 572 1152 enim
596 1114 698 1153 nulla
720 1120 796 1161 est,
819 1115 865 1153 de
888 1128 962 1166 qua
983 1120 1090 1153 tanto
1114 1128 1229 1166 opere
1251 1128 1330 1154 non
1354 1116 1482 1154 solum

70 1170 233 1218 indocti,
268 1171 335 1209 sed
365 1171 479 1209 etiam
509 1171 611 1209 docti
639 1171 879 1210 dissentiant.
924 1172 1102 1218 Quorum
1131 1171 1334 1222 opiniones
1362 1185 1481 1223 quum

69 1233 146 1266 tarn
163 1227 287 1265 variae
310 1227 387 1265 sint
407 1233 564 1277 tamque
586 1227 684 1265 inter
701 1240 741 1265 se
758 1228 1004 1275 dissidentes,
1028 1229 1189 1267 alterum
1207 1228 1288 1266 fieri
1306 1230 1480 1280 profecto

68 1289 213 1334 potest,
240 1289 283 1322 ut
310 1296 441 1322 earum
470 1284 588 1330 nulla,
615 1283 777 1323 alterum
807 1290 908 1322 certe
936 1297 1015 1323 non
1044 1290 1196 1335 potest,
1226 1291 1267 1323 ut
1296 1285 1382 1335 plus
1406 1296 1480 1323 una

17 1343 41 1382 3
68 1353 156 1378 vera
183 1340 242 1377 sit.
286 1341 367 1386 Qua
392 1339 548 1390 quidem
577 1340 615 1378 in
646 1353 781 1379 caussa
810 1347 846 1379 et
872 1340 1081 1379 benevolos
1105 1340 1373 1391 obiurgatores
1395 1341 1478 1392 pla-

69 1474 109 1494 zu
133 1462 318 1504 behaupten
346 1463 494 1493 suchten.
529 1462 562 1494 S.
589 1467 688 1494 unten
707 1474 734 1494 e.

70 1508 118 1549 17,
138 1507 190 1538 45.
210 1506 263 1546 21,
283 1506 324 1537 56
343 1508 407 1538 und
421 1508 567 1547 dagegen
587 1508 639 1549 41,
662 1508 734 1539 115.

111 1552 142 1584 4.
164 1552 258 1594 fides
286 1571 322 1574 —
356 1571 402 1575 --
428 1554 558 1584 iustitia
587 1553 735 1585 tollatur.

66 1598 136 1629 Deu
170 1597 455 1638 Zusamnienhang
487 1598 547 1629 der
576 1597 733 1630 Pssichten

65 1653 169 1683 gegen
189 1643 239 1674 dic
256 1642 436 1674 Mense-hen
462 1643 521 1674 mit
538 1643 598 1674 den
618 1642 735 1674 Ptlieh-

66 1693 120 1719 ten
139 1698 243 1729 gegen
260 1688 310 1719 die
327 1687 476 1720 Gottheit
490 1688 604 1719 ‹leutet
616 1688 734 1720 Cicero

65 1734 145 1764 auch
166 1732 207 1773 ΙΙ,
233 1733 290 1774 61,
319 1732 379 1763 153
398 1743 453 1764 an:
478 1743 516 1764 an
537 1734 599 1764 den
617 1734 733 1765 innern

67 1777 180 1809 Grund
195 1779 303 1809 dieses
318 1777 641 1818 Zusannnenhanges
655 1779 736 1809 aber

65 1823 218 1854 erinnert
241 1823 312 1853 eine
335 1834 401 1861 ‚von
427 1822 618 1854 Lactantius
644 1823 689 1863 V,
715 1823 733 1854 S

64 1878 123 1898 aus
149 1868 210 1898 deu
236 1867 269 1898 Β.
295 1867 336 1899 (Ie
358 1867 504 1909 Legibus
533 1867 733 1908 angefiihrte

65 1912 185 1944 stelle:
201 1913 276 1943 dass
287 1912 732 1953 niiinliehdasssewusstsein,

65 1958 127 1988 wie
152 1957 218 1988 alle
244 1956 421 1988 Mensehen
447 1957 595 1997 gli-ichen
625 1960 732 1997 (gott-

63 2002 182 2042 liehen)
200 2001 437 2033 Gesehleehtes
453 2002 516 2032 und
531 2003 592 2033 auf
604 2002 732 2041 g'leiehe

63 2047 179 2079 &Veise
215 2046 426 2087 Gegenstand
460 2047 518 2077 der
551 2047 732 2087 giittlichen

63 2092 163 2123 Liehe
182 2092 245 2123 und
261 2092 430 2132 Fiirsorge
450 2092 553 2131 seien,
572 2093 652 2123 auch
671 2103 731 2123 un-

64 2142 115 2168 ter
134 2138 227 2168 ihnen
247 2137 351 2168 selbst
368 2137 596 2177 gegenseitige
611 2137 732 2169 Zunei-

63 2193 151 2223 gung
182 2182 248 2213 und
277 2181 378 2213 Liebe
412 2181 579 2212 bewirken
610 2182 730 2214 iniisse.

64 2228 138 2268 vgl.
154 2226 303 2259 Gatakei·
317 2227 519 2258 zuAntonin.
537 2226 573 2265 ll,
592 2227 618 2258 1.
635 2238 663 2269 p.
675 2227 727 2259 43.

108 2283 191 2314 quae
208 2272 361 2304 (Νεεμίαν
377 2274 408 2303 ιἸι
432 2272 483 2303 1ιὼΙ
501 2272 604 2303 libr-is.
640 2273 672 2303 S.
692 2271 728 2314 ΙΙ,

63 2318 116 2357 62,
139 2318 200 2348 156
219 2317 249 2348 ff.
264 2336 307 2339 —
332 2317 382 2349 Ea
398 2320 490 2360 ipsa:
510 2317 606 2348 Diese
623 2317 727 2357 Dirige

62 2363 182 2403 gerade
201 2373 236 2393 so
257 2363 318 2393 wie
337 2363 385 2393 sie
403 2364 443 2394 da
461 2362 541 2393 sind.

95 2408 268 2449 ιχ”αὺνίοιιΙί
281 2418 389 2450 paene
407 2408 436 2439 d.
456 2407 474 2438 i.
490 2408 730 2450 paenesabre'li

62 2463 166 2495 opera
189 2455 360 2494 (flevisse.-
384 2453 441 2484 mit
465 2452 729 2484 kiinstlerischer

61 2497 335 2537 Ptanmtissigkeit
357 2498 419 2529 und
439 2497 595 2538 Sorgsalt.

108 2542 296 2575 Carneades
320 2541 383 2574 'aus
414 2542 560 2586 Cyrene,
590 2552 642 2574 uin
675 2543 726 2574 die

62 2586 157 2620 Mitte
187 2589 245 2620 des
276 2589 418 2620 zweiten
447 2588 558 2619 Jahrh.
589 2597 619 2619 v.
651 2586 724 2620 Chr.

810 1463 917 1505 Haupt
931 1464 990 1495 der
1004 1463 1185 1495 Akademie
1204 1475 1245 1495 zu
1259 1464 1377 1496 Athen.
1408 1463 1480 1495 Sei-

810 1519 849 1539 ne
874 1509 1026 1549 negative
1045 1507 1167 1550 liritik,
1193 1509 1275 1540 iiber
1298 1509 1424 1540 welche
1443 1519 1478 1540 es

810 1553 881 1584 hier
898 1553 1048 1594 geniigen
1068 1554 1170 1593 kann,
1194 1554 1294 1586 ause.
1315 1554 1350 1593 5,
1378 1553 1415 1585 11
1437 1564 1478 1584 zu

807 1599 1006 1639 verweisen,
1021 1598 1207 1640 bekiiuipste
1222 1599 1415 1639 vorziiglich
1424 1598 1477 1629 die

809 1643 1016 1675 Stoikerund
1027 1644 1126 1675 dei-en
1139 1643 1478 1687 Haupt‚Chrysippus„

808 1688 884 1728 Vgl.
902 1689 983 1719 auch
1002 1687 1044 1727 ΙΙ,
1064 1688 1122 1729 65,
1145 1688 1206 1720 162
1226 1700 1256 1720 u.
1278 1688 1326 1729 ΙΙΙ,
1349 1689 1406 1730 17,
1425 1688 1477 1719 44.

810 1732 975 1765 Schriften
994 1744 1057 1765 von
1073 1734 1135 1764 ihin
1154 1734 1215 1774 gab
1235 1744 1270 1765 es
1288 1734 1385 1775 nicht,
1401 1743 1477 1765 aus-

809 1788 865 1809 ser
890 1779 1018 1819 einigen
1043 1778 1173 1810 Briefen
1196 1789 1236 1810 an
1262 1780 1323 1810 den
1348 1777 1478 1821 Kappa-

808 1823 987 1854 dokisehen
1015 1822 1124 1864 h'o'nig
1154 1824 1366 1863 Ariarathes3
1396 1824 1476 1855 aber

808 1868 902 1899 seine
930 1868 1096 1909 Vortriige
1127 1879 1239 1900 waren
1268 1880 1332 1901 von
1362 1869 1475 1900 Zuho‘-

808 1922 884 1943 rern
918 1912 1168 1953 ausgozeichnet
1201 1915 1264 1945 und
1295 1915 1475 1954 herausge-

807 1957 923 1997 geben.

851 2004 908 2042 ι’ἰα,
926 2002 985 2033 mit
1002 2002 1172 2044 disseruit,
1191 2003 1277 2034 nieht
1296 2003 1354 2034 mit
1370 2002 1476 2034 multa

807 2057 847 2077 zu
878 2047 1074 2085 vei-hindei),
1104 2048 1219 2079 deutet
1247 2048 1306 2079 aus
1331 2048 1382 2079 die
1414 2047 1474 2079 Be-

805 2091 1019 2123 sehaffenheit
1051 2093 1111 2123 der
1144 2092 1308 2124 Einreden
1343 2093 1400 2124 des
1429 2092 1473 2135 C.²

803 2137 930 2168 welche
945 2138 1005 2168 den
1021 2138 1079 2168 mit
1099 2140 1134 2169 ul
1155 2138 1389 2179 angegebenen
1411 2137 1473 2169 Er-

804 2181 872 2221 solg
887 2182 1124 2222 beabsiehtigte
1139 2183 1219 2214 oder
1234 2183 1470 2215 herheifiihrte.

804 2226 934 2267 &Vi-gen
950 2228 1009 2258 der
1024 2227 1272 2268 W⁷0rtstellung
1289 2229 1355 2268 vgl.
1375 2227 1471 2259 Verr.

803 2270 845 2312 ΙΙ,
870 2272 906 2309 3,
931 2272 966 2303 S:
990 2275 1256 2314 nzagislratuune
1273 2276 1470 2305 nostrorum

801 2318 946 2348 inim-ias
969 2320 1017 2349 ila
1041 2318 1223 2350 multorum
1251 2318 1414 2359 tulerunt,
1434 2320 1471 2348 uc

800 2373 972 2404 nimquam
991 2366 1070 2394 aule
1090 2364 1151 2394 lmc
1169 2367 1300 2407 tempus
1318 2362 1363 2394 ad
1373 2372 1470 2394 aram.

800 2407 913 2448 legwn.
931 2426 973 2429 —
987 2409 1073 2449 00¹1s
1070 2410 1188 2449 ugerl‘n
1195 2411 1216 2439 t.

848 2445 886 2484 3.
930 2454 959 2483 5.
1004 2452 1074 2492 (hm
1106 2453 1235 2495 quidem
1269 2454 1303 2483 ιἰι
1337 2463 1468 2484 caussa.

802 2497 878 2528 Man
903 2498 985 2528 kann
1012 2498 1080 2528 sich
1106 2499 1206 2528 dnreh
1233 2498 1283 2529 ein
1311 2497 1468 2538 hinzuge-

800 2543 936 2574 dachtes
967 2542 1146 2574 tractanda
1169 2543 1228 2573 deu
1260 2543 1343 2573 kurz
1367 2552 1467 2583 ange-

801 2587 957 2619 deuteten
992 2587 1172 2620 Gedanken
1206 2587 1466 2620 verdeutliehen.
