1684 2819
578 166 656 198 LIB.
671 165 695 198 1.
733 165 824 198 CAP.
844 165 897 197 20.
917 166 970 198 21.
1425 167 1468 206 61

70 271 226 322 losophi
240 270 429 321 longeque
437 268 635 319 principes
653 273 688 307 et
704 268 859 319 quidam
876 268 1056 307 homines
1073 268 1196 307 severi
1210 275 1247 307 et
1255 279 1390 318 graves
1406 279 1478 307 nec.
1529 300 1536 301 ff

71 327 205 378 populi
221 338 292 365 nec
306 324 527 376 principum
542 337 674 363 mores
690 326 788 363 ferre
802 329 1013 375 potuerunt
1026 324 1278 375 vixeruntque
1291 335 1372 362 non
1386 324 1479 363 nulli

70 383 110 421 in
127 382 227 433 agris
246 381 419 420 delectati
440 393 481 419 re
502 394 571 420 sua
590 381 774 420 familiari.
816 381 884 419 His
899 381 999 419 idem
1021 381 1271 432 propositum
1286 380 1357 419 fuit
1371 380 1476 431 quod

69 438 237 489 regibus,
259 443 301 477 ut
316 450 365 476 ne
382 450 454 489 qua
472 450 513 476 re
529 443 696 488 egerent,
718 449 765 476 ne
783 437 842 476 cui
859 442 1050 488 parerent,
1073 437 1245 476 libertate
1261 442 1478 476 uterentur:

1508 384 1548 416 70
1600 411 1612 417 κ

74 495 183 534 cuius
204 494 410 545 proprium
433 499 491 532 est
512 494 567 532 sic
588 494 727 541 vivere,
755 498 798 532 ut
824 493 932 531 velis.
975 494 1059 539 Qua
1085 506 1126 532 re
1155 506 1243 532 cum
1270 494 1346 532 hoc
1368 505 1477 532 com-
1502 491 1555 529 21

71 563 188 590 mune
211 551 260 589 sit
280 550 474 601 potentiae
496 550 725 600 cupidorum
750 562 837 588 cum
860 549 924 596 iis,
946 561 1045 600 quos
1068 549 1162 595 dixi,
1193 550 1346 596 otiosis,
1373 549 1482 588 alteri

72 620 113 646 se
135 607 294 658 adipisci
322 607 359 645 id
382 619 499 657 posse
521 606 772 652 arbitrantur,
802 605 832 644 si
857 618 950 656 opes
973 617 1134 654 magnas
1155 605 1336 651 habeant,
1365 605 1481 651 alteri,

72 662 105 702 si
128 663 299 702 contenti
321 663 398 701 sint
419 669 455 701 et
476 675 546 701 suo
569 668 605 700 et
625 675 756 713 parvo.
792 662 836 700 In
858 674 934 712 quo
955 667 1184 700 neutrorum
1202 661 1362 699 omnino
1385 673 1482 700 con-

72 719 276 758 temnenda
304 719 492 758 sententia
520 724 597 764 est,
633 719 700 756 sed
730 724 766 756 et
792 717 941 756 facilior
968 722 1004 755 et
1030 717 1150 756 tutior
1178 722 1214 756 et
1241 717 1371 756 minus
1399 717 1481 756 aliis

72 776 196 826 gravis
219 780 284 814 aut
303 775 467 813 molesta
489 774 563 812 vita
592 779 651 812 est
673 774 912 820 otiosorum,
943 773 1180 812 fructuosior
1200 779 1327 812 autem
1349 773 1480 812 homi·-

71 844 165 870 num
183 830 314 881 generi
335 836 371 868 et
386 831 432 869 ad
448 830 653 869 claritatem
670 829 1039 880 amplitudinemque
1053 829 1179 879 aptior
1192 841 1339 875 eorum,
1361 829 1426 879 qui
1442 842 1482 867 se

71 887 116 926 ad
139 899 221 925 rem
244 886 434 938 publicam
457 892 493 925 et
521 887 569 924 ad
591 898 750 937 magnas
772 898 834 924 res
863 885 1052 935 gerendas
1080 886 1481 924 accommodaverunt.

71 944 319 994 Quapropter
347 948 382 981 et
409 942 455 980 iis
484 943 645 981 forsitan
675 942 966 981 concedendum
996 941 1045 979 sit
1072 953 1153 979 rem
1181 941 1374 992 publicam
1402 953 1482 979 non

73 999 384 1050 capessentibus,
417 998 480 1049 qui
502 998 697 1037 excellenti
725 998 879 1047 ingenio
908 997 1104 1036 doctrinae
1133 1010 1217 1035 sese
1239 997 1481 1041 dediderunt,

72 1060 108 1093 et
129 1055 195 1101 iis,
226 1055 290 1106 qui
312 1060 376 1093 aut
396 1055 626 1094 valetudinis
655 1054 910 1093 imbecillitate
938 1059 1003 1092 aut
1025 1053 1147 1104 aliqua
1171 1053 1345 1104 graviore
1366 1066 1482 1092 causa

74 1111 247 1162 impediti
268 1124 288 1150 a
310 1124 351 1149 re
372 1111 524 1162 publica
545 1116 808 1157 recesserunt,
839 1123 926 1149 cum
950 1110 1032 1148 eius
1056 1109 1383 1148 administrandae
1405 1122 1480 1159 po-

71 1173 246 1206 testatem
274 1167 354 1206 aliis
383 1168 609 1218 laudemque
631 1167 900 1205 concederent.
945 1166 1093 1212 Quibus
1122 1171 1247 1204 autem
1275 1165 1359 1203 talis
1380 1166 1483 1204 nulla

73 1224 122 1262 sit
145 1236 276 1269 causa,
298 1223 330 1261 si
353 1223 552 1274 despicere
574 1235 614 1261 se
637 1223 764 1261 dicant
785 1235 845 1269 ea,
867 1234 962 1273 quae
984 1222 1156 1273 plerique
1177 1221 1385 1268 mirentur,
1408 1221 1483 1259 im-

71 1279 177 1331 peria
197 1285 234 1317 et
253 1279 519 1329 magistratus.
548 1279 593 1317 iis
616 1291 696 1317 non
718 1279 837 1317 modo
860 1290 940 1316 non
961 1278 1081 1324 laudi,
1104 1290 1236 1316 verum
1258 1277 1370 1316 etiam
1393 1277 1483 1315 vitio

71 1336 240 1375 dandum
258 1341 365 1386 puto.
395 1336 572 1382 Quorum
595 1335 779 1373 iudicium
796 1335 836 1373 in
853 1348 911 1380 eo,
931 1335 1036 1385 quod
1053 1333 1214 1385 gloriam
1233 1338 1485 1372 contemnant

72 1397 108 1430 et
129 1405 200 1442 pro
224 1391 344 1430 nihilo
368 1396 514 1442 putent,
540 1391 692 1429 difficile
714 1392 812 1430 factu
836 1396 895 1429 est
910 1403 991 1429 non
1012 1390 1190 1441 probare,
1215 1391 1282 1428 sed
1304 1390 1482 1428 videntur

72 1448 224 1486 labores
241 1453 277 1486 et
294 1448 505 1493 molestias,
528 1453 611 1485 tum
630 1447 890 1486 offensionum
908 1453 941 1485 et
959 1447 1201 1497 repulsarum
1220 1446 1330 1497 quasi
1347 1458 1484 1497 quam-

73 1547 122 1585 ΙΙΙ,
145 1547 194 1587 15,
212 1546 253 1578 56
267 1547 382 1579 eadem
396 1550 509 1579 autem
524 1547 723 1590 alz'ipraden
733 1565 744 1569 -

75 1594 121 1624 Ha
144 1592 205 1624 sed
225 1593 360 1624 consilio
384 1593 429 1624 ad
443 1595 528 1624 ritae
545 1592 659 1624 stadia
675 1592 744 1623 dis-

72 1639 151 1681 pari
171 1638 314 1679 quietem
337 1640 436 1680 alque
450 1639 555 1669 olium
573 1638 690 1678 secati,
707 1639 747 1668 ut

74 1683 301 1725 Pythagoras,
314 1682 540 1722 Democritus,
554 1684 744 1723 Anam-ago-

74 1738 134 1760 ras
158 1738 179 1759 a
203 1728 360 1769 regendis
383 1729 574 1759 civitatibus
599 1730 686 1759 totos
708 1738 745 1758 se

74 1773 120 1805 acl
126 1773 349 1814 cognitionem
358 1783 474 1805 rerum
483 1772 744 1804 transtulerunt.

119 1818 271 1849 homines
299 1819 410 1850 severi
439 1821 471 1849 et
490 1828 631 1858 graves,
662 1827 691 1847 z.
707 1817 741 1847 B.

74 1863 217 1894 Atticus.
241 1861 325 1904 Nep.
349 1863 450 1894 Attio.
475 1873 501 1893 c.
522 1861 551 1893 6.
592 1862 635 1893 Μ.
655 1861 743 1892 Piso.

75 1907 141 1939 Cic.
165 1907 256 1938 Brut.
281 1907 333 1946 67,
358 1907 422 1938 236
451 1907 598 1939 laborem
616 1907 746 1948 soren-

74 1963 146 1984 sem
158 1962 224 1983 71071
239 1952 367 1984 (Ιίιιῗίης
378 1953 463 1993 tulit,
479 1952 743 1993 qztodlzovn'nnm

73 1999 217 2041 ineptias
234 2007 273 2028 ae
290 1997 466 2033 stultitias,
485 2008 568 2039 qaae
581 1997 745 2029 dez-oran-

74 2043 137 2075 dae
153 2043 245 2074 vobis
261 2045 356 2083 sunt,
380 2054 445 2075 non
454 2043 598 2084 ferebat
612 2044 746 2073 iracun-

75 2088 214 2129 diasque
231 2089 420 2131 respuebat.

121 2132 300 2173 nonnulli,
326 2143 398 2164 zum
423 2131 534 2163 Theil:
560 2142 594 2163 es
613 2132 745 2163 bezieht

76 2178 144 2208 sich
173 2176 233 2207 auf
258 2177 309 2208 die
337 2177 629 2216 vorhergehenden
661 2176 745 2207 Sub-

72 2223 163 2263 jecte
176 2221 367 2265 philosophi
377 2222 441 2252 und
449 2222 601 2252 homines
610 2220 745 2252 zuriick.

123 2267 177 2298 ΤΟ.
204 2267 293 2307 quod
310 2267 459 2308 regv'bzls.
494 2266 544 2297 Zu
563 2266 673 2297 dieser
691 2265 748 2296 be-

78 2312 288 2344 sremdenden
303 2311 517 2351 Erwiihnung
533 2312 592 2342 der
605 2309 745 2350 Ho'nige,

77 2356 192 2388 aufdie
207 2367 244 2387 er
257 2357 338 2387 doch
352 2361 447 2387 sonst
459 2356 554 2387 keine
569 2355 749 2387 Rijcksicht

80 2401 207 2442 nimmt,
241 2401 285 2432 ist
307 2401 422 2433 Cicero
446 2402 511 2432 wol
543 2401 642 2432 durch
676 2400 744 2431 sein

81 2446 301 2485 griechisches
311 2445 667 2486 Originalveranlasst.
687 2445 746 2476 Die

82 2490 215 2522 Stoiker
237 2492 488 2522 untersclieiden
514 2491 652 2522 n'zimlich
677 2490 747 2521 drei

81 2535 354 2575 Lebensweisen3
388 2536 480 2567 Stob.
507 2547 537 2578 p.
562 2536 626 2566 224
653 2537 747 2579 τρεῖς

84 2578 172 2612 εἶναι
194 2583 296 2621 βίους
309 2577 372 2614 τὸν
383 2577 585 2623 βασιλικόν,
600 2576 664 2612 τὸν
678 2591 746 2612 πο-

818 1544 966 1585 λιτικόν,
985 1544 1048 1580 τὸν
1066 1543 1369 1589 ἐπιστημονικόν.

861 1593 1015 1624 libertate
1036 1594 1224 1631 uterentur,
1245 1602 1304 1623 aus
1322 1592 1395 1623 dem
1412 1601 1489 1622 vor-

817 1638 1045 1677 hergehenden
1063 1648 1105 1668 7ze
1121 1637 1165 1668 ist
1182 1639 1222 1668 at
1237 1647 1278 1668 zu
1296 1637 1473 1677 erganzen.

863 1677 929 1714 21.
957 1682 1009 1713 71.
1035 1682 1275 1724 rempublicam
1291 1692 1356 1713 non
1371 1692 1487 1725 capes-

817 1729 980 1760 sentibus.
1013 1727 1192 1759 concedere
1225 1728 1269 1759 ist
1296 1727 1487 1767 verzeiben,

817 1772 972 1816 pr.R0sc.
982 1772 1053 1803 Am.
1077 1772 1104 1813 1,
1123 1771 1141 1802 3
1161 1776 1349 1804 ceterorum
1365 1775 1489 1803 temere

817 1818 904 1851 dicto
933 1817 1068 1849 concedi
1090 1819 1212 1859 potest.
1263 1817 1328 1848 Das
1359 1816 1488 1858 Object,

816 1873 886 1894 was
916 1862 1093 1893 verziehen
1124 1862 1224 1901 wird‚
1256 1862 1338 1902 liegt
1360 1862 1391 1893 in
1417 1862 1489 1893 dem

816 1907 978 1949 Particip3
999 1906 1145 1947 Tusc.ll,
1162 1907 1191 1947 7,
1210 1906 1249 1938 19
1262 1907 1398 1950 adspice
1411 1907 1491 1938 Pla·-

817 1953 971 1985 loclet‘am
1001 1954 1056 1984 συί
1081 1952 1325 1984 concedendam
1356 1955 1409 1984 est
1426 1963 1490 1994 ge-

817 2000 930 2030 menti.

864 2044 1086 2075 verumetiam
1096 2044 1177 2074 vitio
1185 2042 1331 2074 dandam
1341 2055 1351 2073 .·
1366 2052 1391 2073 5.
1404 2041 1489 2072 Einl.

866 2091 935 2120 tam
955 2087 1082 2119 enthfflt
1099 2088 1172 2119 eine
1191 2087 1400 2128 Steigerung,
1418 2096 1491 2126 mag

819 2143 894 2165 cum
911 2133 1139 2172 vorausgehen
1167 2132 1248 2163 oder
1262 2132 1367 2170 nicht,
1400 2130 1432 2172 ξ.
1450 2130 1490 2162 19

821 2181 890 2209 tam
905 2179 1047 2219 agitalio
1061 2179 1193 2208 meniis.
1226 2175 1256 2217 ξ
1280 2176 1353 2207 111.
1368 2186 1491 2218 aequa-

821 2223 930 2254 bilitas
948 2223 1127 2254 universae
1154 2223 1240 2253 m'tae
1269 2223 1341 2253 tam
1369 2223 1489 2263 siugu-

819 2268 930 2299 laram
946 2269 1126 2299 actionum.

866 2314 1091 2353 offensionum
1107 2311 1372 2355 etrepzdsarmn.
1391 2311 1488 2342 Beide

820 2356 1011 2399 Metaphern
1035 2357 1105 2388 sind
1131 2368 1193 2388 von
1218 2357 1277 2388 der
1300 2355 1491 2387 Schiffl'ahrt

819 2412 1022 2442 genommen.
1053 2403 1198 2443 offensio
1216 2402 1372 2433 bcdeutet
1390 2400 1489 2432 theils

820 2448 973 2486 Anstoss,
1003 2446 1249 2479 Unbeliebtheit
1277 2447 1359 2478 heim
1389 2445 1489 2485 Volk‚

820 2491 919 2523 Tusc.
941 2492 977 2532 V,
997 2491 1049 2531 36,
1069 2491 1129 2522 103
1149 2492 1291 2533 offensio
1303 2491 1490 2534 popularis.

820 2548 878 2578 pro
898 2538 919 2568 l.
938 2536 1025 2568 Man.
1045 2537 1075 2577 9,
1092 2536 1133 2567 26
1152 2538 1203 2568 hie
1215 2538 1247 2567 in
1261 2539 1333 2579 ipso
1348 2536 1403 2568 illo
1416 2546 1489 2567 ma-

820 2583 850 2613 lo
881 2584 1151 2625 gravissimaque
1184 2581 1259 2613 belle*
1289 2582 1488 2622 offensione,
