1684 2819
649 186 726 218 LlB.
745 186 768 219 l.
806 187 899 219 CAP.
918 187 949 218 4.
968 186 998 218 5.
1475 183 1526 223 35

120 290 351 329 informatus
373 300 392 327 a
414 295 550 328 natura
570 289 657 328 velit
677 290 751 328 nisi
777 288 1062 341 [praecipienti]
1088 294 1151 327 aut
1171 286 1325 326 docenti
1342 292 1407 326 aut
1422 286 1525 325 utili-

121 346 207 386 tatis
237 346 349 385 causa
376 345 476 384 iuste
501 351 537 384 et
556 345 722 397 legitime
743 345 966 397 imperanti:
995 358 1040 384 ex
1063 357 1138 396 quo
1162 343 1385 395 magnitudo
1407 342 1525 381 animi

119 402 245 441 existit
278 402 611 454 humanarumque
637 414 767 441 rerum
795 402 1045 453 contemptio.

118 459 174 498 vis
200 463 359 497 naturae
387 464 446 497 est
472 458 729 511 rationisque,
758 459 862 511 quod
891 470 1013 497 unum
1041 458 1116 496 hoc
1136 457 1276 496 animal
1297 455 1413 496 sentit
1434 455 1525 507 quid

119 515 168 553 sit
189 515 297 562 ordo,
319 515 409 565 quid
433 515 480 553 sit
502 515 605 567 quod
629 515 770 563 deceat,
793 515 832 554 in
849 515 955 554 factis
974 514 1160 565 dictisque
1177 513 1241 565 qui
1258 514 1412 552 modus.
1450 512 1525 550 Ita—

119 583 192 622 que
212 583 348 610 eorum
369 571 563 622 ipsorum,
591 585 685 623 quae
706 577 864 623 aspectu
886 570 1122 617 sentiuntur,
1151 570 1299 608 nullum
1321 568 1420 608 aliud
1442 567 1525 606 ani-

119 628 194 666 mal
221 627 538 678 pulcritudinem,
570 634 828 675 venustatem,
863 626 1167 666 convenientiam
1196 626 1364 677 partium
1395 624 1523 663 sentit.

118 684 244 731 Quam
266 683 553 723 similitudinem
575 690 709 724 natura
730 684 905 735 ratioque
926 684 972 722 ab
995 683 1117 722 oculis
1139 683 1185 721 ad
1207 682 1378 721 animum
1395 687 1524 720 trans-

119 741 245 779 ferens
268 740 388 778 multo
411 740 524 778 etiam
546 741 670 791 magis
692 740 1011 791 pulcritudinem,
1042 738 1317 785 constantiam,
1349 738 1524 777 ordinem

120 797 158 835 in
180 796 350 835 consiliis
374 796 558 846 factisque
578 797 881 835 conservandam
903 801 1011 847 putat
1032 801 1214 846 cavetque
1235 806 1283 833 ne
1305 794 1397 845 quid
1413 793 1524 832 inde—

119 865 209 891 core
229 852 487 890 ess‘eminateve
508 852 633 899 faciat,
656 858 739 891 tum
761 853 800 891 in
823 852 1004 891 omnibus
1027 857 1063 890 et
1080 851 1332 901 opinionibus
1351 856 1388 888 et
1404 849 1524 895 factis,

117 920 166 946 ne
194 907 283 959 quid
312 908 517 947 libidinose
544 914 606 947 aut
636 908 747 947 faciat
774 914 839 947 aut
861 908 1012 959 cogitet.
1055 907 1204 954 Quibus
1226 920 1270 945 ex
1291 905 1408 944 rebus
1430 917 1526 944 con-

118 964 230 1003 flatur
251 969 287 1002 et
306 964 470 1003 efficitur
490 965 545 1012 id,
575 965 677 1017 quod
701 965 940 1016 quaerimus,
968 964 1198 1003 honestum:
1230 963 1332 1014 quod
1356 962 1470 1000 etiam
1495 961 1525 999 si

116 1020 359 1059 nobilitatum
380 1032 461 1065 non
483 1021 550 1067 sit,
573 1027 702 1060 tamen
723 1023 932 1061 honestum
955 1020 1015 1067 sit,
1039 1020 1218 1072 quodque
1239 1031 1326 1058 vere
1348 1018 1526 1065 dicimus,

118 1077 234 1115 ctiam
257 1076 288 1116 si
310 1090 328 1115 a
350 1077 454 1115 nullo
476 1077 664 1125 laudetur,
686 1084 820 1117 natura
841 1090 927 1116 esse
948 1077 1144 1116 laudabile.

232 1133 415 1172 Formam
439 1134 594 1185 quidem
616 1134 760 1186 ipsam,
783 1135 906 1173 Marce
929 1133 996 1180 fili,
1020 1139 1055 1172 et
1076 1139 1273 1183 tamquam
1297 1131 1430 1170 faciem
1452 1130 1526 1169 ho-

119 1256 199 1286 Hor.
218 1266 315 1287 carm.
335 1254 374 1296 II,
402 1255 450 1298 10,
479 1256 519 1287 14
544 1258 623 1288 benc
641 1267 790 1302 praepa-

119 1303 232 1332 ratum
247 1303 377 1344 pectus.

898 1257 1022 1299 sac1‘7at
1042 1259 1112 1288 tum
1126 1267 1159 1286 ιιι
1179 1256 1334 1286 omnebus
1349 1256 1381 1285 et
1395 1264 1481 1297 opzn
1498 1255 1530 1284 et

850 1302 967 1343 sactis
993 1320 1032 1323 —
1064 1302 1184 1342 saciat
1210 1303 1271 1332 aut
1299 1301 1442 1341 cogztet:
1476 1298 1527 1329 die

862 1347 968 1378 Stelle
992 1346 1110 1388 leidet,
1140 1346 1203 1376 wic
1229 1345 1386 1376 Manches
1410 1345 1441 1375 in
1466 1344 1525 1374 den

161 1363 385 1404 praecipienti
395 1361 450 1393 hat
460 1361 563 1393 ncben
579 1361 712 1393 docenti
725 1363 787 1394 und

117 1408 299 1449 imperanti
328 1406 448 1437 keinen
474 1406 566 1438 Sinn.
606 1407 788 1439 Ueberdies

118 1451 209 1482 hatte
217 1450 284 1482 Cic.
294 1451 464 1482 schreiben
473 1452 603 1483 iniisscn
613 1455 787 1495 autpraec.

119 1498 151 1527 et
167 1495 300 1527 docenti
314 1498 374 1528 aut
386 1515 425 1518 —
442 1497 632 1540 imperanti.
664 1497 709 1529 W
711 1498 787 1528 ahr-

120 1540 298 1572 scheinlich
321 1541 365 1572 ist
396 1551 430 1571 es
459 1541 508 1573 als
531 1541 722 1582 Erkliirung
746 1553 787 1573 zu

120 1585 267 1625 docenti,
291 1586 349 1616 das
367 1585 421 1616 ffir
439 1586 583 1617 sittliche
601 1587 788 1627 Belehrung

120 1631 271 1671 weniger
323 1631 466 1672 passend
515 1631 595 1662 oder
641 1632 785 1664 deutlich

121 1675 243 1716 schien,
262 1675 292 1706 in
311 1676 373 1706 den
392 1675 480 1707 Text
497 1676 701 1716 gekommen.

164 1746 281 1768 rerum
304 1736 530 1768 humanarum
553 1751 598 1763 =
621 1739 783 1769 externa-

120 1791 208 1812 rum.
229 1781 272 1811 So
288 1781 422 1812 werden
439 1781 505 1812 alle
523 1782 662 1813 {iussern
679 1781 786 1814 Giiter

120 1827 185 1857 und
208 1825 326 1866 Uebel,
352 1825 458 1857 Gliick
481 1827 545 1857 und
569 1826 719 1867 Ungliick
743 1827 785 1858 im

122 1870 310 1911 Gegensatz
328 1881 389 1901 zur
407 1870 543 1911 Tugend
568 1876 730 1912 genannt3
757 1882 785 1903 S.

119 1915 206 1947 Einl.

166 1976 218 2007 14.
266 1975 374 2015 Quam
397 1975 664 2018 similitudinem,
698 1977 727 2009 d.
764 1978 784 2009 i.

119 2022 216 2053 cuius
233 2023 285 2054 rez·
300 2021 562 2063 similitudinem,
581 2022 632 2053 die
652 2021 786 2053 ‘Analo-

119 2066 171 2106 gie
195 2065 331 2098 hierzu'.
356 2067 395 2098 de
413 2067 467 2098 fin.
486 2067 525 2105 V,
548 2067 598 2107 15,
624 2067 666 2098 42
685 2078 785 2109 quam

119 2111 372 2143 similitudinem
407 2112 560 2144 videmus
591 2113 627 2143 in
660 2114 785 2144 bestiis.

120 2156 160 2186 de
178 2161 244 2188 nat.
264 2157 355 2188 deor.
372 2155 408 2198 II,
432 2157 481 2197 10,
500 2157 541 2188 27
567 2168 668 2199 quam.
690 2159 787 2189 simi-

120 2200 295 2232 li'tudcncm
318 2211 455 2233 cernere
474 2213 660 2245 possumus
685 2213 717 2234 zn
745 2204 786 2234 iis

121 2247 227 2288 uquzsss
247 2265 287 2268 —
308 2246 439 2277 Ebenso
463 2246 550 2277 lehrt
567 2246 651 2278 Plat.
678 2257 782 2290 sy.mp

120 2302 148 2322 c.
180 2290 239 2330 28,
273 2291 349 2322 dass
382 2291 441 2322 dei
464 2290 599 2322 Mensch
631 2302 695 2322 von
728 2293 787 2323 der

120 2336 252 2368 Fieude
281 2346 322 2367 an
351 2336 411 2367 dei
440 2337 579 2368 'aussern
610 2336 787 2368 Schiinheit

123 2392 164 2412 zu
192 2381 264 2412 dem
289 2380 441 2413 Gefallen
470 2391 509 2412 an
540 2382 599 2413 der
622 2382 785 2422 geistigen

123 2426 297 2457 Harmonie
314 2425 538 2458 fortschreite.
558 2427 597 2458 de
612 2426 665 2458 fin.
681 2426 719 2467 Il,
737 2427 786 2468 14,

124 2470 164 2501 47
190 2472 285 2503 cuius
307 2471 528 2503 similitudine
547 2474 727 2515 perspecta
754 2474 787 2503 z'n

113 2516 317 2556 formarum
331 2519 439 2559 specie
451 2527 490 2548 ac
498 2516 663 2558 dignitate
676 2520 787 2549 trans-

121 2562 206 2592 itum
231 2564 284 2592 est
313 2562 358 2594 ad
379 2563 590 2594 honestatem
614 2561 784 2594 dictorum

126 2605 356 2647 etfactorum.

860 1392 1009 1423 Biichem
1039 1392 1078 1422 de
1102 1391 1168 1431 ofl.,
1194 1400 1233 1421 an
1264 1390 1356 1421 cinei
1384 1388 1527 1428 lastigen

861 1437 984 1468 Breite.

905 1481 1116 1513 nobilitatum
1129 1495 1174 1506 Ξ
1191 1491 1246 1511 mu
1251 1478 1399 1511 Ititudz’m'
1404 1479 1530 1523 proba-

862 1529 942 1568 tum,
960 1526 991 1557 in
1009 1527 1080 1559 dem
1097 1526 1197 1557 Sinne
1215 1536 1278 1556 von
1299 1525 1452 1557 omnibus
1469 1534 1529 1555 no-

863 1574 934 1603 tum
951 1572 1041 1602 steht
1057 1581 1092 1602 es
1111 1570 1147 1609 ΙΙ,
1168 1571 1200 1611 7,
1219 1569 1272 1600 26.
1306 1569 1367 1601 Die
1394 1569 1528 1601 Stoiker

860 1616 989 1647 lehi-ten
1027 1616 1068 1647 im
1099 1615 1288 1656 Gegensatz
1322 1625 1362 1645 zu
1391 1613 1527 1655 Epikur,

861 1662 937 1693 dass
979 1662 1036 1692 das
1076 1661 1254 1692 honestum
1294 1656 1405 1703 φύσει
1437 1658 1526 1689 nicht

861 1707 962 1739 θέσει
984 1706 1042 1748 sei,
1061 1706 1091 1736 d.
1110 1706 1138 1736 h.
1159 1706 1234 1737 dass
1253 1705 1304 1735 die
1321 1703 1459 1744 Tugend
1477 1703 1526 1734 ih-

861 1762 931 1783 rem
954 1750 1082 1782 VVesen
1108 1751 1205 1788 nach,
1231 1749 1441 1789 unabhiingig
1462 1759 1525 1779 von

860 1797 933 1827 dem
965 1796 1115 1828 Urtheile
1148 1796 1207 1826 der
1239 1794 1434 1831 Menschen‚
1470 1794 1527 1824 das

861 1841 947 1873 Gute
964 1842 1028 1872 und
1047 1840 1310 1872 Lobensxverthe
1329 1839 1395 1877 sei3
1414 1839 1453 1869 de
1472 1838 1526 1869 fin.

859 1885 896 1925 Il,
919 1887 968 1923 15,
989 1886 1030 1916 49
1057 1885 1146 1928 quod
1166 1887 1197 1916 εἰ
1217 1887 1263 1916 sit
1285 1886 1398 1928 ipsum
1413 1893 1475 1927 per
1491 1894 1528 1914 se

859 1934 989 1963 rectum
1019 1934 1052 1962 et
1079 1930 1259 1970 laudabile,
1289 1941 1354 1961 non
1385 1931 1423 1961 ob
1454 1938 1527 1959 eam,

859 1986 998 2008 causam
1022 1979 1133 2007 tamen
1157 1975 1242 2007 illud
1264 1975 1330 2007 dici
1350 1975 1527 2006 honestum

860 2032 947 2062 esse,
978 2023 1054 2064 qula
1083 2020 1240 2052 laudetur
1263 2032 1283 2051 a
1306 2019 1439 2059 multis,
1469 2018 1529 2050 sed

859 2068 938 2109 quia
955 2067 1020 2098 tale
1042 2068 1104 2106 sit,
1129 2069 1182 2107 ut,
1205 2065 1257 2097 rel
1277 2066 1310 2096 si
1323 2066 1529 2106 ignorarent

858 2112 894 2143 z'd
905 2112 1066 2151 homines,
1085 2110 1137 2142 vel
1148 2112 1179 2141 se?
1190 2111 1418 2141 obmutut'ssen
1425 2111 1447 2149 t,
1465 2118 1528 2139 sua

860 2159 969 2188 tamen
993 2155 1218 2200 pulcritudine
1247 2157 1337 2186 esset
1358 2155 1529 2198 specieque

859 2201 1036 2233 laudabile.

905 2241 945 2277 5.
971 2245 1131 2277 Formam
1151 2247 1183 2276 et
1200 2247 1369 2287 tamquam
1375 2245 1525 2285 faciem
1523 2255 1529 2261 ·

848 2292 918 2333 foy
920 2301 991 2331 ma
1022 2291 1074 2322 die
1109 2289 1358 2328 Gestalt,de1=
1391 2290 1528 2320 &iussere

861 2336 1004 2374 Umfiss,
1031 2336 1119 2367 steht
1144 2334 1255 2374 Ιιὲἱιιίίς
1277 2334 1358 2365 auch
1384 2345 1447 2365 von
1473 2333 1529 2363 ab-

861 2385 1007 2413 stracten
1022 2380 1203 2421 Begriffen3
1220 2379 1249 2420 ξ.
1262 2379 1335 2410 103.
1349 2379 1467 2420 saczes
1485 2378 1528 2409 ist

861 2426 1038 2467 eigentlich
1065 2426 1116 2457 die
1141 2425 1282 2463 Fliiche,
1309 2424 1435 2455 xxelche
1460 2423 1527 2454 sich

862 2472 933 2502 dem
958 2471 1069 2502 Blicke
1094 2475 1209 2502 zuerst
1232 2470 1412 2507 darbietet‚
1443 2468 1526 2499 dann

861 2516 919 2547 das
949 2515 1093 2555 Antlitz3
1129 2526 1163 2547 es
1200 2515 1322 2546 kb'nnte
1351 2514 1422 2545 also
1457 2512 1528 2543 hier

861 2561 951 2592 nicht
977 2562 1059 2592 ohne
1086 2564 1255 2602 tamquam
1290 2559 1413 2590 stehen.
1450 2557 1526 2596 Vgl.

864 2604 1034 2648 z.§.120.

1219 2660 1262 2690 3*

1096 401 1175 440 Nec
1200 413 1290 439 vero
1321 400 1381 438 illa
1411 411 1527 450 parva
1554 403 1593 435 14

1572 1133 1596 1168 Ul
