1684 2819
120 130 175 169 92
562 130 1003 174 LIBER11.13‚31.32.
1040 134 1093 165 14.

119 252 338 299 praeterea,
365 257 464 298 quae
486 244 588 283 bona
611 245 788 299 corporis
810 253 849 286 et
870 247 1053 288 fortunae
1076 254 1278 301 putantur,
1312 247 1529 310 perexigua

120 308 159 342 et
175 302 324 342 minuta
340 301 573 350 videantur3
601 314 649 341 ne
672 301 815 341 malum
837 303 990 355 quidem
1014 304 1152 353 ullum,
1179 317 1267 351 nec,
1292 303 1324 343 si
1347 303 1387 343 in
1412 317 1530 344 unum

121 358 247 399 locum
271 357 411 397 collata
434 357 564 397 omnia
596 357 698 406 sint,
734 372 820 398 cum
852 359 1103 412 turpitudinis
1126 360 1228 400 malo
1251 360 1527 414 comparanda,

52 423 89 455 31
121 414 254 466 Quare
277 414 326 463 si,
352 420 394 453 ut
416 413 526 453 initio
550 413 798 462 concessisti,
825 416 1025 469 turpitudo
1048 418 1157 470 peius
1180 424 1240 456 est
1263 431 1377 470 quam
1400 417 1527 467 dolor,

121 471 219 511 nihil
250 477 310 510 est
339 470 454 524 plane
484 470 611 510 dolor.
654 469 752 511 Nam
786 471 876 511 dum
909 471 977 511 tibi
1010 479 1121 526 turpe
1153 487 1224 513 nec
1254 474 1412 527 dignum
1441 474 1531 513 viro

121 526 320 567 videbitur
341 539 515 580 gemere,
541 527 704 576 eiulare,
731 527 953 578 lamentari,
987 529 1020 568 li
1023 529 1130 583 angi,
1156 529 1352 570 debilitari
1374 530 1527 578 dolore,

124 584 213 623 dum
237 582 446 632 honestas,
481 583 569 623 dum
593 583 787 638 dignitas,
820 584 910 625 dum
940 585 1059 625 decus
1085 585 1235 634 aderit,
1270 593 1390 639 tuque
1422 587 1461 626 in
1485 600 1531 626 ea

122 640 282 680 intuens
309 646 345 679 te
366 640 610 681 continebis:
647 641 760 681 cedet
781 642 957 695 profecto
980 642 1116 682 virtuti
1139 642 1252 682 dolor
1273 650 1311 683 et
1332 642 1453 695 animi
1464 643 1533 684 jn—

125 696 309 737 ductione
340 696 585 750 languescet.
637 697 714 737 Aut
745 699 846 738 enim
880 699 987 739 nulla
1017 699 1142 739 virtus
1176 706 1256 748 est,
1299 706 1366 740 aut
1398 705 1534 738 conte-

123 753 314 793 mnendus
337 754 465 793 omnis
489 754 615 794 dolor.
650 754 955 795 Prudentiamue
977 756 1034 795 vis
1057 770 1168 806 esse,
1194 756 1279 796 sine
1303 769 1379 820 qua
1402 769 1450 796 ne
1471 755 1530 795 in-

106 809 247 863 *telligi
279 810 433 863 quidem
457 811 535 851 ulla
558 811 684 851 virtus
707 812 866 865 potest?
907 811 1004 863 Quid
1027 814 1149 867 ergo?
1183 826 1227 852 ea
1251 813 1472 865 patieturne
1496 819 1535 851 te

104 866 327 931 {quicquam
362 868 494 907 facere
515 868 613 908 nihil
643 868 913 922 proficientem
936 876 973 909 et
997 869 1272 910 laborantem?
1301 869 1363 909 An
1386 877 1535 932 tempe-

122 924 250 963 rantia
273 924 377 963 sinet
407 930 444 964 te
474 925 733 965 immoderate
766 925 898 965 facere
921 927 1155 979 quicquam?
1187 926 1248 965 An
1279 927 1352 965 coli
1384 924 1538 965 iustitia

123 980 265 1033 poterit
295 979 342 1019 ab
376 980 531 1021 homine
564 988 725 1034 propter
754 982 831 1021 vin]
865 982 1013 1022 doloris
1047 983 1277 1022 enuntiante
1309 981 1533 1028 commissa,

58 1043 99 1075 32
122 1036 311 1090 prodente
335 1037 531 1087 conscios,
557 1037 679 1077 multa
701 1038 824 1078 officia
847 1039 1126 1103 relinquente?
1161 1038 1286 1090 Quid?
1316 1036 1534 1078 fortitudini

123 1092 410 1146 comitibusque
427 1093 528 1143 eius,
555 1109 589 1133 m
595 1094 815 1147 muitudnu
831 1095 1196 1150 an1n11,‹rravitati,
1221 1095 1447 1148 patientiae,
1473 1107 1536 1134 re-

122 1163 208 1189 rum
239 1149 497 1190 humanarum
531 1151 832 1204 despicientiam,
879 1166 955 1205 quo
987 1153 1103 1192 modo
1135 1152 1420 1206 respondebis?
1468 1149 1533 1190 Af-

124 1205 304 1246 ssictusne
316 1214 355 1246 et
372 1206 507 1247 iacens
521 1214 560 1247 et
574 1208 812 1248 lamentabili
827 1223 850 1247 v
855 1222 924 1249 oce
937 1208 1073 1263 deplo1
1076 1222 1146 1249 ans
1161 1209 1294 1249 audies
1316 1239 1345 1258 ‚,
1358 1208 1390 1249 0
1405 1209 1534 1248 virum

113 1262 198 1325 sor
202 1269 299 1303 tem.
297 1264 366 1302 W?
392 1263 448 1303 Te
461 1277 557 1303 vero
570 1264 623 1303 ita
637 1264 817 1304 affectum
832 1279 879 1305 ne
892 1280 916 1306 v
920 1265 1019 1304 irum
1036 1266 1189 1318 quidem
1204 1266 1407 1318 quisquam
1422 1264 1535 1304 dixe-

122 1318 190 1358 rit.
224 1318 450 1360 Amittenda
471 1321 596 1373 igitur
619 1320 805 1362 fortitudo
829 1329 889 1362 est
909 1329 977 1362 aut
999 1322 1246 1375 sepeliendus
1270 1322 1397 1361 dolor.

51 1397 107 1443 14

240 1398 388 1450 Ecquid
420 1399 498 1439 scis
528 1399 674 1451 igitur,
708 1400 740 1440 si
772 1402 861 1453 quid
894 1401 940 1440 de
975 1400 1191 1441 Corinthiis
1227 1400 1302 1441 tuis
1334 1399 1532 1448 amiseris,

126 1468 241 1519 posse
266 1455 298 1494 h
291 1455 408 1495 lbere
432 1463 469 1495 te
489 1456 625 1509 reliqu
618 1431 678 1496 ini
697 1457 974 1510 supellectilem
999 1458 1085 1497 salv
1088 1472 1173 1505 a3m
1200 1458 1386 1498 virtutem
1405 1464 1534 1497 autem

124 1511 157 1552 si
180 1525 295 1552 unam
319 1512 500 1552 amiseris
535 1513 626 1563 (etsi
649 1514 771 1553 amitti
795 1528 873 1553 non
907 1521 1035 1567 potest
1057 1514 1226 1565 virtus),
1262 1515 1329 1554 sed
1362 1514 1395 1554 si
1418 1527 1533 1553 unam

125 1569 329 1609 confessus
362 1568 483 1609 fueris
522 1575 560 1608 te
591 1583 668 1608 non
702 1569 869 1621 babere,
914 1571 1060 1611 nullam
1095 1583 1183 1610 esse
1214 1577 1251 1609 te
1286 1570 1536 1610 habiturum?

167 1709 223 1740 31.
258 1711 373 1740 animi
395 1709 599 1741 inductione
626 1720 696 1751 „an
723 1710 795 1742 dei-

121 1763 195 1785 nem
230 1753 366 1793 (seston)
401 1754 618 1796 Vorsatze“,
655 1756 718 1788 wie
753 1756 794 1787 ad

122 1798 201 1830 fam.
225 1798 248 1830 l.
269 1801 302 1840 δ’,
322 1800 363 1830 2:
396 1804 537 1832 tantum
567 1804 654 1832 enim
682 1803 797 1832 animi

119 1844 284 1876 inductio
313 1845 410 1886 apud
440 1856 494 1876 me
517 1847 632 1885 valet,
670 1850 712 1878 ut
737 1864 794 1878 -.

118 1889 197 1930 Vgl.
217 1889 257 1921 V.
283 1891 335 1928 10,
358 1892 419 1921 30:
449 1890 615 1922 induc-erc
633 1894 792 1924 animum

119 1936 182 1967 mit
201 1936 274 1967 dem
292 1935 388 1966 lnfln.
463 1932 467 1935 “

168 1980 450 2012 Prudentiumue
475 1985 540 2012 ete.
583 1982 792 2022 Prudentia,

125 2028 387 2066 temperantia,
417 2028 559 2057 iustitia
572 2051 579 2065 ,
603 2027 794 2069 fortitudo

123 2071 196 2103 sind
215 2071 268 2101 die
287 2071 361 2102 vier
379 2076 606 2112 sogenanntcn
619 2072 797 2104 Cardinal—

121 2117 305 2157 tugenden.
333 2116 409 2158 vgl.
431 2117 469 2148 de
488 2117 585 2149 01111.
608 2119 640 2149 5.

170 2162 262 2193 nihil
289 2164 537 2204 preste-iontem
571 2167 606 2194 et
630 2164 796 2195 laboran-

124 2210 193 2238 tem
223 2207 356 2245 „wobci
376 2208 418 2238 (lu
437 2208 557 2240 keinen
577 2208 698 2250 Erl'olg
723 2210 797 2241 bast

123 2252 189 2284 und
209 2252 283 2284 dicii
307 2253 388 2284 doch
409 2253 607 2295 abqu'alst“.

168 2297 225 2329 32.
251 2298 499 2340 respondebis.-
530 2299 652 2338 „ihren
673 2299 798 2332 Forde—

123 2353 250 2384 rungen
269 2344 534 2385 ontsprechen“.

170 2390 302 2427 iacens,
324 2390 386 2420 wie
408 2388 462 2420 lV.
482 2389 533 2429 16,
549 2391 589 2420 35
606 2402 612 2420 z
635 2393 796 2431 aegritu-

124 2433 206 2465 dine
238 2436 319 2477 quis
352 2433 526 2475 afflictus,
569 2436 794 2477 debilitatus,

124 2490 256 2511 iacens.

170 2525 382 2557 Amictenda
411 2526 483 2565 „ist
502 2525 726 2566 aufzugeben,
755 2537 794 2557 zu

125 2569 284 2612 opfern“.
331 2570 373 2602 So
403 2570 576 2603 bisweilen
605 2571 791 2613 praedam,

864 1713 1084 1743 mensionem
1104 1713 1282 1743 amittere.
1305 1709 1381 1750 vgl.
1401 1710 1441 1741 ad
1455 1709 1534 1741 Her.

865 1756 920 1788 lv.
935 1757 990 1796 44,
1005 1757 1046 1787 57
1061 1768 1067 1787 :
1089 1756 1249 1797 (Decius)
1268 1758 1392 1787 amisit
1410 1758 1534 1796 vitam,

865 1806 904 1834 at
922 1812 989 1833 non
1007 1802 1179 1843 perdidit.

908 1847 1126 1889 sepeliendus
1154 1857 1224 1885 „zu
1243 1845 1536 1877 unterdriicken“.

863 1890 939 1933 Vgl.
954 1902 985 1933 p.
1006 1891 1179 1924 1.Man.11
1199 1917 1206 1931 ‚
1220 1892 1275 1922 3οε
1298 1891 1425 1922 bellum
1438 1891 1538 1922 I’om-

861 1937 1095 1979 peiiadventu
1106 1938 1285 1968 sublatum
1299 1948 1340 1967 ac
1349 1936 1540 1979 sepullum.

909 1980 972 2018 14.
1009 1982 1146 2025 Ecquid
1175 1985 1243 2013 scis
1270 1986 1335 2013 etc.
1351 2005 1359 2021 ‚
1397 1982 1537 2013 weitere

866 2027 1085 2068 Ausl'iihrung
1109 2028 1168 2059 des
1192 2026 1396 2059 Gedankens
1420 2028 1538 2059 Arm't-

869 2073 975 2105 tenda
997 2092 1035 2097 —
1057 2074 1172 2105 dolor.

913 2119 953 2150 dc
966 2120 1161 2151 Corinthiis
1178 2121 1261 2158 tuis,
1281 2129 1329 2149 sc.
1346 2119 1438 2148 vasis
1457 2117 1540 2148 oder

866 2165 1043 2206 operibus.
1104 2164 1166 2195 Die
1199 2163 1447 2196 corinthischen
1475 2161 1536 2194 Ge-

867 2210 971 2250 faisse,
989 2220 1050 2241 aus
1066 2209 1138 2241 dem
1158 2220 1272 2251 sogen.
1286 2207 1537 2241 corinthischen

866 2255 944 2295 Erz,
966 2256 1060 2287 einer
1078 2254 1253 2296 Mischung
1271 2255 1366 2287 edler
1384 2252 1534 2293 Metalle,

865 2311 1051 2341 gegoesen,
1081 2311 1194 2332 waren
1222 2300 1253 2332 in
1274 2300 1353 2332 Rom
1379 2298 1457 2330 sehr
1482 2298 1539 2330 be-

865 2347 948 2377 liebt
967 2346 1031 2377 und
1051 2345 1102 2378 ost
1120 2347 1256 2378 them-er
1274 2346 1324 2377 als
1343 2344 1496 2386 goldene.

910 2392 971 2423 sed
1009 2391 1124 2422 uimmt
1156 2391 1217 2422 den
1244 2389 1536 2422 unterbrochenen

866 2435 1068 2477 Gedanken‚
1096 2436 1159 2468 wie
1186 2436 1268 2467 oben
1292 2437 1320 2474 l,
1343 2438 1383 2475 3,
1412 2434 1538 2466 wieder

866 2482 927 2513 auf
939 2482 1004 2513 und
1025 2482 1197 2513 rectilicirt
1217 2482 1271 2512 ihn
1291 2480 1458 2521 zugleich.

910 2528 1044 2559 nullam
1065 2538 1138 2558 esse
1157 2531 1191 2559 te
1215 2528 1296 2558 hab.
1312 2552 1319 2561 ,
1351 2526 1460 2558 Lehrc
1480 2526 1540 2558 der

866 2572 1012 2604 Stoiker.
