1684 2819
168 147 248 188 108
595 147 755 180 LlBER
776 148 818 180 11.
848 148 979 190 24‚59.
1017 149 1072 189 25,
1094 150 1148 180 60.

167 263 437 318 adspeximus,
464 261 559 301 nihil
582 269 656 310 est,
682 262 799 314 quod,
826 269 867 302 ut
886 276 933 302 eo
955 261 1165 316 potiamur,
1199 274 1277 300 non
1310 259 1436 314 parati
1459 259 1582 300 simus

168 327 208 361 et
239 321 343 361 ferre
379 326 417 358 et
447 318 613 371 perpeti.
676 318 740 357 Ex
772 317 845 357 hoc
878 332 994 359 cursu
1025 325 1142 370 atque
1177 318 1324 371 impetu
1361 315 1583 356 animorum

167 377 215 418 ad
245 390 380 416 veram
410 375 564 414 laudem
598 380 713 427 atque
744 374 988 415 honestatem
1018 374 1086 414 illa
1119 374 1290 428 pericula
1321 374 1514 414 adeuntur
1543 372 1583 412 in

168 433 351 487 proeliis;
384 445 463 470 non
485 430 665 471 sentiunt
685 430 762 470 viri
786 430 907 471 fortes
929 431 969 470 in
990 430 1074 471 acie
1095 431 1276 479 vulnera,
1301 430 1366 470 vel
1389 429 1581 477 sentiunt,

167 489 235 529 sed
258 488 358 528 mori
381 488 547 538 malunt,
573 501 685 540 quam
710 494 859 527 tantum
881 487 996 527 modo
1015 488 1061 526 (16
1080 487 1280 539 dignitatis
1303 487 1429 540 gradu
1451 486 1585 526 demo-

106 553 148 585 59
170 546 272 585 veri.
298 544 514 597 Fulgentes
537 543 688 598 gladios
712 543 883 584 hostium
905 543 1093 583 videbant
1109 543 1235 592 Decii,
1261 557 1377 596 quum
1400 542 1438 582 in
1463 542 1584 582 aciem

170 615 303 642 eorum
322 600 542 642 irruebant.
569 601 636 640 His
654 601 811 641 levabat
826 613 981 640 omnem
999 600 1209 641 vulnerum
1232 606 1378 640 metum
1401 599 1585 639 nobilitas

169 658 309 698 mortis
340 664 379 698 et
409 658 550 711 gloria.
594 657 697 698 Num
729 664 813 697 tum
844 657 1086 712 ingemuisse
1108 655 1420 710 Epaminondam
1452 661 1583 708 putas,

171 729 288 768 quum
320 728 399 755 una
431 728 518 755 cum
553 715 746 767 sanguine
768 715 889 755 vitam
921 715 1078 755 effluere
1102 713 1295 754 sentiret?
1327 712 1587 765 imperantem

170 772 275 812 enim
298 771 464 826 patriam
486 771 814 812 Lacedaemoniis
835 771 1099 824 relinquebat,
1127 784 1243 823 quam
1265 775 1473 822 acceperat
1502 780 1588 808 ser-

167 828 357 869 vientem.
383 828 489 868 Haec
513 835 606 868 sunt
628 828 783 877 solatia,
811 828 905 869 haec
930 830 1103 868 fomenta
1125 840 1366 867 summorum
1391 825 1585 865 dolorum.

98 885 157 930 25
277 885 408 935 Dices,
430 885 521 938 quid
542 884 582 924 in
605 886 726 938 pace?
750 885 839 938 quid
863 885 994 925 domi?
1017 884 1105 938 quid
1128 884 1166 923 in
1189 877 1362 923 lectulo?
1384 881 1442 921 Ad
1466 881 1589 934 philo—

104 950 147 982 60
173 941 317 996 sophos
340 955 402 981 me
424 955 607 990 revocas,
628 941 693 994 qui
716 942 754 980 in
777 942 901 981 aciem
926 955 1004 981 non
1026 953 1144 993 saepe
1166 941 1375 994 prodeunt.
1400 938 1431 977 E
1450 936 1589 990 quibus

173 999 289 1038 homo
312 1011 407 1038 sane
430 998 547 1048 levis,
572 997 828 1038 Heracleotes
851 997 1079 1052 Dionysius,
1105 1011 1222 1048 quum
1245 1010 1266 1036 a
1287 995 1449 1035 Zenone
1475 994 1589 1039 fortis

174 1068 263 1095 esse
296 1054 513 1104 didicisset,
538 1067 561 1094 a
583 1054 719 1094 dolore
751 1054 938 1095 dedoctus
971 1061 1045 1094 est.
1090 1052 1190 1093 Nam
1214 1066 1331 1106 quum
1352 1065 1405 1092 ex
1425 1049 1588 1091 renibus

171 1111 389 1161 laboraret,
414 1111 499 1165 ipso
521 1111 561 1150 iu
583 1111 733 1151 eiulatu
756 1110 993 1160 clamitabat,
1018 1110 1116 1150 falsa
1139 1123 1227 1150 esse
1248 1109 1331 1158 illa,
1353 1121 1451 1161 quae
1474 1113 1590 1147 antea

173 1167 220 1207 de
243 1168 380 1207 dolore
402 1168 486 1221 ipse
509 1168 716 1209 sensisset.
764 1167 886 1219 Quem
910 1182 1028 1220 quum
1052 1166 1265 1207 Cleanthes
1297 1164 1588 1217 condiscipulus

110 1245 113 1247 >
171 1231 349 1275 rogaret,
370 1237 561 1277 quaenam
583 1225 686 1264 ratio
707 1238 795 1264 eum
813 1225 859 1265 (16
876 1224 1072 1265 sententia
1096 1223 1343 1272 deduxisset,
1362 1220 1587 1274 respondit:

176 1280 334 1331 „Quia,
360 1295 477 1333 quum
510 1287 662 1321 tantum
694 1295 839 1335 operae
860 1281 1130 1335 philosophiae
1163 1280 1380 1326 dedissem,
1413 1277 1588 1317 dolorem

173 1344 306 1378 tamen
338 1338 442 1378 ferre
471 1352 549 1378 non
580 1351 750 1391 possem,
782 1337 878 1378 satis
911 1345 1017 1378 esset
1046 1336 1292 1391 argumenti,
1326 1335 1470 1375 malum
1500 1346 1590 1375 esse

219 1444 363 1486 tantu'm
383 1454 501 1494 modo,
523 1452 730 1490 δεικτικιῦςι
754 1465 846 1494 ,,11111·

172 1509 208 1530 so
242 1499 309 1531 viel
342 1514 387 1524 =
422 1510 484 1530 nur
517 1500 560 1531 im
592 1498 843 1540 Geringstcn“.

171 1543 284 1576 Ueber
317 1544 358 1576 de
385 1544 484 1586 dign.
512 1546 633 1586 gradu
668 1545 847 1577 demovere·

171 1600 199 1622 s.
228 1590 312 1622 oben
338 1601 379 1621 zu
407 1590 439 1631 ἴ),
464 1591 517 1622 14.

218 1647 274 1679 59.
301 1647 416 1687 Decii,
446 1657 471 1678 s.
496 1646 522 1678 I.
544 1648 600 1688 37,
620 1646 675 1678 89.

217 1703 519 1746 Epaminondam.
540 1703 617 1745 vgl.
639 1702 749 1746 Nepos
768 1714 796 1736 6.
811 1704 844 1736 9.

217 1763 452 1803 imperantem
481 1778 521 1783 —
548 1761 701 1802 7·el1'nq.,
738 1771 845 1802 quam

172 1815 291 1848 accep.
311 1816 402 1837 serv.
438 1806 495 1837 Bei
516 1805 693 1848 (loppelten
714 1805 847 1847 Gegen-

173 1851 290 1883 siitzen
316 1851 401 1882 wird
427 1851 487 1882 der
505 1850 681 1883 Cbiasmus
701 1862 765 1884 von
787 1851 846 1883 Ci—

174 1906 250 1928 cero
287 1895 355 1927 fast
382 1896 603 1938 regelm'assig
632 1897 846 1938 angewandt.

173 1940 252 1982 vgl.
280 1941 305 1973 1.
326 1942 382 1980 -19,
408 1942 483 1973 llS.

210 1987 395 2029 fomenta,
416 1987 479 2018 wie
505 1987 543 2018 de
562 1986 619 2018 fin.
640 1986 683 2018 11.
705 1988 761 2027 29,
781 1988 845 2019 95:

175 2033 348 2072 Virtutis,
363 2032 626 2074 magnitudinis
645 2035 770 2073 ant'mz',
781 2043 847 2075 pa-

174 2080 335 2117 tientiae,
342 2078 586 2119 fortitudinis
591 2079 673 2120 som
680 2088 717 2109 en
725 2081 770 2110 tis
787 2078 846 2110 do-

174 2124 232 2156 lor
248 2125 420 2165 mitigari
442 2124 544 2155 solet.

219 2177 289 2215 25.
334 2180 389 2211 6⁰.
433 2180 625 2222 Dionysius
669 2180 714 2212 ist
755 2181 848 2213 nicht

172 2225 233 2257 der
261 2226 314 2264 ll,
342 2225 384 2256 26
412 2225 586 2257 erwiihute
620 2225 742 2266 (daher
775 2226 847 2258 hier

171 2271 239 2302 und
266 2271 319 2302 lll.
347 2271 380 2311 9,
404 2271 443 2302 18
471 2271 699 2302 Heracleotes
724 2281 847 2303 voran—

173 2315 342 2357 gestellt),
371 2316 514 2347 sondern
541 2316 593 2347 610
621 2316 759 2355 iiltcrer,
786 2328 846 2349 aus

173 2361 340 2393 Heraclea
359 2361 390 2392 10
407 2359 763 2401 Gmssgriechenland,
782 2363 848 2395 Ze-

175 2417 235 2438 nos
253 2406 409 2443 Sebiiler,
431 2407 491 2437 der
510 2407 613 2438 durch
635 2407 845 2449 kiirperliehe

174 2451 304 2484 Leiden
318 2462 381 2484 von
397 2452 458 2484 den
473 2450 629 2483 Stoikern
649 2463 690 2483 zu
705 2453 766 2485 den
782 2453 847 2496 Cy-

174 2497 355 2530 renaikern
370 2496 671 2539 oderEpikureern
688 2498 847 2530 1110111161·-

175 2543 312 2584 geffibrt
329 2543 458 2584 wurde,
478 2543 583 2574 daher
601 2539 618 2574 ὁ
635 2545 846 2587 μεταθέμε-

175 2599 235 2625 νος
252 2593 412 2630 genannt.

962 1453 1131 1485 dedoctus
1151 1456 1214 1491 est,
1238 1452 1397 1493 Bentleys
1420 1449 1589 1482 trell'liche

916 1498 1138 1530 Emendation
1182 1498 1240 1529 der
1275 1496 1432 1528 lidschl'tl.
1466 1495 1590 1527 Lesart

917 1545 1088 1577 deductus
1108 1547 1174 1575 est.
1195 1542 1271 1583 Vgl.
1294 1542 1333 1573 (le
1352 1542 1408 1572 110.
1430 1540 1455 1573 1.
1474 1542 1507 1580 6,
1525 1541 1588 1572 20:

915 1592 948 1621 εἰ
964 1601 984 1622 α
1004 1590 1180 1632 Polyaeno
1196 1589 1434 1631 geometriam
1457 1587 1592 1618 discere

915 1636 1225 1677 mahumetanam
1239 1634 1341 1665 illam.
1353 1635 1460 1664 ellam
1473 1634 1590 1674 ipsum

917 1681 1100 1713 dedocere.

962 1737 1068 1769 quum
1089 1736 1133 1758 ex
1149 1727 1294 1758 renibus
1312 1724 1496 1756 laboraret
1511 1722 1590 1763 (wie

917 1772 956 1803 de
985 1783 1055 1814 rep.
1082 1771 1120 1811 ll,
1142 1772 1177 1802 21
1212 1782 1256 1802 ea:
1283 1770 1427 1801 vulnere
1453 1770 1588 1810 aeger).

917 1816 1010 1849 Naeh
1031 1817 1127 1857 Diog.
1149 1817 1188 1848 L.
1202 1815 1336 1849 V11.37
1354 1815 1504 1855 dagcgen
1524 1814 1591 1845 und

917 1862 990 1894 Cic.
1020 1863 1060 1894 de
1088 1862 1144 1893 fin.
1166 1861 1206 1893 V.
1229 1862 1284 1901 31,
1303 1862 1345 1892 94
1363 1870 1436 1891 war
1453 1870 1489 1891 es
1516 1860 1589 1891 eine

915 1907 1230 1949 Augenkrankheit.

967 1953 1169 1992 Cleanthes,
1196 1962 1256 1984 aus
1281 1952 1388 1983 Assns
1415 1951 1446 1982 in
1466 1949 1589 1989 Troas,

916 1997 1026 2036 Zenos
1057 1997 1263 2039 Nachl'olger
1296 1998 1328 2028 10
1359 1997 1418 2028 der
1444 1996 1590 2037 Leitung

917 2044 976 2076 (161·
994 2044 1088 2075 Stoa.

966 2090 1054 2131 Quia
1074 2089 1193 2129 gehort
1210 2089 1270 2120 mit
1288 2088 1365 2130 (id)
1383 2091 1475 2120 satis
1501 2093 1591 2120 esset

918 2137 1127 2176 argumenti
1137 2143 1344 2174 zusammen3
1360 2137 1479 2166 tamen
1491 2135 1546 2174 (=
1557 2138 1592 2166 et

919 2180 1055 2222 tamen)
1083 2180 1166 2212 noch
1190 2191 1233 2211 zu
1252 2190 1372 2222 quum.
1405 2178 1592 2220 (Unniithig

917 2224 1228 2267 schaltetTregder
1244 2243 1283 2248 —-
1300 2225 1381 2257 nach
1394 2224 1531 2266 Madvig
1548 2235 1590 2256 zu

917 2272 958 2303 (16
973 2271 1490 2313 110.Ῑ>.789-11161·εί2111561160
1502 2273 1590 2311 quia

917 2317 983 2348 und
1010 2327 1119 2359 quum
1148 2317 1215 2349 ein.
1274 2315 1336 2347 Die
1370 2315 1588 2357 conjunctivi

917 2361 1099 2394 Praeteriti
1112 2361 1326 2402 stehengweil
1339 2360 1377 2392 D.
1392 2361 1444 2392 die
1457 2359 1590 2393 Gedan-

916 2408 980 2440 ken
1008 2407 1219 2450 misspricht,
1248 2406 1300 2438 die
1327 2406 1383 2437 11111
1416 2405 1590 2438 damals

916 2453 1074 2492 leiteten,
1103 2463 1154 2483 wo
1180 2463 1216 2483 er
1241 2452 1334 2483 seiue
1359 2451 1500 2483 Ansicht
1533 2451 1592 2483 iin-

917 2499 1024 2531 derte.
1060 2498 1121 2530 Die
1142 2497 1318 2538 folgenden
1331 2496 1451 2529 &Vorte
1470 2497 1590 2528 Pluri-

916 2555 1054 2576 mos—-
1073 2543 1176 2575 dolor
1208 2543 1337 2585 spricht
1370 2548 1408 2574 er
1440 2542 1590 2583 dagegeu

917 2600 991 2621 vom
1018 2589 1229 2631 Standpunkt
1255 2589 1313 2619 der
1332 2587 1548 2630 Gegeuwart.
