1684 2819
170 165 245 203 126
633 164 687 194 nli
713 163 891 196 NATL'RA
918 164 1098 197 DEORUM

93 273 135 305 46
163 266 279 304 deum
311 265 488 304 iudicem.
544 264 613 302 Hic
649 276 762 314 quam
792 265 890 302 volet
915 265 1105 315 Epicurus
1141 265 1298 310 iocctur‚
1335 265 1454 303 homo
1486 276 1567 303 non

162 321 385 373 aptissimus
408 321 452 359 ad
474 320 680 358 iocandum
704 320 939 371 minimeque
960 321 1147 372 resipiens
1165 322 1337 372 patriam,
1358 327 1394 360 et
1411 322 1509 359 dicat
1524 334 1567 360 se

151 385 241 417 ‘non
262 390 380 428 posse
401 376 620 426 intelligere,
642 375 762 426 qualis
784 375 832 414 sit
849 376 1026 415 volubilis
1044 383 1080 415 et
1094 378 1284 416 rotundus
1303 378 1415 416 deus:
1439 384 1567 416 tamen

162 447 206 473 ex
233 435 324 478 hoc,
355 432 458 483 quod
481 432 591 471 etiam
615 431 698 482 ipse
721 432 876 484 probat,
904 444 1117 483 numquam
1139 446 1200 471 me
1221 434 1397 472 movebit.
1440 434 1567 472 Placet

161 489 263 528 enim
293 489 341 527 illi
369 501 453 527 esse
481 488 594 534 deos,
628 488 713 539 quia
741 500 899 527 necesse
925 489 975 527 sit
1001 494 1261 540 praestantem
1289 502 1374 528 esse
1402 490 1565 540 aliquam

161 552 356 591 naturam,
380 558 453 595 qua
476 545 566 583 nihil
589 545 638 582 sit
659 545 808 583 melius.
848 545 992 583 Mundo
1014 550 1141 583 autc—m
1166 550 1268 583 certe
1289 545 1382 583 nihil
1403 552 1462 584 est
1482 558 1564 584 me-

90 609 130 639 47
161 602 248 640 lius.
290 601 367 639 Nee
388 601 563 647 dubium,
589 600 699 651 quin,
724 602 827 651 quod
849 601 1024 640 animans
1048 602 1097 639 sit
1119 601 1328 651 habeatque
1349 613 1508 640 sensum
1530 611 1567 641 et

161 658 348 696 rationem
371 663 407 695 et
428 663 608 703 mentem,
630 657 666 694 id
690 657 740 696 sit
762 658 897 696 melius
921 670 1033 709 quam
1056 658 1106 704 id,
1130 658 1233 708 quod
1255 657 1315 695 his
1338 663 1472 695 careat.
1513 658 1566 696 Ita

161 714 324 753 eflicitur
345 713 590 759 animantem,
612 726 764 760 sensus,
786 714 937 760 mentis,
959 714 1119 753 rationis
1142 714 1332 752 mundum
1354 726 1439 751 esse
1457 725 1566 752 com—

163 776 312 820 potem:
335 783 410 821 qua
430 771 577 808 ratione
605 770 717 809 deum
740 784 825 809 esse
846 772 1033 809 mundum
1063 770 1314 809 concluditur.
1372 769 1445 808 Sed
1475 769 1568 808 haec

161 827 286 877 paullo
309 833 400 877 post
421 826 566 866 facilius
589 833 875 876 cognoscentur
895 840 939 865 cx
961 827 1006 865 iis
1028 827 1142 865 rebus
1160 826 1266 877 ipsis,
1287 838 1381 876 quas
1400 826 1568 864 mundus

84 882 135 921 18
159 882 286 921 eflicit.
327 883 490 928 Interea,
515 882 640 927 Vellei,
662 883 757 928 noli,
781 896 945 933 quaeso,
967 896 1057 934 prae
1079 888 1113 921 te
1137 884 1233 921 serre
1266 896 1334 920 vos
1364 882 1474 932 plane
1501 894 1567 920 ex-

160 945 289 990 pertes
311 952 396 977 csse
419 939 627 977 doctrinae.
667 941 816 977 (Ionum
835 939 901 977 tihi
919 939 974 977 ais
993 946 1029 977 et
1046 939 1261 990 cylindrum
1279 945 1314 977 et
1330 938 1567 989 pyramidem

160 995 421 1045 pulchriorem
459 1008 572 1045 quam
610 995 815 1044 sphaeram
851 996 986 1039 videri,
1030 1007 1172 1033 novum
1215 995 1327 1033 ctiam
1364 995 1567 1032 oculorum

160 1051 343 1089 iudicium
370 1050 530 1089 habetis.
573 1051 646 1088 Sed
677 1051 753 1089 sint
780 1051 851 1089 ista
878 1051 1119 1101 pulchriora,
1148 1051 1342 1089 dumtaxat
1365 1050 1566 1100 adspectu:

161 1108 263 1158 quod
302 1107 394 1145 mihi
430 1112 559 1145 tamen
588 1107 716 1157 ipsum
746 1118 827 1146 non
848 1107 1013 1146 videtur:
1050 1107 1139 1158 quid
1169 1107 1270 1145 enim
1299 1106 1498 1157 pulchrius
1526 1118 1569 1144 ea

162 1166 299 1213 ligura,
323 1176 421 1214 quae
444 1163 524 1201 sola
548 1176 684 1201 omnes
706 1163 799 1202 alias
822 1165 963 1214 figuras
987 1163 1183 1214 complexa
1207 1163 1378 1202 continet
1398 1175 1570 1213 quaeque

159 1220 255 1259 nihil
283 1219 499 1271 asperitatis
527 1219 687 1265 habere,
724 1220 819 1258 nihil
847 1220 1075 1258 offensionis
1105 1225 1253 1270 potest,
1281 1219 1375 1257 nihil
1402 1218 1569 1257 incisum

160 1276 334 1327 angulis,
377 1276 471 1314 nihil
511 1276 777 1321 amfractibus,
819 1276 912 1315 nihil
947 1277 1141 1323 eminens,
1183 1275 1276 1314 nihil
1311 1272 1568 1314 lacunosum?

161 1345 356 1384 quumque
403 1333 498 1370 duae
539 1333 686 1371 formae
727 1338 966 1384 praestantes
1009 1333 1085 1371 sint
1102 1364 1110 1379 .
1157 1345 1202 1370 ex
1243 1331 1376 1370 solidis
1419 1331 1568 1380 globus,

162 1389 240 1435 (sic
275 1389 379 1427 enim
416 1388 606 1442 σφαῖραν
640 1389 882 1440 intcrpretari
914 1390 1074 1440 placet;)
1113 1401 1157 1426 cx
1186 1387 1309 1439 planis
1337 1392 1464 1425 autem
1493 1386 1568 1425 eir-

161 1445 267 1485 culus
304 1451 368 1483 aut
404 1445 526 1491 orbis,
564 1445 627 1495 qui
665 1441 816 1493 κύκλος
845 1446 986 1485 Graece
1022 1445 1176 1484 dicitur:
1214 1444 1273 1482 his
1311 1443 1459 1482 duabus
1487 1443 1568 1481 sor-

163 1502 234 1541 mis
285 1501 473 1551 contingit
513 1501 624 1548 solis,
674 1507 716 1540 ut
755 1514 891 1541 omncs
928 1514 1060 1541 earum
1100 1506 1229 1552 partes
1271 1501 1348 1538 sint
1388 1500 1487 1538 inter
1527 1511 1570 1538 se

161 1558 394 1605 simillimae,
443 1570 463 1596 a
509 1558 714 1608 medioque
762 1564 910 1598 tantum
959 1558 1060 1597 absit
1099 1562 1331 1603 extremum,
1382 1560 1567 1607 quantum

206 1680 258 1712 46.
277 1681 479 1722 minimeque
492 1682 656 1724 resipiens
667 1683 827 1724 patriam,

160 1726 189 1757 d.
210 1726 238 1757 h.
258 1727 421 1757 Atticam.
456 1725 675 1757 De11nAttiez'
688 1730 829 1769 praeter

159 1773 288 1802 ceteras
305 1772 491 1812 insacete'z’s
510 1771 686 1811 ezceellunt,
706 1771 771 1803 Cic.
787 1773 827 1803 de

160 1815 217 1846 Or.
235 1815 271 1855 ll,
286 1815 338 1854 54,
354 1816 430 1846 217.
465 1815 575 1847 Ueber
592 1818 742 1860 resipere
759 1817 827 1856 vgl.

160 1859 246 1891 Geli.
268 1859 324 1895 ΙΙΙ,
343 1859 377 1889 3:
404 1859 479 1891 Xon
497 1860 635 1892 dubium
659 1864 725 1899 est,
749 1864 826 1903 quin

158 1904 400 1946 islaesabulae
417 1906 580 1948 resipiant
597 1906 712 1937 sellum
725 1907 826 1937 Plau-

160 1952 277 1981 lulum.

204 1995 258 2025 47.
289 1993 400 2037 paullo
423 1997 514 2037 post.
548 1994 695 2026 Niimlicli
719 2006 745 2026 r.
772 1994 825 2035 22,

158 2040 200 2070 55
219 2039 251 2070 ΠΖ

207 2078 272 2116 18.
297 2083 366 2115 noli
379 2094 462 2126 prae
480 2086 510 2115 te
520 2086 644 2125 serre:
661 2084 769 2126 .,trag'
789 2095 825 2116 es

160 2129 247 2160 nieht
265 2138 301 2159 so
316 2128 463 2160 sichtbar
476 2139 537 2160 zur
550 2130 690 2167 Schau‚⁴‘
708 2130 758 2160 als
777 2130 825 2161 sci

157 2184 193 2205 cs
212 2178 317 2205 etwas
333 2173 539 2205 Riihmliches
557 2175 621 2205 und
641 2175 727 2206 nicht
741 2174 824 2206 viel-

158 2219 249 2250 mehr
267 2217 527 2260 Schimpl'liches.

205 2263 331 2295 Couum
351 2265 412 2295 tibi
425 2265 476 2295 ais
494 2267 553 2295 etc.
587 2264 620 2305 S.
640 2264 661 2302 l,
683 2264 734 2305 10,
749 2263 802 2295 24.

202 2308 270 2340 Sed
285 2310 354 2339 sint
375 2310 441 2342 isca
457 2309 650 2352 pulchriora
669 2328 725 2340 —.
759 2309 826 2340 Der

159 2353 347 2394 Gegensatz
373 2363 477 2395 gegen
508 2354 599 2385 diese
624 2354 824 2385 Concession

158 2399 201 2430 ist
218 2399 320 2430 durch
347 2399 611 2439 eingesehobeuc
629 2398 823 2430 Zwischeu-

157 2444 250 2476 siitze
270 2443 387 2475 weiter
404 2445 520 2476 hinaus
538 2443 721 2484 geschoben
733 2469 740 2481 ,
759 2444 824 2475 und

157 2489 240 2529 solgt
269 2493 338 2520 erst
367 2489 397 2529 ξ.
426 2488 487 2527 48,
516 2489 596 2520 aber
625 2489 654 2519 in
684 2489 825 2520 audet-er

157 2533 266 2565 Forin.
325 2533 415 2564 Ohne
457 2535 509 2565 die
550 2533 823 2565 Zwischensiitze

156 2579 268 2610 wiirdc
303 2577 368 2609 Cic.
403 2584 489 2611 etwa
528 2589 564 2609 so
598 2578 823 2619 l'ortgcsahrcn

900 1681 1020 1713 haben:
1053 1680 1136 1713 [llud
1167 1682 1275 1712 tamen
1306 1682 1396 1711 certe
1425 1679 1570 1720 manffe·

901 1730 993 1758 stum
1011 1729 1079 1767 est,
1105 1726 1190 1758 hanc
1205 1725 1479 1767 aequabilitatem
1496 1734 1566 1755 mo-

904 1775 959 1804 tus
978 1774 1038 1803 etc.

935 1817 1117 1848 dmntaoeal
1131 1816 1307 1859 adspeclu:
1328 1825 1426 1854 „nur
1440 1814 1475 1844 le
1485 1813 1504 1845 d
1515 1813 1567 1853 ig-

900 1862 980 1892 lich
996 1872 1069 1891 von
1087 1861 1320 1898 Ansehen,“
1335 1861 1405 1891 d.h.
1420 1858 1566 1890 insol'ern

900 1916 970 1937 man
990 1906 1051 1937 deu
1067 1905 1256 1946 Ausspruch
1275 1905 1347 1935 blos
1365 1902 1498 1934 hier-auf
1511 1902 1566 1933 bc-

900 1950 1068 1981 schriinkt.

941 1995 1081 2037 globus,
1106 1996 1153 2025 sic
1177 1995 1264 2025 enim
1283 2001 1346 2037 σφ.
1372 1995 1430 2024 ιήἰ.
1445 1992 1566 2036 placet.

901 2040 959 2071 Die
980 2039 1099 2070 warte
1117 2039 1239 2070 deuteu
1263 2049 1321 2073 an,
1347 2039 1423 2069 (lass
1443 2037 1567 2079 globus

899 2085 929 2115 in
948 2085 1060 2115 dieser
1073 2082 1568 2121 mathematischenBedeutung

900 2140 940 2160 zu
964 2127 1108 2160 Cicero’s
1133 2128 1209 2160 Zcit
1233 2129 1314 2159 noch
1344 2128 1432 2159 nicht
1459 2127 1566 2167 allge-

899 2174 982 2205 mcin
1001 2174 1231 2214 gebrauchlich
1245 2183 1400 2213 gewesen
1415 2172 1474 2204 sei.
1505 2171 1567 2204 Ur·

899 2219 1088 2260 spriinglich
1120 2219 1163 2250 ist
1191 2228 1226 2250 es
1257 2217 1403 2249 offenbar
1426 2227 1488 2248 nur
1512 2216 1565 2248 ein

899 2263 1112 2305 lilumpen.
1143 2263 1316 2295 verwaudt
1337 2263 1396 2294 mit
1415 2261 1564 2303 glomus,

900 2309 963 2340 wie
982 2310 1081 2340 sehon
1096 2308 1254 2340 Priscian.
1266 2307 1328 2349 1,S‚
1344 2307 1386 2339 44
1403 2305 1563 2338 hemerkt.

901 2352 1022 2386 Globus
1041 2356 1152 2386 terrae
1166 2353 1269 2385 heisst
1282 2363 1317 2384 cs
1331 2351 1413 2384 auch
1427 2350 1562 2382 Tuscul.

897 2398 920 2438 l,
937 2398 990 2437 28,
1007 2400 1048 2430 (5¹.)
1064 2410 1094 2430 u.
1112 2399 1154 2430 im
1173 2399 1282 2430 Somn.
1297 2397 1383 2439 Scip.
1399 2406 1426 2427 c.
1441 2395 1472 2427 4.
1499 2395 1561 2426 Se-

899 2454 980 2475 neca
1004 2455 1054 2485 qu.
1080 2448 1146 2475 nat.
1172 2443 1227 2482 IV,
1249 2442 1285 2474 11
1316 2453 1347 2473 u.
1379 2440 1467 2472 iil'ter
1490 2444 1564 2480 sagr.

895 2488 974 2532 pila,
993 2489 1056 2520 wie
1074 2489 1155 2520 auch
1173 2488 1299 2519 Plinius
1316 2485 1502 2518 nieht-mal&

941 2544 963 2564 a
989 2534 1166 2576 medioque
1186 2551 1231 2556 —
1253 2543 1275 2565 α
1305 2541 1450 2564 summo.
1498 2530 1564 2562 Das

896 2579 1097 2611 Aeusserste
1123 2578 1348 2618 (ea-tremum)
1373 2577 1433 2608 der
1454 2573 1563 2615 Rugel
