1684 2819
619 160 1060 203 LIBERH.1,1.2.3.
1494 161 1545 200 75

232 250 542 332 Neoptolemus
566 278 719 331 quidem
742 279 841 332 apud
865 278 1034 318 Ennium
1059 277 1351 333 philosophari
1377 277 1461 317 sibi
1489 278 1543 317 ait
1564 277 1586 320 1

130 350 294 377 necesse
322 349 423 385 esse,
455 335 530 374 sed
548 336 721 388 paucis5
762 350 856 375 mem
890 337 1050 376 omnino
1081 334 1195 375 haud
1218 335 1404 388 placere.

1458 333 1544 387 Ego
1570 342 1583 372 1

131 399 278 441 autem,
303 391 439 440 Brute,
466 403 629 432 necesse
651 392 745 431 mihi
768 392 921 444 quidem
945 405 1033 432 esse
1056 391 1228 431 arbitror
1249 389 1542 444 philosophari,

131 463 221 488 nam
243 448 334 501 quid
355 461 533 502 possum,
568 448 802 501 praesertim
827 448 924 489 nihil
946 461 1084 501 agens,
1120 459 1239 501 agere
1271 446 1410 487 melius
1421 448 1451 486 ’.Ρη
1475 446 1544 486 sed

130 519 208 545 non
231 505 383 559 paucis,
409 511 452 544 ut
472 504 555 544 ille.
585 504 749 545 Difficile
772 513 831 545 est
853 505 955 546 enim
978 506 1018 544 in
1041 503 1287 558 philosophia
1308 517 1431 557 pauca
1452 503 1544 544 esse

130 562 165 601 ei
189 569 297 611 nota,
324 560 386 601 cui
409 575 487 600 non
509 561 589 601 sint
610 568 678 601 aut
698 562 885 614 pleraque
907 570 976 601 aut
997 560 1142 601 omnia.
1187 560 1287 601 Nam
1318 573 1390 600 nec
1421 573 1544 614 pauca

130 618 208 659 nisi
231 631 251 657 e
274 617 405 658 multis
428 617 523 671 eligi
545 626 724 670 possunt,
747 632 833 664 nec,
854 617 920 670 qui
941 631 1063 669 pauca
1084 617 1319 671 perceperit,
1340 631 1419 656 non
1440 617 1542 657 idem

129 675 283 728 reliqua
305 675 441 714 eodem
465 674 594 714 studio
617 681 891 727 persequetur.
936 673 1012 713 Sed
1036 680 1165 712 tamen
1188 674 1229 712 in
1250 673 1329 712 vita
1355 680 1545 727 occupata
1561 680 1579 711 2

130 739 261 784 atque,
295 738 338 770 ut
367 730 617 783 Neoptolemi
653 736 874 778 tum·erat,
919 729 1079 769 militari
1113 743 1235 782 pauca
1264 729 1350 782 ipsa
1380 730 1543 770 multum

129 801 248 841 saepe
278 793 444 840 prosunt
466 792 504 824 et
526 787 658 825 ferunt
688 787 850 835 fructus,
877 787 909 826 si
932 797 1010 826 non
1042 792 1187 834 tantos,
1214 786 1343 837 quanti
1375 800 1427 825 ex
1458 787 1543 826 uni-

128 857 249 884 versa
271 842 514 896 philosophia
538 842 681 896 percipi
703 850 880 896 possunt,
908 850 1037 882 tamen
1061 855 1146 891 eos,
1173 842 1313 897 quibus
1336 842 1465 894 aliqua
1490 856 1543 882 ex

110 944 113 949 f
126 907 236 953 parte
248 899 445 939 interdum
460 906 527 938 aut
540 898 751 951 cupiditate
765 906 833 940 aut
845 899 1093 953 aegritudine
1109 905 1175 938 aut
1188 906 1294 939 metu
1311 898 1538 939 liberemur.

132 953 251 997 Velut
272 969 324 995 ex
347 969 394 996 ea
416 955 693 1009 disputatione,
713 970 812 1009 quae
835 956 930 996 mihi
953 970 1079 1009 nuper
1102 955 1232 995 habita
1254 961 1315 995 est
1336 955 1377 995 in
1389 955 1543 995 Tuscu-

127 1013 233 1063 lano,

260 1026 403 1066 magna
423 1011 631 1052 videbatur
652 1013 790 1054 mortis
814 1013 952 1053 effecta
974 1013 1229 1066 contemptio,
1251 1025 1347 1064 quae
1370 1026 1449 1051 non
1472 1012 1542 1052 mi-

127 1070 274 1110 nimum
294 1069 404 1110 valet
426 1069 474 1108 ad
495 1069 666 1109 animum
697 1077 805 1109 metu
835 1070 1095 1110 liberandum.
1139 1068 1240 1109 Nam
1272 1069 1334 1121 qui
1364 1068 1417 1118 id,
1443 1068 1544 1121 quod

127 1126 248 1166 vitari
279 1140 359 1166 non
390 1132 533 1179 potest,
561 1126 711 1176 metuit,
743 1127 776 1167 is
798 1127 936 1167 vivere
968 1126 1097 1166 animo
1127 1126 1257 1178 quieto
1287 1125 1394 1165 nullo
1426 1125 1541 1164 modo

126 1189 278 1237 potest3
307 1183 375 1223 sed
398 1182 478 1235 qui,
504 1196 584 1222 non
606 1183 719 1222 modo
742 1183 830 1236 quia
854 1196 1016 1223 necesse
1040 1190 1099 1223 est
1120 1183 1235 1231 mori,
1261 1194 1399 1222 verum
1424 1182 1541 1221 etiam

127 1239 219 1292 quia
240 1239 337 1279 nihil
360 1239 475 1280 habet
495 1253 619 1288 mors,
645 1240 746 1292 quod
768 1240 820 1280 sit
840 1240 1094 1288 horrendum,
1121 1245 1287 1279 mortem
1312 1252 1390 1278 non
1412 1238 1537 1287 timet,

127 1309 311 1349 magnum
333 1295 367 1336 is
390 1295 465 1336 sibi
487 1296 724 1349 praesidium
748 1297 795 1336 ad
817 1296 971 1337 beatam
993 1297 1113 1336 vitam
1139 1302 1355 1349 comparat.
1394 1294 1537 1345 Quam·
1559 1303 1577 1333 3

126 1366 240 1405 quam
263 1366 342 1391 non
364 1366 499 1392 sumus
521 1353 664 1406 ignari,
691 1353 833 1394 multos
864 1353 1038 1394 studiose
1062 1360 1197 1392 eontra
1227 1364 1315 1392 esse
1346 1352 1537 1402 dicturos,

127 1409 229 1461 quod
242 1408 370 1449 vitare
388 1408 494 1449 nullo
513 1410 626 1449 modo
644 1409 857 1463 potuimus,
874 1410 951 1449 nisi
968 1410 1064 1449 nihil
1082 1409 1240 1448 omnino
1259 1408 1537 1449 scriberemus.

126 1466 281 1505 Etenim
305 1466 337 1505 si
361 1466 574 1515 orationes,
601 1480 696 1519 quas
729 1480 800 1506 nos
830 1466 1092 1507 multitudinis
1123 1466 1268 1506 iudicio
1291 1465 1448 1519 probari
1471 1479 1541 1505 vo·

127 1521 302 1562 lebamus
326 1522 544 1576 (popularis
566 1530 627 1563 est
648 1523 751 1563 enim
769 1523 836 1563 illa
853 1524 1035 1571 facultas,
1056 1529 1095 1561 ct
1113 1522 1274 1562 effeetus
1293 1521 1541 1574 eloquentiae

128 1586 189 1618 est
206 1579 447 1618 audientium
465 1579 714 1633 approbatio)
731 1603 781 1622 -,-
798 1580 867 1619 sed
886 1580 919 1619 si
936 1578 1238 1633 reperiebantur
1255 1577 1450 1626 nonnulli,
1474 1578 1539 1630 qui

172 1692 207 1730 1.
248 1695 278 1726 1.
312 1695 570 1737 Neoptolemus
605 1697 702 1738 apud
732 1698 802 1729 En-

128 1743 246 1781 nium,
282 1741 316 1772 in
345 1741 405 1772 der
429 1741 608 1773 verlornen
633 1741 800 1782 Tragfidie

127 1786 277 1826 gleiches
309 1784 466 1818 Namens.
523 1786 616 1818 Nach
654 1787 801 1819 Ribbeck

127 1832 257 1863 lautete
283 1831 337 1862 die
364 1831 468 1863 Stelle
494 1842 549 1863 so:

126 1875 382 1919 Plzz'losoplzarz'
406 1881 462 1908 est
482 1876 574 1909 mz'lzz'
590 1888 739 1917 necesse,
761 1881 802 1909 at

156 1920 297 1963 pado-is,-
311 1932 391 1953 nam
409 1925 549 1954 omnino
564 1921 799 1965 liacicplaeet.

126 1967 403 2008 Degustandam
429 1977 475 1999 eoe
496 1967 549 2005 esi,
577 1978 645 1999 non
665 1971 701 2000 in
723 1979 798 2000 eam

157 2011 461 2054 ingzirgz'tandum
480 2012 614 2045 ee'nseo.

126 2057 204 2089 Wie
219 2060 346 2100 paucis
365 2069 407 2090 zu
420 2059 722 2095 verstehen‚leh1·t
741 2059 801 2091 der

127 2102 319 2144 Gegensatz
351 2106 509 2135 omnino.
536 2123 581 2127 -
614 2103 800 2145 Ueb1igens

124 2149 194 2189 xgl
207 2148 510 2181 CalliclesiuPlat.
523 2148 625 2190 Gorg.
642 2161 673 2192 p.
686 2150 798 2182 4840·

128 2195 339 2245 Φιλοσοᾳία
356 2190 488 2239 γάρτοι
502 2193 581 2227 ἐστὶ
594 2197 738 2238 χαρίόν,
755 2191 800 2228 ἄν

127 2250 182 2275 τις
208 2235 320 2271 αἰτοῦ
341 2241 501 2282 μετρίως
526 2235 669 2282 ἅψηται
694 2240 732 2274 ἓν
759 2242 801 2286 τῇ

126 2281 272 2327 ἡλικίᾳ·
314 2283 378 2317 ἐὰν
411 2284 451 2317 δὲ
491 2287 696 2330 περαιτέρω
739 2287 804 2318 τοῦ

127 2328 274 2366 δέοντος
314 2329 556 2382 ἒινὸιατρίψῃ,

128 2376 201 2407 τῶν
227 2371 453 2420 ανθρώπων.

173 2421 269 2452 nillil
293 2432 414 2473 agens,
446 2431 553 2463 oge7e
578 2423 717 2461 melius,
747 2424 798 2454 ein

128 2465 294 2500 hiibsches
321 2462 522 2511 ὀξύμωρον.
566 2468 667 2499 ΝιἸιιί
691 2479 800 2510 agens

128 2509 161 2541 in
182 2511 292 2552 Bezug
309 2511 371 2543 auf
386 2511 522 2544 Ciceros
536 2513 667 2554 jetzige
684 2513 802 2545 Nicht-

129 2554 360 2642 lpletlheiliffunlg
385 2567 437 2589 am
455 2558 653 2600 politischen
672 2559 799 2591 Lehen.

161 2611 180 2640 g

608 2329 801 2375 διαφθορὰ

916 1697 948 1729 2.
979 1698 1068 1728 milti
1095 1697 1219 1728 habita
1246 1700 1311 1729 est.
1344 1695 1377 1727 In
1398 1696 1457 1727 der
1475 1696 1546 1727 An-

870 1742 1036 1783 wendung
1061 1742 1119 1774 des
1139 1742 1258 1773 Dativs
1275 1742 1368 1772 mz'lzz'
1384 1742 1465 1772 oder
1484 1752 1546 1772 720-

872 1789 923 1819 ln's
943 1788 1000 1827 (II.
1022 1788 1055 1827 4,
1079 1788 1149 1828 10),
1179 1791 1262 1818 statt
1280 1788 1336 1825 ab,
1359 1787 1445 1817 heim
1464 1786 1547 1818 Pas-

871 1833 992 1873 sivum,
1021 1832 1113 1873 giebt
1138 1832 1220 1872 sich,
1250 1832 1357 1862 indem
1385 1832 1437 1863 die
1466 1833 1547 1862 han-

871 1878 991 1910 delnde
1007 1877 1133 1909 Person
1152 1877 1299 1909 dadurch
1319 1877 1413 1908 mehr
1431 1877 1462 1908 in
1483 1877 1545 1908 den

871 1923 1096 1965 Hintergrund
1123 1923 1309 1963 geschoben
1338 1922 1442 1961 wird,
1471 1923 1544 1954 eine

870 1969 1013 2010 gewisse
1032 1968 1315 2000 Bescheidenheit
1342 1967 1442 1999 kund.

916 2018 1106 2055 comparat
1146 2014 1288 2045 braucht
1330 2014 1440 2053 nicht,
1481 2013 1544 2045 wie

869 2069 944 2091 man
964 2060 1229 2099 vorgeschlagen
1248 2059 1318 2098 hat,
1346 2069 1450 2099 gegen
1478 2059 1544 2090 alle

870 2105 1013 2137 Hdschr.
1050 2105 1081 2136 in
1117 2106 1343 2146 comparavit
1383 2104 1545 2144 geiindert

870 2162 911 2182 zu
938 2151 1095 2190 werden;
1132 2151 1216 2181 denu
1247 2150 1329 2181 eben
1356 2150 1457 2181 durch
1487 2150 1544 2181 das

868 2195 1131 2228 Nichtfiirchten
1166 2196 1225 2226 des
1260 2194 1370 2226 Todes
1408 2194 1542 2226 fordern

867 2242 931 2272 wir
956 2251 1058 2273 unser
1080 2240 1200 2272 Gliiek.

917 2287 948 2318 3.
977 2287 1119 2318 Etenim
1137 2289 1170 2317 si
1187 2288 1379 2318 orationes.
1413 2285 1548 2317 Darauf

870 2332 969 2363 sollte
995 2332 1079 2363 nach
1099 2332 1157 2363 der
1175 2331 1380 2363 Parenthese
1409 2331 1541 2371 folgen:

870 2388 937 2409 non
968 2378 1149 2418 probatae
1180 2380 1267 2408 swet
1299 2388 1319 2408 a
1348 2377 1540 2416 nonnullis,

871 2425 934 2464 qui
954 2423 1045 2454 m'lzz'l
1070 2423 1265 2454 laudarent
1290 2427 1354 2453 etc.
1391 2422 1544 2466 Derglei-

871 2468 954 2499 chen
982 2468 1231 2499 Anakoluthien
1260 2468 1353 2507 aber,
1380 2468 1442 2498 wie
1470 2467 1545 2498 hier

872 2513 949 2554 (sed
977 2516 1009 2544 si
1036 2514 1311 2554 reperiebantur
1343 2512 1542 2552 nonnulli),

870 2559 1008 2590 machen
1038 2559 1090 2590 die
1110 2557 1199 2589 Rede
1224 2557 1393 2589 lebhal'ter
1411 2557 1477 2588 und
1495 2556 1545 2588 oft

872 2604 955 2635 auch
975 2604 1174 2635 deutlicher.
