1684 2819
54 1424 95 1455 (33

127 197 209 236 222
595 192 652 224 DE
677 192 859 225 NATURA
882 193 1064 226 DEORUM

128 298 253 344 fidem,
276 308 399 348 spem,
423 296 614 341 virtutem,
636 294 840 340 honorem,
862 294 1074 341 victoriam,
1096 295 1269 340 salutem,
1287 294 1534 333 concordiam

128 359 328 403 ceteraque
354 350 578 390 huiusmodi
606 361 736 388 rerum
765 349 842 387 vim
870 349 1010 388 habere
1038 350 1227 397 videmus,
1254 361 1335 389 non
1357 350 1530 389 deorum.

128 411 204 448 Aut
232 408 333 447 enim
361 407 400 445 in
430 406 623 445 nobismet
644 405 778 444 insunt
797 404 915 456 ipsis,
944 410 986 443 ut
1006 417 1136 452 mens,
1165 412 1206 444 ut
1227 407 1339 453 fides,
1366 413 1408 445 ut
1429 419 1531 458 spes,

127 471 168 504 ut
194 464 333 510 virtus,
362 468 404 501 ut
426 462 653 509 concordia3
682 466 746 500 aut
767 461 958 512 optandae
978 461 1091 500 nobis
1114 468 1223 508 sunt,
1251 468 1293 501 ut
1313 463 1462 510 honos,
1492 469 1534 501 ut

127 521 250 567 salus,
277 525 320 558 ut
345 519 521 558 victoria:
550 530 712 569 quarum
741 529 869 556 rerum
897 517 1100 557 utilitatem
1129 517 1258 564 video,
1287 518 1396 557 video
1419 519 1531 557 etiam

127 580 350 615 consecrata
373 575 594 621 simulacra3
624 586 739 625 quaro
760 579 887 613 autem
908 573 945 612 in
968 574 1029 612 his
1053 574 1107 612 vis
1130 574 1290 612 deorum
1313 574 1420 621 insit,
1449 581 1531 614 tum

125 632 331 683 intelligam
355 644 474 682 quum
497 637 730 681 cognovero.
769 630 855 677 Quo
879 630 917 668 in
939 642 1077 680 genere
1098 630 1155 668 vel
1176 630 1341 668 maxime
1362 637 1421 668 est
1436 631 1533 669 For-

126 694 219 727 tuna
240 688 492 734 numeranda,
515 699 629 738 quam
651 698 766 724 nemo
784 686 830 725 ab
849 686 1105 725 inconstantia
1123 691 1158 724 et
1175 686 1386 725 temeritate
1403 687 1534 725 seiun—

82 754 87 762 ·
130 750 206 795 get:
235 757 331 795 quae
358 744 471 794 digna
501 748 601 782 certe
629 755 707 780 non
732 749 822 781 sunt
843 743 928 781 deo.
970 742 1047 781 Iam
1070 755 1159 781 vero
1183 742 1272 793 quid
1298 755 1363 781 vos
1386 743 1444 781 illa
1467 743 1534 781 de—

126 801 238 839 lectat
260 800 459 851 explicatio
488 799 703 838 fabularum
732 804 768 837 et
795 799 973 837 enodatio
1002 796 1239 837 nominum?
1280 799 1486 838 Exsectum
1515 811 1535 837 a

127 857 204 895 filio
228 856 399 903 Caelum,
422 856 591 894 vinctum
614 855 745 894 itidem
767 868 786 893 a
809 855 885 894 filio
910 855 1132 901 Saturnum,
1155 855 1249 893 haec
1270 861 1305 893 et
1327 855 1395 893 alia
1418 867 1534 905 gene-

127 913 181 951 ris
204 913 375 951 eiusdem
398 925 466 950 vos
488 912 536 950 ita
559 911 782 957 defenditis,
811 917 851 950 ut
874 911 897 949 ii
920 912 983 962 qui
1006 912 1077 949 ista
1100 912 1293 950 finxerunt
1313 923 1392 950 non
1415 911 1533 950 modo

126 981 207 1008 non
235 969 378 1015 insani,
410 969 475 1006 sed
506 967 616 1006 etiam
648 967 768 1006 fuisse
790 968 984 1018 sapientes
1007 968 1215 1006 videantur.
1257 968 1299 1005 In
1322 968 1534 1006 enodandis

127 1031 254 1064 autem
277 1024 503 1063 nominibus
522 1023 624 1074 quod
645 1023 907 1061 miserandum
926 1024 975 1061 sit
990 1024 1182 1061 laboratis.
1221 1024 1425 1069 Saturnus,
1449 1024 1534 1074 quia

129 1094 169 1119 se
186 1086 331 1119 saturat
347 1080 477 1127 annis3
498 1079 661 1125 Mavors,
683 1079 768 1130 quia
787 1091 923 1130 magna
940 1080 1073 1126 vortit3
1095 1080 1273 1126 Minerva,
1293 1079 1380 1130 quia
1398 1079 1535 1118 minuit

127 1142 191 1176 aut
212 1137 298 1187 quia
322 1137 507 1183 minatur3
538 1136 684 1183 venus,
706 1135 792 1186 quia
815 1135 916 1174 venit
936 1136 981 1174 ad
1005 1136 1152 1183 omnia3
1175 1136 1288 1174 Ceres
1311 1149 1330 1174 a
1351 1136 1534 1186 gerendo.

128 1195 252 1241 Quam
280 1193 496 1244 periculosa
526 1191 785 1230 consuetudo!
832 1192 874 1229 In
904 1192 1034 1230 multis
1063 1192 1163 1230 enim
1193 1192 1417 1231 nominibus
1445 1193 1535 1231 hae-

127 1249 270 1288 rebitis.
314 1249 413 1296 Quid
431 1247 556 1286 Veiovi
580 1246 725 1286 facies?
750 1248 839 1298 quid
862 1246 1061 1286 Vulcano?
1084 1261 1329 1299 quamquzun,
1353 1249 1533 1298 quoniam

125 1305 348 1356 Neptunum
373 1318 391 1343 a
413 1304 543 1343 nando
566 1304 797 1355 appellatum
821 1310 949 1354 putaS‚
978 1304 1123 1343 nullum
1147 1305 1215 1343 erit
1238 1316 1401 1350 nomen,
1431 1304 1534 1355 quod

126 1373 206 1400 non
228 1360 358 1412 possis
380 1373 454 1399 una
476 1360 597 1398 littera
620 1360 806 1410 explicare
828 1361 929 1398 unde
951 1361 1107 1399 ductum
1127 1361 1187 1399 sit.
1226 1361 1267 1398 In
1287 1373 1361 1411 quo
1380 1361 1533 1411 quidem

126 1417 248 1467 magis
278 1422 320 1455 tu
346 1417 438 1455 mihi
467 1424 598 1454 natare
626 1417 731 1455 visus
762 1430 820 1463 es,
850 1429 963 1467 quam
993 1417 1076 1467 ipse
1103 1417 1319 1467 Neptunus.
1361 1417 1534 1467 Magnam

124 1474 342 1512 molestiam
376 1472 546 1523 suscepit
574 1478 610 1510 et
639 1472 796 1511 minime
823 1473 1079 1511 necessariam
1109 1473 1259 1524 primus
1286 1473 1408 1520 Zeno,
1445 1478 1537 1523 post

125 1620 208 1650 oben
224 1629 250 1650 c.
267 1620 297 1657 6,
317 1619 355 1649 15
373 1629 404 1650 u.
418 1619 511 1650 mehr
535 1618 585 1649 bei
601 1617 692 1649 Hand
708 1617 795 1649 Tur·
867 1619 927 1649 der
945 1619 1099 1650 Antwort
1123 1619 1254 1650 miissen
1280 1619 1342 1649 wir
1364 1619 1458 1649 dahin
1478 1628 1533 1658 ge-

868 1664 962 1694 stent
986 1664 1054 1694 sein
1080 1664 1202 1694 lassen.
1248 1663 1314 1695 Das
1338 1664 1418 1694 aber
1442 1663 1536 1695 Viele

124 1665 199 1696 scll.
218 1663 270 1703 111,
294 1663 366 1694 147.

168 1711 199 1740 in
218 1709 383 1740 nobismet
398 1709 517 1740 insunt
531 1709 627 1751 ipsis.
653 1707 726 1747 vgl.
742 1707 793 1738 die

124 1764 165 1784 zu
188 1753 232 1794 11,
252 1753 310 1794 23,
329 1753 367 1784 61
395 1753 563 1793 gegebene
582 1753 792 1792 Andeutung.

124 1798 255 1838 &Vegen
271 1799 386 1837 honos,
405 1799 509 1835 salus,
528 1799 666 1829 victoria
679 1797 793 1828 wiirde

123 1843 191 1874 sich
216 1843 276 1873 der
299 1843 434 1874 Stoiker
462 1843 542 1873 auch
573 1842 659 1872 wohl
690 1842 792 1872 haben

122 1892 371 1919 verantworten
390 1887 537 1926 kiinnen,
563 1887 626 1917 und
646 1897 685 1917 zu
705 1886 795 1917 Gun-

124 1937 196 1963 sten
207 1933 265 1963 der
275 1932 299 1963 F
312 1942 329 1961 0
339 1943 354 1962 r
364 1936 402 1963 tu
412 1943 428 1962 ιι
439 1942 456 1962 a
471 1932 561 1962 hatte
575 1942 612 1961 οι·
626 1931 795 1962 vielleieht

124 1981 252 2017 gesagt,
271 1978 358 2016 dass,
378 1987 447 2007 was
466 1977 526 2007 den
547 1976 724 2007 menschen
744 1976 792 2006 als

122 2023 351 2053 inconstantia
368 2022 430 2052 und
450 2023 622 2052 temet-stas
647 2020 774 2051 ersehei
787 2038 794 2043 ·

123 2077 180 2106 ne,
205 2067 275 2097 dies
299 2067 474 2106 deswegen
498 2067 578 2096 doeh
606 2065 694 2096 nicht
712 2066 792 2095 auch

123 2092 275 2142 nii-klich
295 2112 363 2151 sei,
389 2112 530 2141 sondern
558 2121 619 2141 nm
638 2110 709 2140 eine
728 2106 792 2141 εἶι-

123 2158 305 2200 “lne'inwgo
331 2155 497 2199 λογισμῷ
522 2151 657 2195 ἄδηλος
682 2155 791 2194 αἰτίῃ(

124 2202 203 2231 naeh
223 2201 309 2232 Plut.
328 2201 367 2232 de
386 2201 468 2243 plac.
487 2200 562 2242 phil.
583 2200 614 2240 l,
635 2200 686 2230 22).

169 2246 224 2278 152
253 2247 375 2287 s'znsse
403 2247 571 2289 sapientes
604 2245 791 2276 zvzdeantur.

123 2290 385 2330 xg1,1315‚41‚

169 2335 259 2377 qnod
274 2335 501 2367 nn'seranclnm
517 2337 562 2366 sit
574 2335 736 2366 laboratis
749 2349 793 2360 Ξ

123 2380 284 2423 laborem,
305 2382 362 2422 qai
377 2380 591 2412 miserandus
610 2382 668 2420 sil,
686 2381 792 2410 sna-(¹1⁴-

121 2427 213 2469 pilis.

168 2470 248 2512 qnid
265 2471 280 2502 l
291 2471 385 2501 'elavi
400 2471 540 2511 facies?
579 2470 791 2500 Darausant-

123 2520 246 2546 xxm-tet
265 2515 384 2546 Festus
404 2525 431 2556 p.
453 2514 532 2544 370:
559 2515 612 2546 l'e
629 2514 793 2555 syllabam

123 2562 174 2591 rei
184 2570 307 2603 parvae
318 2561 578 2602 praeponebant,
593 2559 679 2591 uncle
689 2559 704 2590 Ι
716 2560 792 2590 'eio-

122 2614 194 2635 vem
210 2615 351 2648 parvum
373 2604 490 2636 lovem.
517 2605 574 2635 Die
591 2604 793 2643 Richtigkeit

867 1713 966 1739 unter
995 1709 1066 1739 dem
1097 1708 1238 1740 Ιόίουιῖς
1268 1709 1360 1739 einen
1392 1708 1536 1748 kleinen,

863 1753 1098 1793 jugendliehen
1118 1752 1242 1794 Iupiter
1259 1754 1409 1791 (laomen,
1435 1753 1535 1785 seben

867 1799 930 1829 wir
947 1808 1005 1829 aus
1025 1798 1120 1830 Ovid.
1141 1798 1232 1830 Fast.
1251 1798 1303 1838 111,
1323 1798 1386 1829 445
1406 1809 1436 1829 u.
1451 1808 1480 1829 a.
1495 1808 1536 1830 m.

866 1861 911 1865 —
939 1843 1022 1875 Vom
1053 1843 1229 1875 Vulcanus
1260 1843 1361 1874 findet
1390 1844 1456 1874 sich
1486 1843 1536 1874 die

868 1888 1078 1929 Etymologie
1104 1888 1154 1919 bvi
1179 1888 1295 1919 isidor.
1322 1898 1351 1929 p.
1375 1888 1474 1928 1026,
1493 1887 1534 1918 32

869 1931 979 1963 Goth:
999 1933 1111 1964 dic-tus
1122 1933 1139 1965 l
1150 1933 1298 1964 'uleanns
1313 1935 1410 1973 qnasi
1422 1933 1535 1963 volans

867 1976 1002 2013 candor,
1023 1977 1072 2008 ιϊΙ
1087 1980 1184 2018 quasi
1201 1977 1304 2009 volit*
1312 1988 1332 2007 a
1340 1988 1359 2007 n
1371 1988 1430 2012 ns,
1449 1976 1538 2019 qnod

864 2032 926 2064 pet·
957 2023 1069 2053 aen-0112
1104 2022 1208 2062 vole-t,
1247 2022 1298 2052 die
1333 2022 1535 2061 wenigstens

867 2067 956 2097 nieht
975 2067 1160 2097 subtectum·
1179 2067 1240 2101 ist,
1259 2067 1307 2098 als
1327 2067 1378 2097 die
1396 2067 1533 2098 meisten

867 2111 926 2141 der
943 2111 1024 2142 oben
1041 2111 1076 2153 lt,
1091 2112 1221 2142 25—27
1243 2123 1304 2142 von
1321 2112 1438 2143 Balbus
1457 2121 1534 2142 vor-

866 2161 1088 2196 getrag‹·nen‚
1120 2157 1200 2187 oder
1222 2157 1271 2187 als
1302 2157 1374 2187 eine
1401 2167 1534 2197 neuere,

867 2201 917 2231 die
959 2201 1018 2231 den
1062 2201 1183 2232 Nameu
1228 2212 1286 2232 aus
1329 2202 1399 2232 dem
1438 2200 1534 2233 Grie—

867 2246 1017 2276 chisvlwn
1071 2246 1208 2277 ableitet
1223 2272 1230 2285 ‚
1285 2243 1451 2281 Ὁλκαῖος
1492 2261 1535 2271 =

867 2291 1160 2332 Schleppt'uss,
1191 2301 1305 2331 wegen
1336 2292 1395 2322 der
1420 2290 1534 2321 Lahm-

867 2335 943 2366 hest.

911 2384 1031 2412 natare
1050 2383 1138 2412 visus
1157 2392 1190 2411 es
1205 2391 1229 2411 s.
1245 2391 1276 2411 v.
1291 2380 1532 2421 {asflat-tame,

868 2426 951 2455 olm(¹
967 2425 1072 2457 sesten
1084 2425 1159 2456 Halt
1174 2425 1224 2456 hin
1240 2425 1301 2455 und
1319 2426 1533 2455 herscimnn—

868 2470 947 2503 ken.
973 2472 1127 2502 timeare.
1175 2470 1249 2509 x'gl.
1269 2470 1381 2500 Hau-ut.
1407 2469 1475 2500 Sat.
1496 2469 1531 2502 11,

869 2515 898 2555 7,
917 2516 952 2545 o:
987 2516 1074 2547 I'ars
1098 2515 1203 2546 mulla
1226 2518 1337 2547 nalal.
1364 2514 1460 2545 morlo
1480 2526 1532 2546 re-

867 2563 920 2591 eta
938 2571 1130 2604 capessens,
1156 2560 1322 2592 interdum
1338 2561 1457 2602 prat-is
1477 2561 1533 2592 ob-

866 2616 973 2637 noma
