1684 2819
96 1041 137 1072 87

171 145 252 184 200
746 141 802 173 nu
829 138 1010 172 OFFICHS

171 251 274 292 sunt,
297 257 395 295 quae
417 244 583 283 maxime
603 244 792 290 videntur,
813 243 901 293 quia
924 242 1034 292 plena
1056 249 1148 282 sunt
1169 243 1368 284 dedecoris
1390 258 1434 284 ac
1454 247 1578 297 turpi-

170 301 329 348 tudinis,
357 301 449 340 satis
478 312 709 352 persuasum
738 312 824 338 esse
854 298 963 338 debet
991 299 1082 338 nihil
1111 312 1197 338 esse
1223 301 1331 349 utile,
1367 303 1470 353 quod
1499 314 1579 342 non

168 359 380 397 honestum
403 358 463 395 sit.

282 414 524 464 Quamquam
553 413 588 452 id
613 413 766 464 quidem
796 426 883 451 cum
913 425 1026 463 saepe
1054 412 1147 451 alias
1175 418 1257 452 tum
1280 413 1416 464 Pyrrhi
1436 414 1534 454 bello
1557 428 1578 453 a

169 471 207 508 C.
237 470 410 509 Fabricio
449 470 607 508 consule
644 470 781 509 iterum
819 475 855 508 et
890 483 907 507 a
946 475 1081 508 senatu
1107 476 1244 508 nostro
1272 470 1480 509 iudicatum
1507 477 1578 510 est.

169 529 265 566 (jum
294 526 397 565 enim
426 539 493 564 rex
514 527 685 577 Pyrrhus
708 526 853 577 populo
877 526 1054 564 Romano
1082 526 1220 564 bellum
1249 526 1347 565 ultro
1375 526 1579 573 intulisset,

170 595 335 633 cumque
363 583 410 621 de
439 583 603 634 imperio
632 588 824 621 certamen
852 588 951 621 esset
981 595 1067 621 cum
1103 594 1191 632 rege
1219 595 1408 633 generoso
1436 596 1479 622 ac
1506 596 1580 634 po-

171 645 287 687 tente,
315 640 473 690 perfuga
502 639 548 677 ab
579 652 623 677 eo
653 639 754 677 venit
775 639 814 677 in
837 644 958 678 castra
981 638 1142 677 Fabricii
1163 638 1273 689 eique
1294 645 1353 678 est
1372 639 1580 690 pollicitus,

170 696 201 734 si
223 696 438 747 praemium
462 695 534 734 sibi
558 695 851 747 proposuisset,
879 708 937 741 se,
959 702 1000 733 ut
1023 695 1115 734 elam
1140 695 1325 741 venisset,
1348 696 1404 734 sic
1425 696 1521 735 clam
1542 696 1582 735 in

169 752 305 804 Pyrrhi
327 758 451 791 castra
473 752 686 791 rediturum
708 757 744 790 et
765 764 853 791 eum
879 764 1025 790 veneno
1042 758 1282 790 necaturum.
1321 752 1432 791 Hunc
1447 752 1581 791 Fabri-

170 808 251 847 cius
273 809 533 848 reducendum
558 808 700 848 curavit
721 809 767 847 ad
785 809 977 860 Pyrrhum
998 808 1113 859 idque
1130 809 1210 847 eius
1229 810 1369 848 factum
1386 809 1581 848 laudatum

169 878 188 904 a
211 871 346 904 senatu
363 871 431 903 est.
470 865 583 916 Atqui
600 865 632 904 si
651 865 819 916 speciem
836 864 1007 903 utilitatis
1026 864 1327 916 opinionemque
1344 865 1578 916 quaerimus,

169 934 352 972 magnum
374 921 464 960 illud
486 922 627 960 bellum
648 924 809 972 perfuga
831 933 932 960 unus
955 927 991 959 et
1008 933 1160 971 gravem
1178 921 1440 960 adversarium
1457 921 1582 973 impe—

170 977 216 1016 rii
244 978 481 1023 sustulisset,
505 978 572 1016 sed
595 990 778 1027 magnum
801 978 967 1016 dedecus
989 983 1025 1015 et
1046 977 1252 1027 flagitium,
1281 977 1436 1028 quicum
1457 978 1582 1017 laudis

170 1039 362 1073 certamen
381 1034 525 1080 suisset,
544 1046 632 1072 eum
650 1046 731 1072 non
748 1034 900 1081 virtute,
922 1033 987 1072 sed
1007 1034 1149 1072 scelere
1168 1040 1406 1085 superatum.
1444 1034 1582 1073 Utrum

168 1090 284 1141 igitur
311 1091 440 1130 utilius
469 1091 526 1129 vel
548 1090 738 1137 Fabricio,
769 1090 833 1141 qui
863 1090 946 1129 talis
976 1090 1015 1128 in
1045 1091 1115 1129 hac
1136 1090 1229 1129 urbe
1253 1091 1375 1141 qualis
1395 1090 1583 1130 Aristides

170 1147 328 1186 Athenis
352 1147 432 1193 suit,
453 1148 507 1185 vel
530 1148 681 1186 senatui
704 1153 852 1193 nostro,
876 1146 940 1198 qui
961 1158 1174 1197 numquam
1198 1147 1396 1186 utilitatem
1419 1160 1438 1186 a
1458 1147 1582 1198 digni-

170 1209 244 1242 tate
273 1203 456 1249 seiunxit,
485 1204 603 1242 armis
633 1217 718 1242 cum
747 1204 860 1242 hoste
888 1209 1034 1242 certare
1061 1215 1107 1241 an
1136 1202 1325 1242 vene'nis‘?
1373 1204 1412 1242 Si
1442 1204 1584 1254 gloriae

169 1272 285 1299 causa
307 1260 512 1311 imperium
534 1260 788 1312 expetendum
814 1266 889 1305 est,
913 1260 1039 1298 scelus
1062 1259 1172 1305 absit,
1194 1259 1233 1298 in
1256 1272 1332 1311 quo
1354 1272 1434 1298 non
1455 1265 1585 1311 potest

169 1329 254 1355 esse
275 1317 412 1368 gloria:
442 1316 502 1355 sin
524 1317 631 1367 ipsae
656 1329 749 1367 opes
773 1322 1003 1368 expetuntur
1025 1328 1183 1367 quoquo
1205 1316 1346 1361 modo,
1369 1328 1449 1355 non
1471 1322 1583 1367 pote-

168 1379 259 1412 runt
295 1373 404 1412 utiles
433 1386 517 1411 esse
546 1386 633 1412 cum
662 1373 829 1411 infamia.
877 1373 961 1411 Non
989 1373 1104 1423 igitur
1131 1372 1234 1410 utilis
1261 1373 1320 1411 illa
1348 1373 1388 1411 L.
1416 1373 1583 1424 Philippi

169 1430 214 1477 Q.
238 1430 278 1468 F.
309 1430 515 1468 sententia:
546 1442 639 1480 quas
663 1429 830 1468 civitates
852 1429 892 1467 L.
918 1429 1020 1467 Sulla
1043 1430 1204 1479 pecunia
1227 1435 1382 1480 accepta
1403 1441 1448 1480 ex
1469 1441 1583 1468 sena-

168 1492 230 1525 tus
259 1486 436 1525 consulto
464 1486 719 1533 liberavisset,
750 1491 792 1525 ut
821 1499 886 1525 eae
914 1498 1051 1524 rursus
1081 1485 1280 1535 vectigales
1309 1491 1440 1524 essent
1460 1498 1583 1536 neque

168 1542 213 1581 iis
242 1543 461 1594 pecuniam,
491 1555 605 1594 quam
635 1555 705 1593 pro
728 1543 898 1581 libertate
919 1542 1120 1588 dederant,
1150 1542 1413 1581 redderemus
1455 1542 1499 1581 Ei
1520 1555 1582 1581 se-

172 1605 283 1638 natus
303 1604 360 1639 est
375 1612 574 1638 assensus.
614 1600 744 1651 Turpe
766 1598 947 1651 imperio!
977 1599 1191 1637 Piratarum
1209 1599 1312 1637 enim
1330 1599 1466 1638 melior
1487 1599 1581 1637 tides

168 1668 283 1706 quam
306 1661 474 1695 senatus.
511 1657 570 1694 ‘At
592 1662 700 1695 aucta
723 1655 926 1706 vectigalia,
950 1655 1040 1694 utile
1062 1655 1200 1704 11111111.Ἰ
1235 1655 1446 1706 Quousque
1464 1655 1580 1694 aude-

214 1751 283 1788 '22-
326 1757 379 1788 86.
424 1758 634 1800 Quamquam
667 1757 715 1800 id,
757 1758 839 1788 doch

169 1802 312 1833 dariiber
330 1803 413 1834 kann
440 1803 615 1843 eigentlieh
640 1803 713 1833 kein
734 1803 839 1834 Streit

169 1847 251 1885 sein,
271 1848 354 1878 denn
374 1859 403 1878 u.
425 1859 451 1879 s.
471 1858 526 1885 w.;
546 1849 612 1888 vgl.
627 1846 652 1878 11
668 1847 699 1889 ξ.
713 1848 752 1878 74
772 1847 837 1879 Je-

169 1903 230 1934 qne
249 1895 370 1924 tamen.

216 1957 317 1989 saepe
334 1945 436 1978 alias:
455 1957 483 1978 z.
502 1946 533 1987 ξ.
550 1947 602 1977 47.

218 2000 300 2032 Cum
318 2002 406 2032 enim
425 2011 508 2032 rem:
531 2000 597 2040 vgl.
616 2010 643 2031 Ζ.
664 1999 685 2037 l,
709 2000 759 2039 13,
782 2000 834 2031 40.

212 2056 374 2098 pelsllgfl-
409 2054 463 2085 Bei
483 2053 610 2085 Gellius
629 2065 658 2085 11.
677 2054 714 2084 Α.
734 2052 784 2087 111,
806 2054 836 2094 7,

170 2101 229 2131 der
258 2110 317 2131 aus
353 2100 423 2131 dem
455 2098 650 2130 Annalisten
680 2098 835 2130 Claudius

170 2145 408 2187 Quadrigarius
427 2145 487 2175 ‹len
508 2144 600 2175 ssriel'
613 2144 754 2184 anliibrt,
774 2144 835 2175 (len

169 2191 220 2221 die
246 2191 429 2221 riiiiiiseheii
455 2190 598 2220 Consulti
629 2189 764 2220 desbalb
795 2199 834 2220 an

171 2235 316 2278 Pyrrhus
347 2235 561 2275 gesehrieben
588 2234 689 2265 baben
718 2234 834 2273 sollen,

169 2281 250 2311 wird
270 2281 329 2311 der
348 2280 443 2313 Manu
462 2280 574 2312 Nicias
591 2280 654 2311 und
679 2280 729 2311 ein
749 2279 835 2311 Ver-

170 2330 298 2357 trauter
327 2326 385 2357 des
415 2325 563 2368 Pyrrhus
592 2329 753 2365 genanut3
786 2324 836 2356 bei

172 2371 282 2402 Valer.
303 2370 436 2402 Maxim.
458 2370 511 2409 lv,
531 2370 561 2409 ἶ),
585 2370 595 2400 l
622 2369 836 2401 'l‘imoebares

169 2426 228 2447 ans
247 2416 431 2447 Ambracia.

215 2472 412 2513 opinionem,
430 2470 482 2501 «lie
498 2469 653 2508 Moinung
670 2469 730 2500 der
745 2468 834 2500 Men—

169 2526 224 2553 ge,
246 2526 271 2546 s.
286 2515 316 2557 ς’.
340 2515 388 2546 ll.

216 2569 267 2599 57.
287 2578 469 2611 nentiquam
484 2568 665 2600 utilitatem
678 2571 737 2600 eet.
759 2568 836 2599 Dies

913 1756 997 1788 kann
1024 1767 1085 1787 nur
1111 1756 1170 1788 der
1194 1756 1393 1799 behaupten‚
1423 1767 1494 1788 wer
1516 1757 1580 1788 wie

913 1801 1030 1832 Cicero
1050 1802 1171 1833 ebenso
1190 1802 1296 1833 bereit
1315 1803 1375 1842 ist,
1400 1803 1457 1833 das
1477 1801 1582 1834 Inter-

912 1857 987 1878 esse
1007 1846 1150 1878 l'remder
1163 1846 1340 1887 Nationen,
1359 1847 1422 1880 wie
1437 1847 1497 1879 der
1509 1847 1579 1878 ein-

911 1892 1026 1923 zelnen
1047 1892 1174 1932 Biirger
1197 1897 1281 1924 stets
1301 1893 1372 1924 dem
1394 1893 1580 1924 riiinischen

911 1937 1190 1968 Staatsinteresse
1200 1938 1478 1969 unterzuordnen.
1491 1937 1579 1969 Doch

912 1992 1000 2012 1111155
1019 1982 1099 2012 auch
1116 1992 1152 2012 er
1170 1982 1275 2021 gleieli
1295 1983 1326 2013 in
1345 1983 1416 2013 dem
1435 1982 1579 2022 Folgen-

911 2027 971 2057 den
991 2027 1048 2057 das
1073 2027 1311 2058 unehrenhal'te
1332 2028 1493 2067 Betragen
1520 2028 1578 2058 des

913 2072 1031 2102 Senats
1058 2072 1087 2102 in
1114 2071 1286 2103 einzelnen
1322 2072 1437 2103 Fiillen
1465 2072 1578 2113 einge-

911 2117 1037 2148 stehen.

955 2161 991 2193 L.
1011 2161 1175 2206 Philippi:
1193 2162 1216 2203 I,
1236 2164 1289 2199 30,
1310 2163 1392 2194 10⁵5.

955 2207 1180 2249 liberavisset,
1211 2208 1308 2239 niiml.
1335 2207 1468 2239 tributo.
1495 2207 1517 2247 I,
1547 2208 1577 2248 4,

914 2253 952 2284 lu
971 2253 1113 2284 liberare
1129 2264 1241 2295 agros.
1275 2253 1372 2285 Yerr.
1393 2253 1448 2285 lib.
1467 2252 1504 2291 ll,
1523 2254 1577 2294 31,

912 2298 952 2328 76
976 2298 1093 2330 liberet
1110 2298 1305 2340 Byzantios.
1334 2298 1392 2329 Die
1407 2309 1469 2329 von
1485 2298 1578 2330 Sulla

910 2343 1079 2374 einzelnen
1105 2343 1240 2375 Staaten
1272 2344 1323 2375 fiii·
1348 2343 1431 2375 Geld
1461 2343 1576 2375 bewil-

912 2389 989 2428 111111·Γ
1024 2389 1279 2421 Steuerl'reibeit
1309 2389 1437 2420 scheint
1468 2389 1575 2428 gleich

911 2434 989 2464 nach
1020 2434 1138 2465 dessen
1172 2433 1264 2465 'sodo
1297 2433 1499 2474 ausgehoben
1534 2445 1574 2465 zu

910 2479 997 2518 sein,
1023 2479 1061 2509 da
1080 2479 1127 2510 sie
1146 2480 1216 2510 dem
1236 2478 1402 2510 interesse
1421 2479 1481 2510 der
1499 2478 1576 2510 Ari-

910 2523 1070 2599 isltpkragtif
1106 2524 1338 2566 widerspracb.
1394 2523 1573 2556 Mommsen

969 2579 997 2611 Ρ.
1018 2586 1031 2598 &⁷
1063 2593 1068 2599 .
