1684 2819
690 189 767 220 LlB.
787 189 810 221 Ι.
848 189 940 221 CAP.
959 190 989 220 6.
1010 190 1039 221 7.
1515 192 1567 230 37

165 307 226 333 me
254 294 361 332 Cotta
397 292 503 338 vidit,
541 291 854 342 Peropportune,
875 291 1017 342 inquit,
1046 291 1169 329 venis:
1198 292 1320 330 oritur
1345 292 1447 330 enim
1475 292 1570 330 mihi

164 361 302 400 magna
330 349 376 386 de
402 361 444 386 re
473 348 664 386 altercatio
692 361 779 386 cum
801 347 961 394 VelleiO,
991 347 1050 385 cui
1076 360 1148 398 pro
1172 353 1236 386 tuo
1260 347 1387 386 studio
1410 360 1491 386 non
1512 354 1571 386 est

163 406 326 445 alienum
344 409 380 442 te
396 404 593 443 interesse.
628 405 740 455 Atqui
762 404 856 442 mihi
879 417 1032 455 quoque
1048 404 1194 449 videor,
1212 404 1380 455 inquam,
1403 404 1567 451 venisse,
1593 404 1618 443 7

164 468 206 501 ut
239 460 352 507 dicis,
383 467 616 511 opportune.
659 461 753 499 Tres
782 461 885 499 enim
912 460 1028 498 trium
1058 460 1345 510 disciplinarum
1372 460 1566 511 principes
1599 465 1639 496 16

165 517 410 557 convenistis.
458 517 506 555 M.
536 517 627 555 Piso
666 517 698 554 si
734 517 902 562 adesset,
938 516 1077 554 nullius
1111 517 1400 567 philosophiae,
1437 529 1570 555 earum

165 574 338 624 quidem,
361 586 456 624 quae
477 573 516 611 in
538 574 688 611 honore
710 578 817 618 sunt,
841 577 990 610 vacaret
1010 572 1131 610 locus.
1174 573 1272 611 Tum
1292 572 1411 618 Cotta,
1434 573 1486 619 Si,
1508 573 1569 610 in-

164 630 264 681 quit,
300 630 396 668 liber
421 629 599 667 Antiochi
635 629 774 675 nostri,
809 629 872 678 qui
903 628 948 665 ab
978 640 1023 665 eo
1052 639 1176 677 nuper
1205 630 1251 666 ad
1280 629 1384 666 hunc
1412 629 1571 667 Balbum

164 686 310 724 missus
339 691 419 731 est,
451 698 537 723 vera
564 684 748 735 loquitur,
774 684 868 722 nihil
895 688 955 721 est
983 684 1086 733 quod
1114 684 1318 730 Pisonem,
1347 685 1572 723 familiarem

164 749 286 788 tuum,
309 742 514 779 desideres.
542 740 733 778 Antiocho
756 740 856 777 enim
876 739 994 777 Stoici
1017 752 1103 777 cum
1126 740 1389 790 Peripateticis
1411 753 1452 779 re
1475 753 1570 779 con—

165 798 291 836 cinere
324 797 517 842 videntur,
553 795 677 834 verbis
715 796 950 846 discrepare:
990 807 1066 845 quo
1096 795 1142 833 dc
1171 795 1285 842 libro,
1307 796 1438 843 Balbe,
1460 797 1571 834 velim

164 854 261 892 scire
289 853 378 903 quid
414 853 569 890 sentias.
630 850 791 902 Egone?
828 852 951 903 inquit
972 851 1041 889 ille.
1084 851 1204 889 Miror
1225 852 1474 898 Antiochum,
1496 853 1570 890 ho-

163 910 308 949 minem
328 909 367 946 in
388 908 525 959 primis
548 913 719 954 acutum,
748 920 828 946 non
850 908 1010 953 vidisse,
1032 907 1219 946 interesse
1240 908 1451 958 plurimum
1472 908 1572 946 inter

164 965 336 1011 Stoicos,
364 965 427 1015 qui
455 965 617 1002 honesta
648 977 667 1002 a
690 964 906 1002 commodis
929 976 1010 1002 non
1031 964 1210 1009 nomine,
1240 965 1305 1002 sed
1329 977 1467 1014 genere
1488 969 1570 1002 toto

164 1021 443 1071 disiungerent,
479 1026 514 1059 et
539 1021 834 1071 Peripateticos,
871 1021 933 1071 qui
965 1021 1129 1058 honesta
1158 1021 1457 1058 commiscerent
1485 1033 1573 1059 cum

165 1078 401 1122 commodis,
437 1082 478 1115 ut
506 1090 546 1115 ea
578 1077 675 1115 inter
704 1089 743 1114 se
770 1077 1036 1127 magnitudine
1062 1082 1098 1114 et
1125 1076 1233 1127 quasi
1262 1077 1463 1126 gradihus,
1492 1088 1573 1114 non

164 1146 303 1184 genere
326 1134 532 1172 differrent.
569 1133 669 1171 Haec
685 1133 786 1171 enini
805 1139 863 1171 est
880 1146 959 1171 non
976 1133 1181 1171 verborum
1203 1146 1331 1182 parva,
1355 1133 1421 1171 sed
1442 1145 1573 1171 rerum

211 1256 388 1288 altercatio
402 1256 595 1286 bezeichnct
609 1256 723 1286 iuuner
736 1256 831 1287 einen

166 1300 348 1339 lebhasten,
380 1301 469 1332 nicht
492 1301 574 1331 ohne
600 1299 833 1332 Leidenschast

165 1346 339 1387 geftihrten
359 1345 618 1377 &Vortwcchseh

906 1256 980 1295 vgl.
1018 1256 1056 1286 de
1086 1255 1188 1295 Legg.
1219 1254 1241 1289 l,
1272 1255 1324 1291 21,
1356 1256 1414 1286 55:
1447 1254 1570 1295 (Zeno)

907 1312 1009 1342 quum
1033 1300 1134 1331 decus
1153 1300 1241 1341 quod
1256 1302 1386 1342 antiqui
1401 1311 1570 1332 sumtuum

907 1347 1028 1377 honum
1047 1356 1121 1376 esse
1139 1345 1308 1379 diverunt.
1326 1346 1435 1377 solum
1450 1347 1574 1377 bonum

211 1395 252 1434 7·
282 1401 331 1432 16.
358 1401 403 1433 JJ.
426 1402 515 1433 Piso.
546 1401 697 1433 Geineint
718 1402 762 1433 ist
784 1401 831 1432 M.

165 1448 295 1490 Pupius
330 1447 411 1478 Piso
442 1447 706 1489 Calpurnianus,
743 1446 832 1477 Ado-

166 1492 318 1532 ]›tivsohn
337 1492 428 1524 eines
443 1491 487 1522 M.
501 1491 632 1533 Pupius,
650 1491 773 1522 Consul
791 1492 833 1521 i1n

167 1536 195 1567 J.
218 1535 300 1575 (393,
331 1547 393 1567 von
418 1536 532 1567 Cicero
565 1536 669 1567 iil'ters
699 1536 748 1567 als
780 1536 832 1566 eiu

168 1581 333 1622 praktiseh
381 1581 592 1620 untiichtiger
630 1581 694 1611 und
736 1580 834 1611 eitler

167 1625 266 1657 Manu
307 1626 467 1665 getadelt,
508 1626 682 1656 anderswo
713 1625 832 1665 jedoch

168 1681 283 1710 wegen
301 1671 413 1701 sciner
428 1670 750 1709 Unbescholtenheit,
771 1670 831 1700 Be-

168 1715 369 1746 redsamkeit
398 1716 461 1746 und
486 1714 752 1746 Gelehrsanikeit
775 1725 832 1754 ge-

167 1761 285 1791 riihmt.
321 1760 367 1791 Er
384 1770 454 1791 war
470 1760 529 1790 der
550 1759 831 1800 Peripatetischen

168 1805 287 1836 Schule
312 1806 490 1846 zugethan,
518 1805 580 1835 und
608 1805 722 1835 Cicero
747 1804 833 1835 l'tisst

166 1850 218 1881 ihn
234 1851 276 1881 im
290 1850 319 1880 5.
335 1850 441 1880 Buche
455 1849 644 1880 (leFinz'bus
662 1849 713 1879 ‹lie
723 1848 831 1880 Lehre

168 1895 278 1925 dieser
292 1894 413 1925 Schule
432 1894 514 1925 iiber
532 1895 589 1924 das
605 1894 739 1925 ho'ehste
756 1893 830 1933 Gur,

167 1940 247 1970 nach
275 1937 471 1970 Antiochus‘
502 1938 722 1978 Auffassung,
756 1949 833 1969 vor-

168 1989 294 2024 tragen.

212 2048 328 2070 earum
360 2038 493 2080 quidem
525 2049 608 2081 quae
639 2040 673 2069 in
708 2038 834 2070 honore

165 2086 258 2115 sunt.
304 2082 381 2114 Dies
407 2094 513 2114 waren
543 2083 667 2114 damals
696 2094 758 2113 nur
783 2083 832 2114 die

166 2128 422 2170 Epikureische,
447 2129 498 2159 die
518 2128 668 2159 Stoisehe
694 2129 759 2159 und
781 2128 832 2158 dic

165 2173 443 2215 Peripatetische:
476 2174 527 2204 die
552 2173 833 2215 Pythagoreisehe

166 2219 256 2250 hatte
281 2228 372 2249 zwar
394 2229 433 2249 an
452 2219 491 2249 P.
510 2217 669 2260 Nigidius
686 2218 718 2249 F
718 2218 834 2260 igulus

167 2264 263 2295 einen
293 2263 431 2303 eifrigen
463 2264 526 2294 und
550 2264 721 2303 gelehrtcn
748 2262 835 2295 Ver-

167 2313 282 2347 treter,
313 2309 386 2339 l'and
411 2308 490 2339 aber
515 2313 609 2339 soust
632 2308 740 2347 menig
766 2308 834 2338 An-

167 2353 275 2394 klang.
322 2353 394 2385 Von
424 2354 482 2384 der
511 2353 773 2385 Akademischen
803 2363 829 2383 s.

170 2398 251 2429 oben
269 2409 296 2430 c.
316 2399 346 2438 ἵ),
371 2398 420 2429 11.

214 2455 382 2486 Antiochi.
404 2454 436 2485 S.
457 2466 498 2486 zu
516 2466 543 2486 e.
563 2455 593 2495 3,
613 2455 643 2486 6.

216 2511 360 2542 adhunc
376 2511 414 2543 B.
433 2513 571 2543 missus.
591 2512 620 2542 d.
642 2512 672 2542 h.
692 2512 755 2541 ilnn
774 2521 832 2541 zu-

171 2555 332 2595 geeignet.

216 2610 253 2632 re
280 2603 466 2641 concinere,
497 2603 607 2633 verbis
631 2602 833 2645 discrepare.

906 1390 1010 1427 dic-at,
1051 1392 1196 1431 itemque
1233 1390 1375 1421 dedecus
1408 1390 1497 1431 quod
1527 1390 1577 1420 illi

906 1446 1076 1467 sununuln
1099 1435 1243 1475 malum,
1274 1436 1327 1465 ln'c
1349 1436 1472 1473 solum3
1493 1434 1573 1466 diri-

907 1483 987 1519 tias,
1023 1480 1257 1520 raletzulz‘nem,
1287 1479 1573 1522 pulclwituclinem

907 1525 1099 1556 commodus
1118 1536 1171 1556 res
1189 1525 1346 1567 appellet,
1362 1535 1427 1556 non
1448 1525 1574 1561 bonas-5

903 1573 1154 1613 paupertatem,
1174 1570 1395 1609 debilitatem,
1424 1569 1572 1600 dolorem

906 1615 1152 1655 incommodas,
1200 1625 1265 1645 non
1305 1614 1429 1646 malas:
1469 1615 1576 1645 sentit

906 1659 992 1691 idem
1024 1659 1112 1701 quod
1135 1659 1356 1701 Xenocrates,
1380 1659 1470 1701 quod
1490 1660 1574 1690 Ari-

906 1704 1053 1744 stotolex,
1070 1705 1216 1745 quuitur
1229 1705 1294 1735 alio
1308 1704 1419 1736 modo.
1445 1703 1501 1735 Eoe
1514 1704 1575 1735 lzae

905 1752 1017 1781 alitem
1055 1760 1120 1780 non
1153 1760 1270 1781 rerum
1302 1749 1362 1780 sed
1397 1750 1576 1780 verborum

906 1794 1074 1825 discordia
1103 1796 1334 1826 controversia
1356 1797 1439 1825 nala
1463 1797 1514 1825 est
1535 1793 1576 1824 (Ie

898 1839 1028 1881 finibus
1046 1842 1105 1870 ele.

952 1883 1091 1925 Egone?
1128 1884 1260 1915 Ebenso
1284 1888 1384 1915 unten
1410 1883 1462 1923 HI,
1489 1884 1519 1921 3,
1544 1884 1574 1914 S.

908 1928 982 1968 vgl.
1003 1929 1041 1959 de
1060 1928 1161 1969 Legg.
1181 1928 1204 1969 l,
1224 1929 1252 1970 4,
1275 1928 1330 1960 14:
1355 1929 1500 1960 sedium
1519 1938 1573 1960 or—

907 1973 981 2005 dire
1007 1974 1192 2016 applicare,
1216 1984 1351 2014 quaeso,
1376 1974 1417 2005 de
1433 1975 1509 2005 iure
1526 1975 1574 2004 ci-

907 2019 964 2050 vili
976 2019 1057 2060 quid
1073 2021 1213 2050 sentias.
1247 2018 1392 2060 Egone?
1424 2029 1574 2050 summos

896 2064 929 2105 f
928 2065 1020 2095 uisse
1036 2065 1069 2095 in
1088 2066 1222 2095 civitate
1239 2066 1327 2095 viros
1342 2067 1400 2094 etc.
1416 2074 1466 2094 wo
1486 2063 1574 2095 Goe-

908 2119 986 2139 renz
1016 2110 1107 2139 mehr
1135 2109 1297 2150 Beispiele
1330 2109 1429 2148 gicht.
1479 2108 1574 2140 voll-

907 2154 1078 2193 stiindigei·
1108 2154 1146 2184 de
1176 2153 1270 2184 Finn.
1302 2152 1350 2194 ΠΙ,
1381 2154 1411 2191 3,
1446 2153 1502 2183 11;
1536 2152 1576 2183 de

907 2200 1027 2240 quibus
1067 2200 1162 2240 cupio
1201 2200 1287 2229 scire
1324 2198 1406 2238 quid
1435 2199 1573 2228 sentias.

906 2244 1037 2283 Egone,
1069 2245 1214 2284 quaeris,
1245 2245 1366 2284 inquit,
1399 2242 1478 2283 quid
1499 2253 1576 2273 sen-

909 2290 1010 2319 tium?

951 2343 1016 2364 non
1043 2335 1217 2364 verborum
1240 2343 1359 2375 parm,
1384 2332 1445 2363 sed
1460 2342 1573 2364 rerunt

905 2388 1096 2421 permagna
1118 2378 1295 2409 dissensio.
1330 2377 1438 2409 Ueber
1460 2378 1571 2408 diesen

909 2423 1133 2464 Streitpunkt,
1163 2424 1222 2453 der
1251 2422 1320 2453 hier
1346 2423 1433 2453 nicht
1455 2422 1575 2452 weiter

909 2470 1056 2499 erortert
1080 2468 1213 2498 werden
1238 2467 1338 2506 kann,
1363 2467 1406 2497 ist
1426 2470 1575 2497 nainent-

908 2514 971 2544 lieh
999 2514 1056 2544 ‹las
1080 2513 1179 2544 dritte
1204 2513 1267 2543 und
1294 2512 1400 2543 vierte
1424 2511 1510 2542 Buch
1534 2510 1574 2542 de

907 2558 1047 2590 Finibus
1065 2558 1300 2588 naehzulesen:
1320 2557 1501 2587 besonders
1519 2555 1572 2597 lv,

907 2602 948 2633 22
970 2602 1002 2634 ff.
