1684 2819
676 178 754 211 LIB.
773 178 797 211 J.
836 177 927 211 CAP.
946 177 999 210 25.
1489 181 1541 221 69

252 282 332 321 Nec
351 293 441 320 vero
464 281 661 329 audiendi,
688 282 753 333 qui
775 281 938 332 graviter
963 281 1210 321 irascendum
1239 281 1404 320 inimicis
1427 289 1541 334 puta-

138 339 234 378 bunt
254 338 367 390 idque
388 338 624 389 magnanimi
647 343 683 376 et
703 338 814 377 sortis
840 338 910 376 viri
938 351 1023 377 esse
1052 338 1273 377 censebunt.
1314 338 1415 377 Nihil
1440 340 1543 378 enim

137 395 382 441 laudabilius,
417 394 510 433 nihil
538 407 680 445 magno
710 400 746 433 et
773 395 972 446 praeclaro
999 395 1080 433 viro
1110 394 1264 445 dignius
1291 394 1545 445 placabilitate

137 456 252 502 atque
274 451 484 490 clementia.
525 451 568 489 In
589 451 719 490 liberis
740 463 829 490 vero
851 451 1007 502 populis
1034 457 1071 490 et
1097 451 1136 489 in
1163 451 1258 489 iuris
1280 451 1544 502 aequabilitate

137 507 348 547 exercenda
369 508 484 546 etiam
505 515 563 546 est
584 507 740 546 facilitas
762 514 799 546 et
819 508 977 546 altitudo
999 508 1116 546 animi
1140 520 1234 559 quae
1256 507 1407 554 dicitur,
1430 520 1489 555 ne,
1512 508 1545 546 si

136 564 350 603 irascamur
371 569 437 603 aut
466 563 733 615 intempestive
754 564 1023 603 accedentibus
1046 570 1111 603 aut
1136 564 1382 614 impudenter
1400 576 1545 615 rogan-

136 620 252 667 tibus,
275 620 314 660 in
334 621 604 659 morositatem
624 620 797 658 inutilem
819 625 856 658 et
878 620 1055 659 odiosam
1078 620 1307 659 incidamus.
1348 620 1396 658 Et
1415 626 1545 659 tamen

135 676 185 715 ita
206 677 406 728 probanda
428 682 487 715 est
506 677 766 715 mansuetudo
789 682 902 727 atque
925 677 1142 721 clementia,
1170 682 1213 715 ut
1242 676 1468 715 adhibeatur
1488 676 1544 715 rei

136 733 309 784 publicae
332 745 445 772 causa
466 733 657 778 severitas,
683 732 765 771 sine
783 745 857 783 qua
875 732 1136 771 administrari
1155 733 1285 771 civitas
1303 744 1383 771 non
1401 738 1544 784 potest.

137 789 273 828 Omnis
309 794 434 828 autem
464 795 502 827 et
533 789 816 827 animadversio
845 794 881 827 et
910 789 1108 839 castigatio
1146 789 1380 827 contumelia
1413 801 1545 828 vacare

136 845 249 884 debet
269 857 394 896 neque
416 845 464 883 ad
485 845 580 891 eius,
604 845 669 896 qui
690 845 851 896 punitur
872 844 1036 895 aliquem
1054 850 1118 883 aut
1134 844 1259 883 verbis
1283 845 1452 894 castigat,
1477 845 1544 884 sed

135 901 182 940 ad
202 901 257 939 rei
278 901 453 952 publicae
478 901 679 940 utilitatem
702 901 847 940 referri.
892 902 1112 940 Cavendum
1136 906 1194 940 est
1215 901 1329 939 etiam
1350 913 1399 939 ne
1420 901 1544 940 maior

135 969 260 1008 poena
282 970 397 1009 quam
420 958 530 1008 culpa
552 958 601 996 sit
622 963 658 995 et
677 969 725 996 ne
746 957 886 996 iisdem
910 958 956 996 de
985 958 1112 996 causis
1136 957 1196 996 alii
1226 958 1457 1008 plectantur,
1486 957 1546 996 alii

135 1026 184 1052 ne
211 1014 450 1064 appellentur
478 1014 645 1065 quidem.
693 1014 940 1053 Prohibenda
969 1019 1098 1052 autem
1133 1014 1299 1052 maxime
1335 1020 1393 1052 est
1422 1014 1478 1052 ira
1506 1015 1546 1052 in

136 1070 345 1120 puniendo.
382 1070 601 1121 Numquam
619 1070 720 1108 enim
742 1070 862 1108 iratus
886 1070 950 1120 qui
967 1070 1119 1108 accedet
1140 1070 1185 1109 ad
1207 1082 1375 1120 poenam
1392 1069 1545 1108 medio-

137 1126 310 1164 critatem
337 1126 440 1164 illam
468 1126 628 1173 tenebit,
664 1139 760 1177 quae
791 1132 850 1165 est
876 1127 975 1165 inter
1003 1126 1167 1164 nimium
1195 1131 1232 1163 et
1259 1138 1419 1176 parum,
1449 1139 1546 1176 quae

1571 294 1613 326 88

1573 911 1614 944 89

136 1182 259 1233 placet
285 1182 550 1232 Peripateticis
580 1188 615 1220 et
641 1188 744 1221 recte
772 1182 912 1232 placet,
939 1183 1059 1220 modo
1086 1194 1133 1221 ne
1162 1182 1362 1220 laudarent
1390 1182 1544 1220 iracun-
1573 1200 1576 1201 ⁷

137 1238 238 1277 diam
266 1244 302 1276 et
329 1238 498 1276 dicerent
526 1238 671 1277 utiliter
692 1252 711 1277 a
734 1243 869 1277 natura
900 1239 1040 1277 datam.
1083 1238 1147 1276 Illa
1176 1250 1264 1276 vero
1294 1238 1476 1276 omnibus
1506 1239 1545 1276 in

135 1294 250 1332 rebus
272 1294 510 1344 repudianda
534 1300 591 1333 est
608 1295 898 1345 optandumque
920 1300 962 1333 ut
982 1294 1019 1339 ii,
1051 1295 1115 1345 qui
1133 1300 1319 1345 praesunt
1342 1295 1394 1332 rei
1417 1294 1544 1345 publi-

137 1363 220 1396 cae,
247 1350 373 1401 legun-1
395 1350 537 1389 similes
560 1351 653 1397 sint,
682 1363 777 1401 quae
799 1351 845 1389 ad
868 1351 1108 1402 puniendum
1130 1363 1212 1389 non
1234 1351 1447 1393 iracundia,
1477 1351 1545 1389 sed

137 1407 325 1457 aequitate
348 1408 553 1446 ducuntur.

184 1516 236 1548 88.
260 1520 387 1549 inimici
400 1533 445 1544 =
462 1518 658 1558 adversarii,
677 1519 729 1549 (lie
743 1528 802 1560 po-

137 1562 289 1593 litischen
308 1562 457 1603 Gegner3
484 1574 546 1594 nur
563 1574 626 1594 von
645 1564 740 1594 ibnen
759 1563 803 1594 ist

139 1607 190 1638 die
208 1606 309 1638 Rede.

182 1654 373 1684 censebunt.
407 1652 491 1683 Dass
510 1652 624 1684 Cicero
644 1653 732 1684 nicht
751 1657 801 1684 et-

137 1707 188 1728 wa
218 1698 289 1728 eine
318 1697 503 1728 bestimmte
537 1698 801 1739 philosophische

138 1742 258 1773 Schule
277 1742 318 1773 i1n
337 1742 437 1773 Sinne
462 1743 533 1783 hat,
560 1743 650 1783 zeigt
670 1743 727 1774 das
752 1742 803 1773 fu—

137 1791 259 1818 turum.

181 1832 324 1864 altitudo
337 1834 448 1875 animi,
466 1833 524 1863 d.i.
538 1829 716 1874 βαθύτηςς
736 1843 804 1863 was

137 1878 297 1908 darunter
315 1888 355 1908 zu
372 1878 550 1909 verstehen
571 1878 636 1915 sei,
657 1878 746 1918 zeigt
763 1878 803 1909 ad

136 1922 238 1953 Attio.
256 1922 296 1961 V,
319 1922 368 1962 10,
389 1922 407 1953 3
433 1924 499 1953 etsi
519 1922 599 1954 llaec
622 1924 698 1966 ipsa
715 1923 802 1964 sero

126 1968 267 2009 fronte,
292 1970 331 1998 ut
344 1970 427 2011 puto
446 1970 479 1999 et
496 1967 582 2009 volo,
612 1967 801 2007 bellissime,

137 2012 198 2044 sed
214 2023 324 2055 angor
340 2014 471 2044 intimis
489 2013 652 2045 sensibus.
671 2031 715 2036 ——
733 2012 802 2044 Ita-

137 2069 199 2100 que
229 2058 440 2090 admirabere
462 2068 573 2089 meam
601 2054 800 2099 βαθύῖητα,

137 2113 213 2135 cum
251 2103 336 2134 salvi
371 2103 592 2135 redierimus:
638 2103 709 2134 also
750 2103 801 2134 die

137 2146 247 2178 Runst
264 2148 354 2178 seiae
370 2147 510 2179 Gefiihle
526 2159 566 2179 zu
580 2148 802 2179 beherrschen

138 2193 202 2223 und
221 2203 261 2223 zu
279 2193 463 2233 verbergeu
482 2193 521 2224 ad
539 2193 639 2224 Attio.
654 2192 709 2231 IV,
730 2193 760 2233 o,
783 2192 801 2222 3

136 2237 198 2269 sed
213 2237 399 2269 mehercule
414 2238 599 2281 incipiendo
618 2238 746 2280 refugi,
763 2248 804 2268 ne

137 2283 218 2325 quid
231 2282 343 2314 videar
357 2283 459 2314 stulte
471 2283 560 2315 illias
573 2285 803 2326 intemperiem

137 2340 202 2360 ηοη
222 2328 353 2369 tulisse,
379 2338 501 2360 rursus
523 2328 626 2360 stulte
643 2330 800 2360 iniuriam

136 2373 225 2406 illius
237 2374 368 2415 faciam
384 2373 561 2415 illustrem,
579 2376 611 2405 si
625 2373 707 2414 quid
719 2375 804 2405 scri-

136 2429 252 2460 psero,
284 2421 317 2450 et
343 2419 445 2450 simul
469 2430 511 2450 ne
532 2415 693 2460 βαθύ-[ης
716 2430 802 2459 mea,

140 2473 223 2503 quae
243 2465 276 2494 in
299 2463 430 2505 agendo
454 2465 631 2507 apparuit,
661 2466 693 2495 in
717 2466 803 2496 scri-

140 2507 242 2539 bendo
251 2510 296 2540 sit
305 2510 480 2541 oculatior.
491 2510 566 2549 Vgl.
577 2509 615 2540 de
625 2515 708 2551 part.
720 2514 803 2541 orat.

140 2552 194 2593 22,
213 2553 265 2593 77,
291 2563 342 2584 wo
368 2554 550 2586 liberalitas
575 2555 637 2585 und
661 2554 804 2587 altitudo

140 2599 244 2630 (ιιιίηιί
255 2598 303 2630 als
317 2597 518 2632 Unterarten
531 2601 590 2631 der
607 2599 805 2642 magnitudo

875 1520 981 1549 {azimi
1001 1517 1193 1558 angegeben
1218 1519 1363 1549 werden.
1402 1517 1544 1550 altitudo

875 1565 1004 1605 ingenii
1019 1563 1099 1593 Sall.
1118 1562 1186 1603 lug.
1206 1563 1259 1604 95,
1279 1562 1310 1594 3.

922 1623 968 1654 ad
984 1624 1072 1663 eius,
1098 1625 1155 1665 qui
1173 1624 1319 1667 punitur
1337 1623 1406 1655 atil.
1439 1623 1544 1655 Trotz

877 1668 1333 1710 deshierausgesproehenen
1349 1668 1545 1700 Grundsaz-

879 1724 935 1744 zes
956 1713 1059 1744 findet
1077 1723 1113 1744 es
1129 1712 1194 1745 Cic.
1214 1713 1471 1754 gerechtfertigt
1494 1713 1544 1754 (ll,

881 1759 931 1797 14,
951 1759 1016 1798 50),
1035 1758 1111 1789 dass
1129 1758 1181 1789 die
1199 1758 1316 1789 beiden
1334 1758 1477 1799 Luculli,
1492 1769 1545 1790 um

877 1804 945 1835 sich
976 1814 1016 1834 zu
1046 1803 1184 1843 r'zichen,
1205 1803 1274 1834 'den
1300 1803 1463 1835 Servilius
1487 1813 1545 1834 an-

876 1848 1007 1888 klagen.

923 1907 976 1939 Sa.
1009 1908 1178 1951 appellare
1196 1909 1373 1948 eigentlich
1397 1911 1544 1947 malmen,

876 1964 912 1985 so
930 1954 1102 1997 appellare
1119 1953 1159 1985 (le
1173 1956 1326 1996 pecunia.
1357 1964 1416 1995 pro
1436 1955 1456 1985 l.
1474 1964 1544 1994 agr.

875 1997 1035 2040 II§.1oo
1059 2010 1080 2029 a
1100 2009 1154 2029 me
1175 2002 1294 2041 petere
1322 1999 1411 2041 quod
1432 1998 1544 2040 debeo,

875 2055 928 2075 me
955 2046 1068 2087 ipsum
1095 2044 1264 2087 appellare
1287 2044 1424 2075 (lebetis.
1465 2044 1546 2074 Hier

876 2089 919 2120 ist
929 2099 963 2120 es
978 2089 1207 2129 allgemeiner:
1224 2088 1545 2128 ,zm-Rechenschaft

877 2135 1016 2173 ziehen⁸,
1035 2134 1101 2172 vgl.
1118 2134 1157 2163 de
1173 2134 1194 2163 l.
1209 2143 1278 2172 agr.
1294 2132 1331 2173 ll,
1348 2133 1401 2173 24,
1417 2132 1459 2163 64
1477 2143 1542 2164 ηοη

876 2181 1034 2210 consuevi
1054 2179 1205 2209 homines
1229 2179 1408 2220 superbius
1432 2177 1545 2221 appel-

876 2224 947 2255 lare
972 2223 1130 2263 (liel'tiger
1153 2223 1325 2261 anlassen)
1351 2225 1419 2254 nisi
1440 2223 1543 2254 laces-

876 2271 973 2300 sitas.

921 2328 1205 2360 mediam-uatem.-
1246 2327 1456 2359 hekanntlicb
1490 2339 1544 2359 er-

877 2374 967 2406 kl'art
991 2374 1193 2406 Aristoteles
1219 2373 1298 2413 jede
1325 2372 1462 2413 Tugend
1491 2372 1545 2404 fiir

878 2420 950 2451 eine
970 2418 1064 2450 Mitte
1083 2419 1247 2450 zwischen
1265 2417 1283 2448 2
1298 2418 1450 2449 Fehlern.
1476 2418 1546 2449 Fiir

877 2465 935 2496 das
959 2464 1130 2504 Folgendc
1155 2474 1180 2494 s.
1206 2463 1304 2494 Tusc.
1327 2462 1383 2502 IV,
1413 2462 1471 2503 19,
1503 2462 1545 2494 43

880 2509 969 2549 Quid
997 2509 1086 2552 qaod
1111 2509 1210 2540 iidem
1229 2508 1447 2551 Peripatetici
1468 2518 1544 2551 per-

880 2557 1093 2587 turbationes
1118 2556 1218 2595 istas,
1244 2564 1326 2595 quas
1348 2564 1410 2584 7103
1437 2555 1546 2585 extir—

876 2600 1010 2643 pandas
1024 2603 1197 2644 putamus,
1215 2609 1280 2631 non
1294 2597 1392 2630 modo
1406 2600 1547 2630 natura-
