1684 2819
173 186 224 227 78
643 185 699 217 DE
725 186 906 219 NATURA
934 185 1115 219 DEORUM

172 300 247 339 que
275 299 436 327 necesse
465 292 535 324 est.
577 286 786 337 Adiungis,
814 298 886 326 nec
912 287 1100 326 rationem
1128 301 1214 326 esse
1241 288 1315 326 nisi
1344 288 1383 326 in
1411 287 1581 326 hominis

171 345 303 395 figura.
345 344 469 390 Quem
498 341 564 380 tibi
591 342 668 380 hoc
696 343 875 382 daturum
903 341 1046 394 putas?
1087 344 1128 382 Si
1149 344 1251 382 enim
1273 344 1323 383 ita
1343 350 1466 390 esset,
1490 343 1581 394 quid

171 413 272 452 opus
288 406 370 438 erat
385 404 421 438 te
442 398 627 449 gradatim
644 398 744 438 istuc
761 397 989 450 pervenire?
1011 400 1250 450 sumpsisses
1268 406 1335 439 tuo
1352 401 1444 439 iure.
1477 400 1578 447 Quid

172 463 299 495 autem
321 461 379 494 est
399 455 499 494 istuc
520 454 777 505 gradatim?
814 455 911 494 Nam
934 468 955 494 a
975 454 1098 494 beatis
1120 456 1166 495 ad
1188 457 1379 503 virtutem,
1401 470 1421 495 a
1443 456 1582 495 virtute

171 513 218 551 ad
245 512 436 551 rationem
466 512 574 550 video
602 517 639 550 te
667 512 818 550 venisse
846 511 1041 562 gradibus.
1083 512 1114 550 Α
1134 512 1282 550 ratione
1303 513 1349 551 ad
1370 513 1581 551 humanam

173 570 335 619 liguram
363 581 440 619 quo
468 568 587 606 modo
611 567 790 607 accedis?
830 568 1086 619 Praecipitare
1107 567 1207 607 istuc
1229 568 1383 619 quidem
1406 575 1480 617 est,
1501 581 1581 608 non

101 631 143 663 90
174 625 418 664 descendere.
459 624 536 663 Nec
563 637 652 663 vero
676 624 863 676 intelligo,
894 637 961 664 cur
982 624 1159 663 maluerit
1179 624 1371 675 Epicurus
1393 625 1486 664 deos
1508 626 1581 664 ho-

170 681 321 720 minum
345 680 488 720 similes
511 681 636 720 dicere
658 693 772 733 quam
794 681 974 720 homines
998 681 1173 720 deorum.
1207 682 1388 728 Quaeres,
1410 681 1499 732 quid
1521 682 1581 720 in—

172 738 298 776 tersit:
322 737 354 776 si
376 738 478 776 enim
500 738 576 776 hoc
597 737 645 776 illi
667 738 792 776 simile
815 738 876 784 sit,
900 751 986 777 esse
1008 737 1095 776 illud
1119 737 1218 776 huic.
1258 737 1397 783 Video:
1421 737 1487 776 sed
1508 738 1583 776 hoc

172 794 277 841 (lico,
314 806 394 832 non
427 794 473 833 ab
505 794 731 834 hominihus
761 796 907 833 formae
935 796 1097 844 liguram
1125 794 1278 833 venisse
1305 794 1350 832 ad
1381 793 1495 832 deos:
1533 793 1582 832 dii

171 851 274 889 enim
311 863 466 902 semper
492 851 665 898 fuerunt3
701 851 781 890 nati
808 863 1021 902 numquam
1051 856 1157 897 sunt,
1193 851 1225 889 si
1254 850 1410 901 quidem
1440 849 1583 889 aeterni

173 912 264 945 sunt
290 907 426 955 futuri:
454 913 491 946 at
516 908 695 945 homines
724 907 822 946 nati:
851 913 937 946 ante
968 907 1082 958 igitur
1103 908 1270 946 humana
1293 908 1438 952 forma,
1469 919 1583 957 quam

172 963 370 1011 homines,
393 977 447 1010 ea,
471 976 543 1014 qua
566 969 673 1002 erant
696 965 818 1002 l'orma
841 964 891 1002 dii
914 964 1164 1002 immortales.
1207 963 1294 1001 Non
1316 976 1407 1013 ergo
1429 963 1581 1002 illorum

171 1020 342 1058 humana
372 1021 517 1067 forma,
548 1020 616 1058 sed
638 1026 772 1059 nostra
795 1020 919 1058 diviua
940 1020 1102 1058 dicenda
1125 1025 1194 1058 est.
1238 1020 1378 1058 Verum
1401 1019 1477 1058 hoc
1497 1019 1582 1070 qui—

173 1076 280 1123 dem,
317 1081 359 1114 ut
384 1076 539 1114 voletis:
572 1075 663 1114 illud
692 1088 851 1127 quaere,
887 1088 983 1127 quae
1012 1075 1125 1114 suerit
1152 1081 1254 1114 tanta
1283 1077 1438 1114 fortuna
1467 1075 1583 1122 (nihil

173 1133 275 1171 enim
305 1132 453 1171 ratione
481 1133 519 1170 in
541 1145 671 1171 rerum
699 1138 832 1171 natura
855 1133 997 1171 sactum
1019 1145 1105 1171 esse
1127 1132 1264 1181 vultis)
1287 1155 1343 1159 ὑ
1365 1131 1431 1170 sed
1455 1137 1584 1170 tamen

102 1192 141 1224 91
176 1188 261 1239 quis
286 1189 358 1227 iste
379 1194 507 1227 tantus
531 1187 673 1228 casus?
701 1189 803 1228 unde
826 1195 903 1228 tam
927 1189 1013 1227 l'elix
1036 1201 1251 1227 concursus
1274 1194 1516 1235 atomorum,
1544 1194 1585 1226 ut

170 1251 328 1296 repente
361 1245 539 1284 homines
571 1246 733 1284 deorum
763 1246 887 1284 forma
915 1244 1195 1283 nascerentur?
1236 1245 1392 1283 Semina
1420 1245 1583 1283 deorum

172 1301 360 1340 decidisse
389 1302 434 1340 de
463 1302 565 1340 caelo
594 1307 775 1352 putamus
806 1302 843 1340 in
874 1308 994 1340 terras
1018 1308 1054 1339 et
1075 1301 1129 1340 sic
1150 1301 1329 1339 homines
1353 1306 1506 1352 patrum
1529 1301 1583 1338 si-

170 1358 280 1396 miles
308 1356 530 1396 exstitisse?
573 1358 711 1396 Ycllem
738 1358 934 1403 diceretis:
963 1358 1126 1396 deorum
1156 1357 1425 1407 cognationem
1462 1370 1583 1407 agno-

173 1426 320 1452 scerem
348 1426 429 1453 non
450 1414 604 1452 invitus.
646 1414 746 1453 Nihil
775 1415 846 1453 tale
874 1415 1019 1458 dicitis,
1050 1415 1117 1452 sed
1142 1427 1232 1452 casu
1259 1427 1344 1452 esse
1366 1414 1520 1458 sactum,
1543 1419 1583 1452 ut

171 1483 346 1509 essemus
375 1470 523 1509 similes
552 1470 727 1509 deorum.
769 1471 815 1509 Et
852 1483 955 1509 nunc
982 1476 1206 1521 argumenta
1236 1469 1451 1521 quaerenda
1480 1475 1582 1515 sunt,

171 1527 311 1577 quibus
340 1527 416 1566 hoc
443 1525 664 1566 refellatur?
707 1527 859 1566 Utinam
884 1533 961 1566 tam
984 1527 1090 1565 fai-ile
1112 1540 1198 1565 vera
1221 1526 1390 1564 invenire
1411 1538 1584 1577 possem,

91 1578 144 1619 33
172 1596 287 1634 quam
325 1584 416 1622 salsa
452 1584 691 1622 convincere.
732 1584 885 1622 Etenim
922 1583 1155 1622 enumerasti
1193 1583 1418 1621 memoriter
1453 1588 1489 1621 et
1517 1595 1584 1621 co-

216 1700 284 1740 32.
324 1706 377 1739 59.
403 1709 611 1751 sumpsisses
650 1718 676 1738 s.
721 1717 752 1738 v.
791 1708 841 1738 als

169 1763 304 1784 sumet-e
330 1755 469 1796 poteras
500 1753 551 1784 od.
582 1752 742 1789 debebas,
778 1752 841 1783 wie

169 1803 269 1829 unten
288 1797 339 1836 Ill,
360 1797 411 1838 31,
428 1796 468 1827 76
483 1797 645 1829 dedisses.
672 1798 705 1829 S.
721 1797 841 1839 Zumpt

171 1841 227 1873 Gr.
245 1842 277 1884 ξ.
297 1842 361 1873 529
380 1842 472 1873 Anm.
506 1842 639 1881 Madvig
658 1853 697 1873 zu
714 1842 781 1873 Cic.
800 1843 839 1873 de

169 1886 264 1919 Finn.
291 1887 325 1926 ll,
354 1887 404 1925 12,
431 1886 483 1917 35.
520 1887 633 1918 mat-ke
658 1898 698 1918 zu
724 1887 836 1918 Valer.

170 1932 250 1964 Cato
270 1943 298 1974 p.
321 1932 393 1963 161.
426 1931 575 1972 &Vagner
593 1943 633 1963 zu
648 1931 739 1972 Vir-g.
756 1935 836 1963 Aen.

168 1976 224 2015 lv,
243 1977 319 2008 (378.

214 2023 268 2053 90.
284 2023 430 2063 formae
438 2022 612 2064 figuram:
632 2020 683 2052 die
699 2022 839 2061 llildung

169 2068 227 2099 der
251 2066 399 2105 Gemit,
429 2067 491 2097 wie
520 2066 655 2098 Lucret.
686 2066 746 2106 lv,
777 2067 835 2097 GT:

171 2116 314 2144 veterem
332 2113 479 2153 sol-mae
507 2122 644 2143 servm-e
667 2112 837 2154 figuram.

168 2158 267 2189 *lenes
308 2157 464 2188 bedeutet
499 2157 580 2187 wohl
620 2156 671 2187 dic
706 2157 838 2189 Gestalt

170 2204 250 2233 nach
264 2203 336 2233 dem
352 2201 689 2243 Gesammteindruck,
708 2203 769 2234 den
789 2203 836 2234 sie

169 2249 289 2287 maclit,
310 2248 421 2278 dieser
437 2248 615 2289 specieller
631 2247 682 2277 die
702 2248 837 2288 Bildung

169 2293 233 2323 und
252 2293 484 2324 ven-hiiltnisse
503 2293 562 2323 der
580 2291 706 2324 Tlieile.

216 2349 253 2369 ea
271 2349 335 2380 qim
352 2339 580 2379 erunt‘l'nrma
593 2337 647 2368 dii.
681 2338 743 2369 llas
760 2348 836 2368 vor—

170 2384 558 2424 lwrgegangcm·somna
576 2382 658 2413 wir-d
678 2383 717 2413 im
738 2382 836 2414 Rela-

170 2428 291 2459 tivsatz
321 2429 380 2459 (ler
407 2430 582 2467 griisseren
614 2426 838 2460 Deutliclikeit

169 2484 282 2513 wegen
302 2473 513 2507 wiederliolt,
540 2473 601 2503 wie.
622 2473 746 2511 liiiuligz
774 2474 836 2504 und

170 2519 246 2549 dass
265 2519 386 2549 vorlici·
410 2519 490 2549 auch
515 2518 572 2548 das
593 2517 779 2548 Demonstr.
799 2529 838 2549 ea

169 2564 271 2604 steht,
298 2564 426 2594 liindert
445 2563 555 2594 solche
574 2562 834 2602 wiederholung

170 2609 265 2651 nieht,
282 2609 343 2640 wie
359 2609 495 2640 Jemand
509 2608 652 2648 gemeint
666 2607 732 2639 hat.
761 2607 834 2647 vgi.

916 1708 1011 1738 Caes.
1023 1707 1056 1738 B.
1066 1706 1105 1738 G.
1120 1706 1143 1747 l,
1159 1706 1210 1748 49,
1228 1707 1260 1738 l:
1277 1706 1364 1738 ultra
1377 1716 1453 1738 eum
1466 1706 1583 1746 locum,

915 1763 978 1794 (μω
1008 1753 1040 1783 t'n
1067 1752 1138 1784 loeo
1164 1750 1324 1784 Germani
1349 1750 1582 1783 consederant.

916 1797 981 1828 Cic.
1004 1797 1034 1828 in
1054 1797 1151 1828 Catil.
1171 1796 1222 1837 ΙΙΙ,
1245 1797 1300 1833 10,
1321 1795 1379 1827 25;
1397 1798 1429 1827 in
1448 1796 1509 1828 lzoc
1525 1806 1585 1827 au-

915 1845 981 1873 tem
997 1853 1062 1874 ιιηο
1077 1842 1168 1883 bollo,
1184 1842 1279 1884 quale
1293 1841 1424 1873 bellum.
1443 1852 1491 1884 pr.
1506 1842 1583 1872 Clu-

915 1892 980 1918 ent.
993 1898 1019 1918 c.
1032 1887 1072 1917 54
1088 1887 1130 1918 in.
1149 1887 1207 1918 lea·
1220 1898 1269 1925 etz,
1285 1897 1348 1928 qua
1361 1886 1444 1927 lege.
1473 1886 1582 1917 Eheu-

914 1942 950 1962 ευ
976 1932 1017 1962 ib.
1043 1932 1103 1971 57,
1134 1931 1206 1963 luti.
1225 1933 1264 1963 de
1290 1942 1325 1961 re
1349 1931 1436 1972 publ.
1465 1931 1497 1970 l,
1523 1930 1583 1961 26:

910 1977 956 2007 ad
983 1987 1054 2008 eam
1086 1988 1240 2007 caussam
1273 1975 1491 2017 resin-endum
1523 1978 1582 2018 esi,

911 2032 995 2063 quae
1013 2032 1134 2053 caussa
1147 2023 1270 2063 gennit
1287 2023 1468 2052 eie-italam.

954 2069 1118 2109 putamus
1128 2070 1141 2097 3¹
1165 2067 1278 2097 Sollen
1303 2066 1365 2096 wir
1383 2071 1469 2097 etwa
1487 2066 1581 2106 glau-

911 2111 995 2143 ben?
1033 2112 1098 2143 Der
1124 2111 1283 2143 indicativ
1309 2111 1339 2141 in
1371 2111 1581 2151 dergleichen

911 2156 1040 2197 Fragen
1057 2157 1099 2188 ist
1115 2157 1202 2188 niclit
1217 2157 1333 2188 seiten.
1366 2155 1441 2195 x'gl.
1459 2156 1497 2187 de
1512 2155 1583 2187 Div.

910 2201 948 2241 ll,
965 2202 995 2241 9,
1015 2202 1075 2232 23:
1096 2202 1177 2244 qm'd
1193 2213 1269 2234 vero
1289 2201 1468 2233 Caesarem
1483 2204 1582 2244 puta—

912 2258 988 2278 mus
1006 2250 1071 2278 -Υ
1088 2248 1128 2278 de
1147 2247 1208 2279 Off.
1230 2247 1264 2288 H,
1286 2247 1314 2284 7,
1333 2246 1390 2277 25:
1410 2246 1492 2288 quid
1507 2256 1581 2277 cen-

911 2303 980 2323 sem
988 2303 1028 2323 us
1046 2295 1111 2323 ἡ-ἷ’
1129 2293 1169 2323 ib.
1191 2292 1239 2329 11,
1259 2293 1317 2322 40:
1336 2294 1496 2333 qmmtum
1512 2292 1583 2322 eius

914 2339 978 2369 w'm
1001 2339 1080 2378 sore
1102 2340 1289 2381 putamus?
1321 2347 1369 2367 or.
1395 2346 1442 2378 pr.
1467 2336 1581 2367 Scaur.

912 2383 943 2424 ξ.
976 2383 1033 2414 43ε
1068 2393 1165 2424 quam
1197 2382 1290 2414 valde
1320 2392 1392 2412 eam
1419 2384 1580 2423 putamus

913 2430 1083 2459 enacm'sse
1092 2431 1105 2458 1‘

959 2465 1026 2503 33.
1061 2472 1112 2503 91.
1147 2473 1360 2510 memoriter,
1393 2471 1493 2510 nieht,
1518 2471 1580 2501 wie

910 2517 1114 2557 gewiilinlicli
1169 2516 1294 2547 erkliirt
1350 2516 1431 2546 wird
1449 2540 1456 2547 .
1509 2526 1579 2547 aus

911 2562 994 2593 dem
1014 2561 1311 2596 Gediiclitniss,
1339 2561 1481 2592 sondern
1509 2561 1580 2591 mit

912 2612 973 2639 tre
987 2617 1070 2639 uem
1086 2606 1374 2647 Gediichtuiss,
1389 2606 1492 2637 ohne
1507 2605 1579 2637 Et-
