1684 2819
141 640 194 684 13

218 165 296 205 130
725 166 881 200 Linea
900 167 958 199 ιιι.
988 167 1041 208 13,
1063 167 1118 199 25.

216 288 406 335 tyrannus
438 279 642 334 Syracusis
672 280 862 333 expulsus
894 281 1074 322 Corinthi
1105 295 1246 335 pueros
1279 281 1467 331 docebat,
1502 294 1626 334 usque

213 352 259 377 eo
282 337 446 391 imperio
469 349 606 377 carere
628 350 707 376 non
730 343 900 390 poterat.
942 337 1157 391 Tarquinio
1180 352 1275 378 vero
1306 338 1394 391 quid
1426 337 1626 391 impuden-

214 394 305 443 tius,
340 393 405 445 qui
437 393 580 433 bellum
612 400 772 446 gereret
793 407 880 433 eum
902 393 966 443 iis,
1001 395 1063 446 qui
1087 394 1172 435 eius
1194 409 1272 434 non
1296 396 1465 435 tulerant
1488 407 1625 448 super-

213 450 344 489 biam?
376 449 426 497 is,
463 463 579 502 quum
603 449 759 490 restitui
781 449 822 489 in
843 462 1009 502 regnum
1032 464 1103 490 nee
1124 450 1345 491 Veientium
1369 465 1441 491 nee
1464 451 1627 491 Latino-

212 520 298 546 rum
323 505 444 546 armis
466 506 673 560 potuisset,
694 505 838 547 Cumas
860 506 1074 547 contulisse
1096 519 1138 547 se
1161 507 1300 547 dieitur
1321 507 1439 561 inque
1462 521 1508 548 ea
1531 508 1627 547 urbe

213 562 324 602 senio
348 570 386 602 et
409 562 654 616 aegritudine
677 576 766 603 esse
789 564 1006 604 confectus.

326 640 407 680 Hoc
432 648 471 681 tu
501 641 622 695 igitur
652 655 792 683 censes
815 643 981 696 sapienti
1014 643 1194 683 accidere
1226 656 1357 695 posse,
1392 649 1434 682 ut
1455 643 1627 696 aegritu-

213 697 304 737 dine
328 699 585 751 opprimatur,
609 699 646 738 id
671 706 731 740 est
751 699 940 740 miseria?
968 698 1069 740 Nam
1092 713 1207 752 quum
1232 698 1360 738 omnis
1383 698 1626 752 perturbatio

212 754 372 795 miseria
391 762 465 804 est,
487 762 563 795 tum
579 755 808 796 earnificina
821 763 883 796 est
899 756 1120 809 aegritudo.
1147 755 1270 795 Habet
1290 756 1471 795 ardorem
1490 754 1625 804 libido,

211 810 413 851 levitatem
444 811 593 852 laetitia
625 812 825 868 gestiens,
860 813 1293 861 humilitatem1netus3
1329 811 1398 853 sed
1420 812 1627 865 aegritudo

209 868 362 908 maiora
385 869 591 921 quaedam,
617 869 761 919 tabem,
787 869 1017 919 cruciatum,
1042 869 1348 917 afflictationem,
1375 868 1624 918 foeditatem3

210 924 380 974 lacerat,
415 932 532 965 exest
552 926 723 966 animum
756 926 949 979 planeque
981 926 1152 967 coniicit.
1196 926 1304 966 Hane
1336 925 1410 965 nisi
1442 924 1626 965 exuimus

210 982 282 1031 sie,
308 989 351 1021 ut
372 981 618 1032 abiiciamus,
644 983 802 1023 miseria
825 996 963 1023 carere
985 997 1062 1023 non
1085 996 1307 1037 possumus.

323 1060 453 1114 Atque
476 1061 548 1101 hoe
572 1061 726 1114 quidem
750 1062 996 1115 perspicuum
1021 1068 1104 1111 est,
1143 1069 1222 1102 tum
1246 1060 1532 1115 aegritudinem
1555 1073 1627 1099 ex-

211 1117 375 1166 sistere,
402 1131 519 1170 quum
543 1117 632 1171 quid
655 1117 710 1158 ita
733 1118 859 1159 visum
880 1119 956 1169 sit,
991 1125 1035 1158 ut
1056 1132 1241 1171 magnum
1264 1117 1456 1171 quoddam
1479 1116 1624 1156 malum

211 1173 351 1214 adesse
384 1181 422 1213 et
452 1187 598 1228 urgere
622 1175 818 1216 videatur.
863 1175 1032 1230 Epicuro
1055 1182 1186 1215 autem
1219 1174 1366 1228 placet,
1401 1173 1625 1227 opinionem

210 1230 301 1270 mali
325 1231 610 1283 aegritudinem
636 1245 723 1272 esse
747 1240 904 1282 natura,
938 1240 994 1281 ut,
1031 1231 1250 1285 quicunque
1274 1232 1473 1271 intueatur
1494 1229 1534 1269 in
1555 1229 1626 1269 ali-

210 1287 313 1340 quod
337 1287 461 1328 maius
484 1288 654 1337 malum,
690 1289 722 1328 si
755 1289 793 1328 id
815 1288 889 1328 sibi
912 1289 1105 1329 accidisse
1128 1289 1331 1342 opinetur,
1367 1288 1417 1326 sit
1439 1286 1625 1326 continuo

208 1345 247 1384 iu
280 1344 542 1398 aegritudine.
590 1345 799 1399 Cyrenaici
831 1359 909 1385 non
943 1345 1046 1385 omni
1078 1345 1179 1385 malo
1211 1343 1495 1397 aegritudinem
1527 1342 1625 1382 effici

210 1408 395 1451 censent,
430 1402 497 1442 sed
520 1401 723 1455 insperato
747 1409 785 1442 et
806 1402 1041 1455 necopinato
1064 1402 1181 1442 malo.
1217 1402 1289 1441 Est
1311 1401 1346 1440 id
1370 1399 1523 1452 quidem
1547 1413 1625 1438 non

209 1457 407 1498 mediocre
429 1458 475 1498 ad
499 1458 786 1511 aegritudinem
808 1459 1049 1513 augendam3
1074 1457 1261 1498 videntur
1283 1458 1385 1497 enim
1409 1456 1539 1495 onmia
1562 1469 1625 1495 re-

210 1514 370 1568 pentina
392 1514 593 1567 graviora.
630 1515 692 1555 Ex
717 1515 791 1555 hoe
814 1522 853 1554 et
874 1515 942 1556 illa
963 1515 1049 1555 iure
1072 1514 1306 1554 laudantur:

248 1690 358 1720 nsque
385 1690 422 1710 co
450 1696 493 1702 -
521 1689 589 1711 11οη
626 1690 691 1720 „so
720 1679 879 1719 wenig“;

203 1725 270 1765 vgl.
294 1724 336 1755 lt.
358 1724 390 1764 o,
416 1724 477 1755 17:
499 1735 605 1766 qnam
625 1735 707 1756 non.

255 1769 452 1810 Tarquinio
489 1770 578 1811 quid
621 1770 878 1812 impudentius.

203 1813 278 1855 vgl.
310 1814 334 1846 1.
355 1815 397 1854 2,
419 1815 458 1845 5:
495 1816 586 1847 uilil'l
613 1817 880 1848 mathematicis

203 1860 398 1891 illasii-ius.

248 1912 310 1952 13.
340 1916 375 1947 id
393 1919 456 1947 esi.
493 1915 535 1945 So
554 1916 661 1948 Acad.
682 1916 706 1947 1.
724 1916 758 1955 2,
775 1917 817 1947 6:
846 1919 881 1948 si

202 1963 411 2004 Epicurum,
435 1960 473 1992 id
490 1965 557 2001 est,
583 1964 616 1992 si
633 1962 877 1994 mamm-itum

197 2008 403 2050 probarem.

248 2055 394 2084 miseria
421 2070 462 2074 —
491 2054 717 2093 carnificina.
763 2052 876 2084 Durch

202 2098 263 2129 den
284 2097 461 2129 Chiasmus
489 2098 571 2129 wird
603 2099 662 2130 der
688 2097 876 2139 Gegeusatz

201 2143 313 2175 dieser
338 2143 457 2174 beiden
484 2143 661 2175 Pra'dieate
693 2144 760 2184 (die
788 2143 878 2175 Stei-

200 2188 344 2230 gerung)
372 2189 454 2220 noch
475 2190 569 2221 mehr
586 2189 874 2230 hervei-gehoben.

248 2245 360 2276 Habet
386 2245 505 2284 „mhi-t
531 2246 591 2278 mit
611 2246 700 2286 sich,
729 2247 772 2278 ist
791 2251 875 2278 stets

198 2290 394 2322 verbunden
413 2292 473 2322 mit
491 2292 578 2323 —“.
608 2291 651 2322 So
671 2292 711 2323 ad
733 2291 812 2324 sain.
830 2291 871 2323 V.

203 2336 256 2376 12,
278 2337 316 2367 5:
348 2336 432 2367 l'iri
454 2337 661 2368 emeellentts
686 2348 790 2369 erasas
814 2338 875 2368 Ιια-

201 2383 281 2413 bont
298 2381 574 2413 admirationem
589 2407 596 2420 ,
628 2385 874 2424 ems-pectavo—

200 2437 288 2465 ιιθηι,
310 2426 501 2465 laetitiam,
525 2427 739 2468 molestiam,
759 2439 872 2470 spem,

201 2476 363 2504 timorem
378 2483 388 2510 ;
406 2472 471 2502 und
493 2471 594 2504 lister.

244 2519 389 2549 miseria
419 2527 555 2549 carere.
592 2516 669 2557 Vgl.
692 2517 717 2549 1.
740 2520 794 2558 36,
817 2518 873 2549 SR.

200 2563 331 2594 Ebeuso
351 2562 404 2601 18,
418 2563 472 2594 40:
493 2565 526 2594 si
542 2563 638 2596 malo
655 2567 789 2603 eareat,-
810 2564 875 2595 und

199 2609 235 2639 *11
255 2621 260 2639 :
285 2612 322 2640 ll!
343 2608 464 2640 dolore
483 2612 618 2640 eareat.

996 1678 1052 1710 28.
1088 1679 1205 1721 Atque
1234 1696 1278 1701 -
1304 1678 1463 1719 quidem,
1501 1675 1627 1709 Ueher—

949 1734 1037 1766 gang
1057 1734 1099 1756 zu
1121 1729 1227 1755 etwas
1241 1722 1379 1764 Neuem,
1405 1723 1467 1755 wie
1482 1721 1521 1754 V.
1536 1722 1570 1764 2,
1583 1724 1625 1754 6:

949 1771 1002 1802 Ae
1014 1769 1246 1812 philosophia
1266 1769 1421 1811 quidem.

995 1829 1047 1857 ita
1076 1828 1184 1857 visum
1213 1829 1280 1863 sit,
1309 1830 1350 1857 nt
1377 1844 1416 1849 —
1445 1825 1625 1857 videatur.

949 1870 1026 1911 vgl.
1047 1871 1087 1902 de
1106 1876 1194 1902 orat.
1209 1871 1264 1903 11¹.
1283 1872 1334 1910 lo,
1351 1872 1413 1902 39:
1432 1871 1495 1902 sed
1513 1871 1626 1901 usita-

951 1919 996 1948 tis
1015 1915 1163 1957 (verbis)
1182 1919 1233 1947 iia
1249 1919 1391 1957 poterit
1407 1919 1479 1955 uti,
1509 1916 1627 1946 lectis-

948 1963 1049 1993 simis
1067 1965 1110 1992 ut
1125 1965 1270 1993 utatur.

994 2010 1143 2038 natta-a:
1163 2007 1339 2049 ([υσικῶς,
1361 2016 1453 2047 „von
1470 2004 1622 2038 Natur‘ss

948 2053 1019 2084 also
1047 2052 1335 2092 ‚,n0thwen‹lig‘·‘.
1385 2050 1458 2093 vgl.
1484 2052 1537 2091 15,
1559 2051 1621 2082 32:

948 2097 1161 2139 (Epicurus)
1195 2101 1334 2137 censet,
1373 2107 1511 2128 neeesse
1537 2106 1622 2136 esse,

949 2153 1067 2175 omnes
1087 2146 1121 2174 ιἰι
1141 2143 1370 2186 aegritudine
1387 2153 1478 2182 esse,
1507 2144 1573 2184 qui
1587 2152 1624 2173 se

948 2191 984 2219 in
1004 2189 1107 2220 malis
1127 2200 1202 2220 esse
1221 2190 1456 2221 arbitrentur.
1483 2205 1528 2210 -—
1555 2186 1623 2218 Da-

947 2245 1051 2275 gegen
1073 2234 1250 2266 sehrieben
1271 2234 1325 2266 die
1340 2234 1496 2271 Stoiker,
1516 2233 1622 2264 denen

947 2280 1065 2312 Cicero
1093 2280 1200 2311 bierin
1228 2279 1331 2320 solgt,
1360 2280 1412 2311 die
1432 2278 1623 2320 aegritudo

947 2325 1018 2357 dem
1039 2325 1146 2357 freieu
1165 2325 1292 2357 wilton
1312 2336 1366 2356 zu.

993 2382 1200 2425 Cyrenaici,
1237 2392 1263 2413 s.
1296 2380 1337 2413 11.
1359 2382 1392 2419 6,
1416 2381 1454 2412 15
1482 2391 1522 2411 zu
1538 2381 1622 2412 Ari-

945 2430 1099 2469 sfippus.

991 2477 1027 2504 et
1046 2473 1108 2504 illa
1122 2487 1167 2498 =
1187 2474 1292 2503 etiam
1313 2471 1392 2507 Mla,-
1413 2470 1476 2501 wie
1493 2469 1544 2501 ΙΨ.
1563 2471 1618 2509 3-1,

948 2519 1007 2549 Τ3;
1040 2518 1151 2549 Probe
1177 2520 1209 2548 et
1235 2517 1310 2554 illm
1342 2516 1382 2546 ad
1408 2514 1447 2557 Q.
1472 2515 1513 2547 fr.
1537 2515 1560 2547 1,
1587 2515 1616 2552 1,

949 2564 988 2595 10
1007 2575 1040 2594 u.
1065 2564 1123 2595 12:
1156 2565 1193 2594 et
1209 2561 1311 2593 illud.
1357 2560 1400 2592 So
1430 2561 1480 2591 bei
1501 2560 1619 2593 Cicero

948 2610 1054 2641 seiten
1074 2620 1106 2640 u.
1129 2618 1190 2639 nur
1207 2617 1267 2639 vor
1285 2605 1438 2638 Pronom.
