1684 2819
141 146 219 186 160
606 143 769 177 LIBER
790 145 845 178 lll.
873 146 927 186 34,
949 146 1003 178 32.
1026 146 1079 178 ⁵33.

70 269 111 301 82
134 260 405 301 delectationis
435 265 542 299 sunt.
586 257 635 297 Et
665 264 794 298 tamen
809 289 819 308 ,
854 267 897 300 ut
918 260 1054 301 medici
1078 267 1160 300 toto
1184 273 1350 314 corpore
1373 260 1546 299 curando

67 891 109 923 83

137 317 322 358 minimae
345 317 460 356 etiam
484 313 611 368 parti,
636 314 669 355 si
693 315 918 365 condoluit,
944 317 1171 357 medentur.
1205 316 1260 357 sic
1284 316 1545 381 philosophia,

136 388 252 428 quum
277 373 503 412 universam
527 371 812 423 aegritudinem
835 372 1016 422 sustulit,
1047 373 1207 413 sustulit
1229 374 1369 423 etiam,
1406 373 1438 413 si
1463 373 1549 438 quis

137 444 251 471 error
280 428 459 469 alicunde
491 427 670 478 exstitit,
706 427 739 468 si
772 434 981 482 paupertas
1005 430 1240 478 momordit,
1275 431 1307 470 si
1331 431 1546 485 ignominia

138 486 313 541 pupugit,
337 485 369 525 si
392 484 480 537 quid
504 484 756 524 tenebrarum
780 485 915 525 offudit
939 485 1147 534 exsilium,
1174 492 1241 526 aut
1262 499 1422 536 eorum,
1447 500 1546 540 quae

136 544 250 582 modo
274 541 378 592 dixi,
414 542 447 582 si
477 541 568 594 quid
596 542 772 591 exstitit3
808 543 882 583 etsi
912 541 1154 595 singularum
1178 555 1310 583 rerum
1333 551 1426 584 sunt
1457 557 1547 597 pro·

136 600 245 652 priae
268 597 585 647 consolationes,
618 598 664 638 de
687 598 825 652 quibus
848 598 984 639 audies
1007 606 1047 639 tu
1072 599 1225 652 quidem
1243 628 1253 647 ,
1278 613 1394 652 quum
1416 600 1544 640 voles.

136 656 212 695 Sed
234 656 280 696 ad
303 655 468 695 eundem
493 656 637 695 fontem
662 657 939 696 revertendum
963 662 1046 706 est,
1082 656 1369 709 aegritudinem
1392 669 1547 696 omnem

135 712 272 766 procul
294 712 434 753 abesse
452 726 470 753 a
490 712 684 766 sapiente,
710 712 811 766 quod
834 713 963 753 inanis
981 713 1048 761 sit,
1075 713 1173 766 quod
1199 714 1344 753 frustra
1361 712 1550 767 suscipia-

135 777 214 819 tur,
241 769 341 822 quod
364 783 442 810 non
466 776 605 810 natura
628 769 851 820 exoriatur,
877 771 943 810 sed
967 769 1137 819 iudicio,
1164 769 1232 811 sed
1256 769 1454 823 opinione,
1480 770 1547 810 sed

137 827 303 879 quadam
334 825 569 866 invitatione
599 827 646 866 ad
678 826 908 876 dolendum,
951 841 1068 880 quum
1101 826 1137 866 id
1167 826 1462 868 decreverimus
1494 827 1547 867 ita

133 883 216 923 lieri
240 890 436 937 oportere.
463 883 546 923 Hoc
569 883 762 932 detracto,
779 884 878 937 quod
899 891 1021 924 totum
1040 891 1100 924 est
1117 883 1398 933 voluntarium,
1419 885 1548 937 aegri-

135 940 226 980 tudo
249 940 326 980 erit
358 940 507 980 sublata
539 940 602 980 illa
627 953 831 990 maerens,
868 955 1022 981 morsus
1053 947 1183 979 tamen
1221 947 1260 981 et
1282 942 1547 981 contractiun-

135 997 246 1037 culae
281 998 469 1049 quaedam
501 997 621 1036 animi
651 997 939 1050 relinquentur.
987 997 1095 1037 Hanc
1117 997 1249 1036 dicant
1270 1011 1364 1037 sanc
1388 1004 1547 1037 natura-

134 1053 235 1102 lem,
260 1054 349 1093 dum
372 1053 631 1118 aegritudinis
655 1067 798 1093 nomen
821 1053 921 1094 absit
943 1067 1087 1108 grave,
1114 1060 1305 1102 taetrum,
1332 1054 1544 1102 funestum,

133 1083 235 1163 quod
267 1124 353 1149 cum
383 1110 576 1164 sapientia
609 1122 697 1150 esse
719 1117 861 1193 atque,
898 1085 964 1151 ut²³
969 1111 1022 1151 ita
1053 1084 1201 1160 dicam,
1239 1109 1414 1150 habitare
1438 1110 1547 1150 nullo

133 1167 249 1207 modo
271 1167 409 1220 possit.

243 1223 296 1263 At
327 1237 426 1276 quae
458 1224 600 1277 stirpes
632 1230 724 1264 sunt
752 1223 1036 1277 aegritudinis,
1080 1237 1193 1276 quam
1229 1224 1395 1273 multae,
1431 1237 1545 1277 quam

133 1280 315 1320 amarae!
343 1294 458 1333 quae,
482 1280 567 1334 ipso
590 1287 730 1320 trunco
751 1293 910 1329 everso,
937 1294 1073 1320 omnes
1097 1280 1300 1321 elidendae
1323 1288 1414 1321 sunt
1435 1287 1488 1329 et,
1515 1281 1546 1320 si

134 1349 298 1377 necesse
322 1337 412 1387 erit,
438 1337 604 1390 singulis
623 1337 967 1391 disputationibus.
995 1338 1179 1392 Superest
1199 1337 1302 1377 enim
1321 1337 1432 1377 nobis
1455 1334 1544 1385 lioc,

132 1393 367 1434 cuicuimodi
390 1401 464 1443 est,
490 1394 628 1434 otium.

174 1501 230 1532 82.
257 1502 306 1534 Et
328 1505 448 1533 tamea
467 1506 532 1533 etc.
578 1501 680 1533 Sinn:
709 1500 801 1533 Doch

127 1547 200 1578 sind
225 1546 437 1588 dergleiehen
452 1546 715 1590 Monographieu
733 1552 805 1579 ent-

128 1592 293 1625 behrHch.

173 1648 282 1681 quum
302 1640 507 1669 universam
534 1640 665 1679 aegre'l.
684 1640 805 1669 sustu-

129 1684 194 1715 lte:
217 1694 341 1723 „wenn
361 1684 410 1715 sie
429 1684 522 1724 (d.h.
539 1684 704 1724 dadurch,
724 1683 803 1715 (lass

128 1729 192 1768 sie)
231 1730 283 1761 die
310 1729 582 1761 Bekiiiumerniss
619 1730 661 1761 im
690 1729 804 1770 Allge-

127 1775 258 1806 melnen
279 1775 436 1816 beseitigt
455 1775 554 1808 hat“.

172 1820 322 1851 sustulit
338 1821 445 1851 eliam
462 1820 505 1851 ist
517 1818 621 1852 Heil's
637 1819 803 1851 treffliche

127 1865 311 1907 Conjectur
339 1864 393 1896 fiir
410 1865 470 1896 das
489 1875 574 1905 ganz
594 1865 804 1908 unpassende

129 1911 229 1952 (weil
263 1911 546 1951 gegensatzlose)
592 1914 709 1943 tamen
743 1911 804 1942 der

128 1956 269 1988 lldschr.
292 1956 359 1987 Das
373 1956 491 1988 zwcite
508 1956 658 1988 sustulit
678 1957 802 1987 konnte

128 2003 212 2034 nach
242 2002 314 2033 (lem
343 2011 666 2043 vorangegangenen
702 2002 804 2034 len-ht

128 2047 337 2089 ausgel'ullen
371 2047 457 2079 sein.
508 2047 602 2089 (Vgl.
639 2047 703 2087 31,
738 2048 802 2079 75:

128 2093 301 2135 quamdiu
321 2095 437 2133 ve'aez't,
458 2095 558 2125 via-it
574 2096 609 2124 in
629 2093 759 2133 luctu.)

175 2148 279 2170 cry-07·
289 2154 333 2164 z
346 2141 468 2181 opinio
483 2139 576 2171 mali
584 2140 802 2181 praesentis,

129 2186 162 2214 in
182 2195 251 2225 quo
270 2187 360 2225 angi
377 2188 544 2226 oportere
561 2184 740 2216 videatur.

174 2230 338 2261 alicunde
359 2229 541 2271 (Eruesti’s
550 2228 806 2270 Verbesserung

130 2274 184 2306 fiir
212 2275 391 2315 alt'unda):
431 2285 528 2315 „aus
555 2275 671 2316 irgeud
698 2276 805 2307 einem

128 2330 145 2351 e
156 2320 165 2351 i
178 2331 195 2352 n
208 2331 225 2351 z
238 2330 255 2351 e
267 2320 276 2351 l
288 2331 305 2351 n
316 2330 332 2351 e
346 2331 362 2350 n
384 2319 664 2362 Gegenstandc“.

169 2369 369 2408 paupertas
397 2366 605 2398 momordz't.
648 2365 725 2406 vgl.
749 2364 805 2399 lv.

129 2411 186 2450 20,
206 2412 269 2443 45:
289 2410 451 2443 morderi
467 2413 700 2443 couscientia.

174 2459 209 2489 si
234 2456 320 2499 quid
344 2457 573 2488 tenebrarum
602 2457 741 2499 offudit.
772 2456 805 2489 ln

131 2503 287 2534 auderem
307 2502 411 2535 Sinne
436 2502 593 2534 (lerselbe
611 2502 743 2545 Tropus
762 2502 803 2534 V.

129 2547 147 2577 2
162 2571 170 2586 ,
200 2548 240 2579 6:
293 2549 379 2579 hanc
412 2548 642 2580 indoctorum
679 2550 806 2580 animis

129 2594 244 2635 offusa
265 2594 381 2636 caligo
401 2597 468 2625 est.

920 1501 1063 1541 audies,
1083 1501 1125 1532 im
1144 1502 1178 1533 4.
1193 1501 1316 1533 Buche.

923 1546 994 1578 Sed
1011 1564 1051 1568 ——-
1072 1546 1318 1578 revertendum
1345 1550 1415 1587 cst,
1446 1557 1492 1578 sc.
1513 1549 1549 1578 in

874 1592 1027 1633 siugulis
1077 1592 1402 1632 consolanom·bus;
1455 1592 1548 1633 sons

876 1635 1144 1677 „Grundsatz“.

920 1685 1134 1715 invitatione
1175 1683 1250 1715 hier
1291 1682 1550 1723 „Selbsteinla-

874 1729 975 1769 dung,
997 1728 1243 1770 Aufforderung
1257 1739 1297 1761 an
1313 1729 1382 1760 sich
1399 1728 1548 1760 selbst“.

874 1773 950 1814 th.
971 1774 1034 1811 30,
1057 1774 1120 1805 73:
1150 1777 1223 1815 ipsi
1245 1786 1280 1806 se
1299 1774 1347 1805 ad
1369 1776 1546 1806 mv'serz'am

874 1822 1042 1851 incitant.

921 1865 975 1897 83.
1014 1865 1342 1897 comt-‘aetmnculae
1362 1882 1402 1888 —
1421 1866 1546 1905 aui'rm,

874 1920 939 1941 απ.
960 1909 1047 1951 elo..
1076 1910 1251 1951 gemildert
1274 1910 1328 1941 l'iir
1346 1912 1547 1942 cono-‘acteo

874 1965 932 1988 an,
947 1954 1018 1992 (lV.
1032 1935 1067 1986 31
1079 1955 1546 1996 ,t›6),‚,Btkl0mn1enheit“.

919 2001 1094 2041 ltabttare,
1117 2001 1242 2042 griech.
1265 2003 1458 2042 συνοικεῖν,
1478 2000 1546 2041 vgl.

873 2045 914 2078 V.
932 2046 986 2083 2-1,
1005 2046 1068 2077 69:
1098 2049 1270 2088 sapientis
1292 2049 1449 2078 animum
1470 2056 1546 2078 cum

875 2092 930 2123 lzz's
957 2093 1179 2124 habitantem
1206 2095 1549 2134 pernoctantemque

875 2147 986 2169 eur-ts.

921 2183 1105 2214 elidendae
1132 2182 1449 2223 ‚,auszu==0tten“;
1478 2181 1545 2223 vgl.

874 2227 916 2260 ll.
942 2228 992 2267 11,
1015 2229 1077 2259 27:
1106 2238 1230 2260 nervos
1257 2238 1378 2260 omnes
1403 2230 1549 2259 virtutis

874 2273 991 2305 elidem
999 2278 1025 2305 l.

921 2320 986 2351 hoc
1013 2338 1052 2342 —
1080 2322 1195 2351 otium
1233 2318 1322 2359 „die
1351 2317 1464 2350 Musse
1490 2318 1551 2349 da-

878 2366 970 2403 zu“;
999 2375 1027 2397 s.
1051 2364 1075 2397 l.
1098 2365 1150 2402 19,
1167 2366 1209 2396 45
1230 2375 1271 2396 zu
1289 2365 1375 2395 haec
1387 2363 1550 2405 pulchri-

878 2411 977 2442 tudo.
1006 2411 1065 2442 Am
1086 2410 1271 2452 liiiufigsten
1292 2410 1335 2441 ist
1353 2408 1446 2441 diese
1464 2408 1550 2441 Con-

877 2456 1038 2488 struction
1077 2457 1129 2488 hei
1160 2464 1266 2496 eura,
1301 2457 1423 2495 timor,
1455 2465 1546 2497 spes,

871 2502 993 2544 pudor
1014 2513 1046 2533 u.
1068 2502 1134 2543 dgl.

923 2548 1141 2579 cuicui‘modae
1151 2547 1314 2588 (seltnere
1326 2543 1550 2577 Genitivl'orm

879 2592 933 2624 fiir
951 2592 1267 2631 emwascmnsmode)
1288 2594 1361 2622 est:
1389 2591 1483 2631 „wie
1501 2590 1550 2622 sie
