1684 2819
618 174 696 206 LIB.
714 174 738 206 Ι.
777 174 868 207 CAP.
887 176 940 208 28.
960 175 1012 207 29.
1466 176 1517 214 ’75

118 283 155 316 et
177 277 351 328 explanat
371 276 461 327 quid
483 275 698 315 faciendum
715 276 984 327 fugiendumve
1005 277 1065 316 sit.
1102 276 1156 316 Ita
1178 277 1220 315 fit
1235 281 1277 316 ut
1291 276 1388 315 ratio
1406 288 1518 327 prae-

117 334 177 380 sit,
201 332 392 384 appetitus
411 332 660 383 obtemperet.
697 332 834 372 Omnis
853 338 981 373 autem
999 333 1095 372 actio
1113 345 1244 372 vacare
1265 332 1378 372 debet
1396 337 1519 371 teme·
1544 331 1598 370 ‘29

116 390 227 428 ritate
248 394 284 427 et
304 388 540 439 neglegentia
562 400 633 427 nec
660 401 749 427 vero
771 401 882 440 agere
909 390 1130 441 quicquam,
1159 389 1268 428 cuius
1289 400 1370 428 non
1392 389 1520 440 possit

117 457 271 484 causam
289 444 531 496 probabilem
547 445 718 484 reddere.
754 445 858 485 Haec
873 452 932 485 est
948 445 1050 484 enim
1069 446 1147 485 fere
1165 445 1372 496 descriptio
1391 445 1520 484 officii.

113 501 368 540 Efficiendum
397 507 523 555 autem
560 507 618 540 est
643 506 685 539 ut
719 503 912 552 appetitus
944 501 1084 541 rationi
1119 501 1326 540 oboediant
1359 513 1519 551 eamque
1551 505 1613 539 102

115 570 240 608 neque
262 563 510 608 praecurrant
530 568 601 596 nec
620 563 781 608 propter
795 558 998 621 pigritiam
1021 562 1086 597 aut
1112 557 1301 608 ignaviam
1329 557 1520 604 deserant,

116 614 267 664 sintque
285 614 474 675 tranquilli
492 618 604 664 atque
622 613 727 651 omni
743 614 861 653 animi
879 620 1012 666 pertui
1014 614 1167 652 batione
1185 618 1359 652 casreant
1382 626 1426 652 ex
1444 625 1520 664 quo

114 669 276 708 elucebit
298 670 424 708 omnis
447 669 663 708 constantia
685 669 891 720 omnisque
917 670 1143 708 moderatio.
1183 670 1279 708 Nam
1308 668 1374 720 qui
1401 682 1520 720 appe-

114 725 206 764 titus
228 726 381 775 longius
399 731 607 775 evagantur
622 731 658 763 et
674 731 870 776 tamquam
895 726 1108 764 exultantes
1133 725 1212 764 sive
1233 725 1424 776 cupiendo
1442 724 1521 763 sive

115 756 318 832 fugiendoD
311 793 390 820 non
407 782 500 820 satis
520 794 540 820 a
556 781 705 819 ratione
723 782 948 828 retinentul,
969 782 994 819 ii
1012 782 1094 820 sine
1111 781 1228 820 dubio
1247 782 1362 819 finem
1380 787 1416 819 et
1432 794 1520 819 mo-

115 838 206 876 dum
223 843 437 875 transeunt.
472 836 706 887 Relinquunt
724 837 825 875 enim
843 842 879 876 et
893 837 1062 876 abiciunt
1077 836 1359 876 oboedientiam
1373 848 1444 875 nec
1458 849 1522 875 ra-

114 893 209 931 tioni
229 898 385 944 parent,
415 893 473 931 cui
497 898 589 931 sunt
610 892 771 932 subiecti
792 894 873 944 lege
894 899 1068 932 naturae:
1097 906 1116 931 a
1139 892 1277 943 quibus
1300 904 1379 930 non
1401 892 1521 930 modo

113 949 230 988 anirni
247 949 536 1000 perturbantur,
553 950 619 987 sed
638 950 751 987 etiam
769 962 946 1001 corpora.
962 950 1068 988 Licet
1085 961 1153 987 ora
1168 949 1250 999 ipsa
1269 960 1427 987 cernere
1444 948 1522 986 ira-

113 1011 242 1044 torum
267 1011 330 1044 aut
352 1018 499 1051 eorum,
523 1005 587 1055 qui
609 1010 672 1043 aut
691 1005 846 1044 libidine
868 1006 989 1057 aliqua
1011 1011 1074 1044 aut
1096 1010 1200 1043 metu
1223 1005 1409 1043 commoti
1431 1010 1523 1043 sunt

113 1066 177 1100 aut
190 1061 383 1112 voluptate
399 1061 517 1099 nimia
532 1061 715 1111 gestiunt:
735 1074 900 1112 quorum
920 1062 1095 1100 omnium
1111 1061 1522 1106 vultus,voces,motus

113 1122 311 1167 statusque
332 1122 542 1156 mutantur.
577 1118 632 1156 Ex
650 1117 788 1167 quibus
806 1118 895 1156 illud
913 1118 1153 1167 intellegitur,
1175 1122 1217 1155 ut
1238 1116 1283 1154 ad
1307 1116 1422 1154 officii
1438 1117 1520 1154 for—

112 1186 215 1212 mam
232 1179 479 1218 revertamur,
489 1173 681 1223 appetitus
698 1185 833 1212 omnes
851 1174 1135 1212 contrahendos
1151 1172 1423 1222 sedandosque
1435 1184 1521 1210 esse

112 1229 428 1280 excitandamque
445 1228 821 1268 animadversionem
840 1235 875 1268 et
890 1229 1136 1280 diligentiam,
1154 1235 1194 1267 ut.
1209 1229 1362 1278 nequid
1379 1233 1521 1266 temere

112 1298 156 1324 ac
176 1285 357 1331 fortuito,
388 1285 669 1324 inconsiderate
691 1286 1011 1337 neglegenterque
1038 1297 1208 1336 agamus.
1256 1284 1387 1335 Neque
1416 1284 1520 1323 enim

111 1341 161 1380 ita
182 1342 349 1392 generati
372 1354 393 1379 a
413 1347 547 1385 natura
571 1354 727 1387 sumus,
749 1347 792 1381 ut
812 1342 858 1381 ad
879 1342 1013 1381 ludum
1036 1348 1072 1380 et
1094 1342 1221 1379 iocum
1246 1341 1332 1379 facti
1356 1353 1441 1379 esse
1462 1340 1519 1378 vi-

112 1397 283 1444 deamur,
307 1398 375 1436 sed
397 1398 442 1436 ad
466 1397 706 1436 severitatem
723 1398 854 1449 potius
876 1405 913 1437 et
934 1399 978 1437 ad
1002 1398 1187 1448 quaedam
1207 1396 1331 1435 studia
1348 1396 1520 1446 graviora

111 1459 223 1504 atque
245 1454 400 1492 maiora.
437 1453 546 1492 Ludo
569 1459 695 1492 autem
719 1460 755 1492 et
775 1455 862 1493 ioco
886 1455 939 1493 uti
961 1454 1022 1492 illo
1041 1454 1197 1504 quidem
1214 1452 1311 1498 licet,
1335 1453 1401 1491 sed
1423 1452 1522 1491 sicut

112 1521 252 1548 somno
283 1515 318 1548 et
340 1509 534 1560 quietibus
565 1510 699 1548 ceteris
730 1515 830 1555 tum,
865 1523 952 1549 cum
983 1509 1161 1560 gravibus
1191 1509 1377 1560 seriisque
1406 1508 1521 1547 rebus

112 1566 425 1605 satisfecerimus.
466 1566 675 1617 Ipsumque
697 1579 816 1616 genus
847 1567 998 1606 iocandi
1027 1578 1107 1604 non
1129 1566 1334 1616 profusum
1356 1577 1427 1603 nec
1447 1565 1521 1603 inl-

112 1622 345 1667 modestum‚
369 1622 434 1660 sed
456 1622 666 1671 ingenuum
689 1628 726 1661 et
747 1624 909 1662 facetum
932 1635 1018 1661 esse
1035 1622 1158 1661 debet.
1197 1622 1246 1660 Ut
1266 1621 1368 1659 enim
1390 1621 1521 1672 pueris

111 1690 190 1717 non
213 1690 371 1717 omnem
393 1677 549 1717 ludendi
569 1678 759 1717 licentiam
778 1680 930 1726 damus,
954 1679 1019 1717 sed
1043 1691 1137 1724 eam,
1160 1690 1254 1728 quae
1271 1677 1318 1716 ab
1336 1678 1520 1716 honesta-

110 1735 159 1773 tis
182 1734 399 1773 actionibus
421 1747 502 1773 non
525 1734 574 1773 sit
595 1735 727 1781 aliena,
751 1736 806 1775 sic
827 1736 865 1774 in
887 1736 972 1787 ipso
996 1735 1081 1773 ioco
1100 1734 1254 1784 aliquod
1276 1734 1389 1784 probi
1411 1734 1519 1784 inge—

110 1868 320 1900 bekanntlich
352 1869 446 1900 Plato
458 1870 559 1919 (rep.
583 1868 627 1901 IV
645 1880 675 1911 p.
696 1868 777 1909 430)

111 1913 237 1954 folgen,
270 1911 300 1956 ἡ]
308 1910 504 1958 ειιονικόν,
531 1911 777 1954 δηινοητικόν,

111 1955 702 2003 20211511261²‚20216110'5genannt.

155 1997 221 2037 29.
245 2007 372 2048 possi&
401 2014 466 2035 aus.
477 1981 565 2035 demU
568 2004 779 2036 Abstiactum

111 2051 200 2081 actio
225 2049 269 2080 ist
292 2049 320 2080 is
339 2049 392 2091 qui
418 2054 494 2089 aget
517 2049 567 2080 als
585 2049 722 2089 Subject
739 2060 779 2080 zu

112 2095 294 2135 ergiinzen,
328 2094 426 2125 Tusc.
439 2071 499 2132 lV,
519 2094 570 2135 35,
591 2094 632 2124 74
651 2096 698 2125 sic
715 2096 779 2136 igi—

112 2143 168 2172 tur
185 2139 319 2180 adfecto
340 2139 420 2170 haec
436 2137 623 2171 adhihenda
639 2142 779 2179 curatio,

112 2187 151 2216 ut
178 2185 209 2215 et
235 2184 327 2223 sicud,
361 2184 449 2225 qaod
476 2185 598 2226 captat,
627 2184 781 2216 ostendat

111 2240 210 2271 qnam
229 2229 296 2260 lere
314 2239 414 2270 quam
430 2228 709 2260 eontevmemlum
725 2231 780 2260 sit.

110 2273 163 2315 Vg
166 2274 186 2305 1.
206 2274 244 2305 de
263 2273 362 2313 off.,l
382 2272 707 2314 33,121.37‚134.
741 2273 778 2314 11,

114 2319 165 2359 11,
185 2318 239 2350 39
272 2298 488 2360 IH‚2'9,107.

157 2364 241 2395 Haec
260 2366 310 2395 est
326 2382 366 2385 —
390 2363 589 2416 descyz'ssptto
615 2375 672 2395 κα
670 2360 782 2405 ’ὶῆκόν

114 2407 214 2440 ἐστιν
231 2404 249 2439 ὃ
275 2407 447 2454 noal'stv
471 2406 580 2451 suto)
583 2419 624 2441 01²
642 2405 782 2440 ἀπολο-

113 2455 198 2495 γίαν
217 2452 300 2496 ἔχει.
334 2454 361 2485 V
366 2454 409 2494 gl.
429 2453 516 2484 Einl.
534 2465 565 2485 u.
584 2464 612 2485 z.
631 2453 662 2495 ξ.
682 2454 711 2485 7.

162 2497 233 2529 102.
248 2501 482 2542 [11·αεο111··.1αηΐ
492 2497 676 2539 Mo'glichei
684 2498 781 2530 Wei-

115 2552 150 2572 se
166 2542 207 2573 ist
222 2543 273 2573 ein
289 2544 360 2575 dem
375 2554 418 2587 p7
421 2546 516 2587 epte]
524 2546 702 2587 ρ1311ΐ1111η
711 2548 784 2575 ent-

115 2587 334 2628 spiechender
347 2588 472 2629 Begriff
484 2588 701 2630 ausgefallen,
718 2589 782 2620 uie

848 1873 989 1913 propter
1007 1871 1240 1907 temeritatem,
1264 1879 1333 1900 was
1351 1869 1418 1900 alte
1437 1867 1523 1899 Her-

850 1915 1013 1955 ausgeber
1048 1913 1264 1954 hinzugeffigt
1297 1914 1411 1945 haben.
1462 1913 1521 1944 Die

850 1959 1046 1991 Ausdrticke
1077 1962 1319 2003 praecurrant,
1352 1959 1523 1997 deserunt,

853 2008 1040 2047 evagantur
1057 2016 1089 2035 u.
1108 2015 1133 2035 5.
1153 2014 1194 2035 w.
1220 2004 1356 2044 zeigen,
1376 2004 1451 2035 dass
1470 2003 1523 2034 die

853 2050 974 2081 Triebe
999 2050 1057 2081 mit
1074 2049 1201 2081 Rossen
1226 2048 1416 2089 verglichen
1435 2058 1523 2079 wer-

854 2096 932 2135 den,
957 2095 1007 2125 die
1032 2105 1095 2125 von
1113 2095 1172 2125 der
1188 2093 1355 2125 Vernunft
1371 2093 1421 2124 315
1440 2092 1524 2123 Wa-

854 2139 1035 2180 genlenker
1058 2139 1183 2179 regiert
1205 2138 1355 2177 werden,
1384 2138 1436 2168 ein
1462 2137 1526 2168 seit

854 2184 949 2216 Plato
970 2185 1008 2220 (s.
1027 2183 1166 2215 phaedr.
1185 2194 1214 2224 p.
1234 2182 1298 2213 246
1318 2183 1353 2223 Β)
1373 2183 1435 2213 den
1450 2182 1525 2213 Phi-

854 2230 1013 2270 losophen
1032 2229 1109 2259 sehr
1125 2227 1397 2268 gebi‘iiuchliches
1416 2227 1497 2259 Bild.

899 2273 961 2305 sed
983 2276 1079 2305 ettam
1103 2283 1263 2316 corpora:
1296 2273 1347 2304 ein
1368 2272 1524 2312 Zeugma,

855 2320 938 2350 denn
956 2319 1153 2362 peyturbmz·
1176 2318 1261 2349 kann
1287 2318 1375 2349 nicht
1398 2317 1526 2357 cigent-

854 2364 917 2395 licli
931 2374 994 2395 von
1011 2361 1233 2415 denKo'rpern
1249 2367 1366 2404 gesagt
1379 2363 1523 2400 werden,

854 2409 1015 2440 vielmehr
1032 2408 1072 2440 de
1064 2411 1127 2440 tm·
1130 2410 1232 2450 (Iners.

903 2453 975 2485 103.
1012 2454 1298 2496 offiezisormam,
1324 2453 1384 2483 den
1404 2453 1488 2493 Begi
1492 2452 1529 2482 1st

854 2500 914 2530 der
938 2498 1065 2538 Ptlicht,
1086 2497 1117 2539 ξ.
1142 2498 1179 2529 14
1198 2499 1358 2539 ,formam
1382 2500 1415 2529 et
1439 2500 1525 2529 tam-

855 2544 1092 2587 quamsaciem
1111 2544 1245 2575 honesti
1259 2543 1362 2575 vides.

901 2590 1082 2630 quietibus:
1101 2598 1126 2619 s.
1146 2598 1174 2619 z.
1200 2587 1225 2619 Ἴ.
1247 2588 1298 2619 78.

1552 1119 1614 1151 103
