1684 2819
504 179 549 211 L!
566 178 661 211 BER
680 178 719 210 v.
742 178 796 219 33,
816 179 871 210 96.
921 179 977 220 34,
995 179 1052 210 07.
1068 178 1123 210 os.
1434 178 1515 217 255

117 300 223 347 putet
244 294 456 346 eademque
478 293 631 333 ratione
653 293 827 333 dolorem
849 293 896 333 ob
930 293 968 332 id
999 293 1123 346 ipsum
1139 324 1149 343 ,
1184 292 1272 345 quia
1304 291 1415 331 dolor
1446 292 1510 341 sit,

116 363 270 403 semper
306 362 393 390 esse
430 349 679 402 fugiendum,
725 349 857 402 itaque
895 350 965 390 hac
1003 363 1160 389 usurum
1197 349 1514 401 compensatione

116 407 354 458 sapientem,
390 412 431 445 ut
461 413 498 445 et
529 405 769 470 voluptatem
799 406 946 459 fugiat,
979 405 1013 445 si
1044 418 1091 445 ea
1121 405 1311 445 maiorem
1340 405 1514 445 dolorem

117 462 303 503 effectura
325 461 390 511 sit,
415 469 453 501 et
474 461 646 502 dolorem
664 462 866 516 suscipiat,
886 463 1075 502 maiorem
1094 462 1321 501 efficientem
1337 461 1515 514 volupta-

115 526 213 569 tem·
249 518 455 571 omniaque
476 519 658 567 iucunda,
688 532 916 582 quamquam
938 531 1058 558 sensu
1081 519 1258 571 corporis
1279 517 1511 565 iudicentur,

114 575 161 614 ad
183 574 354 614 animum
376 574 516 614 referri
545 582 700 624 tamen·
735 575 919 628 quocirca
950 587 1091 627 corpus
1123 574 1296 626 gaudere
1326 581 1404 613 tam
1434 573 1512 622 diu,
1537 581 1581 613 96

115 632 203 671 dum
226 638 472 684 praesentem
503 630 669 670 sentiret
699 631 963 684 voluptatcm3
997 630 1169 669 animum
1199 637 1239 670 et
1265 636 1515 692 praesentem

114 687 316 741 percipere
352 688 497 740 pariter
532 701 618 726 cum
651 700 816 740 corpore
853 694 892 726 et
926 686 1149 739 prospicere
1184 685 1407 725 venientem
1444 700 1515 726 nec

115 743 367 797 praeteritam
400 743 679 796 praeterfluere
710 743 868 792 sinere,
910 742 964 782 ita
995 748 1203 795 perpetuas
1236 747 1275 781 et
1306 749 1515 782 contextas

112 799 364 853 voluptates
353 812 394 838 1n
416 798 592 852 sapiente
615 798 698 837 fore
720 811 900 852 semper,
932 812 1049 862 quum
1073 797 1317 851 exspectatio
1340 805 1515 850 sperata-

114 869 199 895 rum
223 855 464 908 voluptatum
489 861 759 918 perceptarum
781 855 972 901 memoria
993 855 1237 907 iungeretur.

224 911 351 963 Atque
374 910 433 950 his
456 910 599 950 similia
621 909 681 949 ad
691 910 836 950 victum
859 911 975 950 etiam
996 911 1306 958 transferuntur,
1327 917 1518 950 extenua-
1531 909 1590 954 34

113 973 251 1019 turque
274 966 561 1020 magnificentia
594 973 633 1006 et
661 974 839 1020 sumptus
870 967 1097 1020 epularum,
1131 966 1230 1019 quod
1260 980 1380 1019 parvo
1413 966 1517 1006 cultu
1536 974 1580 1006 97

112 1029 253 1063 natura
282 1029 467 1063 contenta
497 1023 562 1063 sit.
605 1023 757 1063 Etenim
796 1023 881 1076 quis
912 1024 986 1063 hoc
1024 1038 1102 1062 non
1136 1023 1268 1072 videt,
1309 1022 1516 1063 desideriis

114 1079 243 1119 omnia
264 1079 341 1120 ista
362 1079 544 1119 condiri?
574 1079 716 1120 Darius
747 1080 786 1119 in
809 1081 901 1134 fuga
920 1110 931 1128 ,
963 1093 1079 1132 quum
1101 1092 1239 1132 aquam
1261 1079 1454 1119 turbidam
1479 1086 1517 1118 et

112 1135 370 1176 cadaveribus
403 1135 644 1188 inquinatam
678 1135 863 1185 bibisset,
896 1136 1057 1189 negavit
1085 1149 1267 1188 umquam
1298 1149 1340 1176 se
1370 1135 1516 1175 bibisse

111 1191 331 1231 iucundius.
381 1192 598 1245 Numquam
629 1192 811 1232 videlicet
840 1192 979 1233 sitiens
1010 1191 1176 1232 biberat.
1223 1191 1306 1232 Nec
1335 1191 1516 1232 esuriens

112 1247 358 1289 Ptolemaeus
381 1249 538 1298 ederat,
564 1248 627 1288 cui
650 1263 763 1301 quum
788 1249 1015 1302 peragranti
1036 1248 1281 1303 Aegyptu,m
1307 1248 1514 1287 comitibus

111 1317 189 1343 non
212 1305 457 1355 consecutis,
482 1304 684 1357 cibarius
674 1319 714 1343 ln
737 1319 828 1345 casa
851 1305 962 1359 panis
986 1305 1099 1345 datus
1122 1311 1241 1353 esset,
1267 1304 1364 1344 nihil
1384 1304 1513 1344 visum

111 1367 171 1400 est
191 1360 258 1400 illo
281 1375 379 1414 pane
401 1361 623 1402 iucundius.
657 1360 859 1402 Socratem
884 1362 1038 1411 ferunt,
1070 1376 1186 1414 quum
1220 1374 1342 1414 usque
1373 1361 1421 1400 ad
1447 1373 1516 1400 ve-

110 1430 267 1470 sperum
290 1417 512 1458 contentius
535 1417 753 1458 ambularet
773 1419 1072 1471 quaesitumque
1095 1425 1202 1458 esset
1225 1431 1277 1457 ex
1299 1430 1345 1456 eo
1359 1447 1369 1466 ,
1394 1429 1515 1470 quare

110 1473 149 1512 id
178 1474 350 1523 faceret,
384 1474 659 1527 respondisse,
694 1487 760 1522 se,
795 1489 871 1527 quo
902 1474 1042 1514 melius
1074 1481 1285 1523 coenaret,
1320 1485 1515 1526 opsonare

111 1529 344 1569 ambulando
366 1531 522 1570 famem.
557 1530 684 1580 Quid?
704 1531 849 1570 vietum
870 1531 1269 1570 Lacedaemoniorum
1291 1529 1332 1569 in
1355 1528 1515 1582 philitiis
1538 1536 1583 1568 98

156 1619 211 1651 95.
241 1620 375 1661 referri
400 1624 531 1651 tamen.
567 1619 699 1652 Ebenso
726 1624 780 1652 ta-

112 1674 186 1696 men
207 1674 258 1696 am
274 1664 366 1696 Ende
381 1665 439 1697 des
451 1665 586 1696 Satzes:
606 1664 632 1696 Ι.
651 1666 704 1705 12,
720 1665 776 1697 27.

157 1710 213 1741 96.
235 1713 308 1742 tam
328 1710 401 1750 diu,
422 1710 505 1742 dum
525 1710 580 1742 fiir
595 1729 640 1732 —
657 1721 776 1753 quam,

110 1754 174 1786 wie
193 1755 226 1786 in
241 1755 315 1787 Cat.
332 1755 392 1787 111.
405 1756 435 1793 7,
452 1757 492 1787 16
512 1759 586 1787 tam
604 1755 677 1795 dia,
696 1756 779 1788 dam

113 1801 209 1831 urbis
228 1801 412 1832 moenibus
431 1801 690 1841 continebatur,
711 1801 776 1832 und

113 1844 212 1876 oster.

157 1893 319 1921 sentiret.
354 1888 431 1922 Man
451 1891 510 1921 hat
527 1891 626 1922 dafiir
641 1892 779 1922 sentiat

112 1935 283 1966 schreiben
303 1935 437 1966 wollen.
464 1935 554 1967 Aber
576 1936 627 1967 ein
647 1936 778 1967 solches

111 1980 274 2020 Priisens,
298 1980 361 2012 wie
388 1981 462 2012 hier
474 1983 668 2023 praecipit,
690 1981 779 2012 siebt

111 2025 169 2057 der
180 2025 401 2057 Lateinerals
412 2025 526 2058 Praes.
543 2026 662 2058 histor.
675 2036 730 2066 an,
741 2037 774 2058 u.

111 2070 373 2102 daraufktinnen
389 2071 602 2103 bekanntlich
616 2072 682 2103 alle
693 2071 779 2103 Con-

107 2116 274 2157 junctive,
295 2116 399 2148 selbst
418 2117 606 2148 wechselnd
619 2141 627 2157 ‚
651 2116 776 2158 solgen.

111 2161 154 2192 So
181 2161 262 2193 oben
291 2161 316 2193 Ι.
339 2162 391 2201 10,
413 2162 475 2193 22:
503 2162 718 2194 Are'stoteles
735 2180 779 2185 -

111 2217 215 2248 quum
245 2210 336 2238 esset
363 2208 569 2249 complemus
592 2225 637 2230 —-
662 2211 779 2239 censet

109 2270 154 2275 —
171 2254 240 2289 sit,
266 2251 322 2283 111.
346 2253 398 2293 15,
418 2252 482 2284 32:
503 2253 681 2294 Epicurus
700 2263 778 2284 een-

111 2301 166 2328 set
187 2315 231 2319 —
257 2298 483 2330 arbitrentur
499 2316 543 2321 —
570 2301 778 2340 eoespectata

111 2344 183 2374 sint
199 2360 243 2365 -—
263 2345 416 2374 venisset
427 2361 467 2365 —
484 2345 717 2384 cogitavisset
734 2360 777 2366 —

103 2388 278 2427 faturum
296 2391 366 2428 sr't5
387 2388 425 2420 de
445 2393 515 2420 nat.
529 2387 570 2420 D.
586 2388 612 2420 Ι.
634 2388 688 2429 15,
710 2388 773 2420 39:

114 2432 331 2475 Chrysippus
365 2433 453 2466 dicit
477 2452 518 2457 —
546 2437 708 2465 versetur
733 2452 776 2457 —

101 2477 273 2518 fluerent.

156 2526 325 2555 memoria
346 2526 564 2566 iungeretur.
599 2523 699 2555 Sonst
717 2524 777 2555 fin-

112 2567 173 2597 den
201 2567 268 2599 sieb
296 2578 358 2600 nur
375 2569 429 2600 die
448 2568 611 2601 Partic.
632 2572 777 2601 iunctus

111 2623 143 2643 u.
166 2615 372 2645 coniunctus
391 2615 474 2646 auch
493 2615 553 2646 mit
571 2614 640 2646 dem
660 2614 774 2646 Ablat.

849 1622 933 1652 ohne
953 1632 1031 1653 eumv
1048 1621 1240 1652 verbunden
1261 1619 1341 1662 (wie
1357 1619 1415 1652 ΙΙΙ.
1431 1621 1463 1660 5,
1479 1620 1513 1651 11

850 1669 1046 1707 Insaniam,
1083 1676 1173 1708 quae
1201 1668 1322 1697 iuncta
1355 1665 1517 1697 stultitia

847 1715 950 1754 patet
974 1712 1113 1751 latius).
1150 1710 1271 1753 Zumpt
1295 1710 1312 1752 §
1332 1711 1410 1742 474.

895 1765 962 1803 34.
974 1768 1030 1799 97.
1044 1768 1190 1805 Darius,
1202 1766 1441 1798 wahrscheinl.
1455 1766 1518 1799 Co—

851 1813 1062 1845 (lemannus.

894 1869 1136 1909 Ptolemaeus,
1157 1867 1395 1899 wahrscheinl.
1415 1866 1466 1898 Pt.
1489 1866 1516 1898 1.

847 1914 933 1956 Lagi
955 1914 1057 1946 filius.

894 1970 1048 2002 cibarius
1061 1972 1182 2012 panis.
1219 1969 1298 2001 Isid.
1320 1968 1414 2009 Orig.
1434 1967 1517 2000 XX.

847 2015 887 2046 2:
914 2015 1024 2047 Panis
1043 2016 1200 2046 cibarias
1224 2018 1290 2055 est,
1311 2016 1375 2057 qai
1400 2014 1448 2045 ad
1471 2016 1518 2045 ei-

847 2061 927 2092 bum
952 2062 1062 2092 servis
1090 2060 1212 2099 datur,
1243 2070 1305 2091 nec
1330 2060 1515 2091 delicatus.

850 2105 940 2137 Cels.
969 2105 1008 2137 ΙΙ.
1029 2105 1096 2136 292
1123 2105 1266 2147 (panis)
1285 2106 1443 2136 cibarius
1470 2105 1522 2136 vel

850 2151 1079 2182 hordeaceus.

893 2206 1092 2239 Socratem.
1118 2207 1239 2238 Athen.
1260 2206 1318 2238 IV.
1339 2217 1369 2248 p.
1391 2206 1516 2246 157(ν.

849 2250 1008 2294 1.p.352
1027 2251 1126 2283 Dind.
1132 2252 1164 2292 ):
1185 2248 1384 2304 Σωκράτης
1401 2249 1442 2283 δὲ
1458 2251 1520 2283 καὶ

849 2293 1023 2333 πολλάκις
1039 2294 1335 2341 κατελαμβάνετο
1353 2294 1520 2348 διαπερι-

848 2342 978 2374 πατῶν
996 2340 1164 2394 ἑσπερας
1179 2343 1333 2383 βαθείας
1359 2338 1430 2384 πρὸ
1457 2342 1518 2381 τῆς

848 2399 877 2419 οι
869 2387 982 2425 ῗκιᾝας
1007 2388 1069 2419 καὶ
1098 2383 1190 2430 πρὸς
1216 2384 1298 2423 τοὺς
1325 2390 1517 2418 πυθανο-

846 2434 993 2485 μένους·
1015 2434 1062 2464 Τί
1075 2429 1267 2472 τηνικάδε;
1285 2431 1406 2474 ἔλεγἐι
1420 2426 1516 2473 ὄψον

848 2474 1020 2520 συνάγειν
1046 2475 1139 2521 πρὸς
1164 2475 1202 2510 τὸ
1229 2474 1390 2510 δεῖπνον.

893 2534 1066 2566 opsonare
1092 2524 1170 2564 (von
1197 2519 1366 2599 opimae)
1394 2520 1517 2564 „(als)

846 2568 974 2601 Zukost
999 2568 1212 2601 einkaufen“

893 2614 948 2646 98.
985 2617 1019 2646 in
1044 2615 1198 2656 phi'letzis
1215 2629 1259 2640 Ξ
1278 2625 1311 2645 en
1334 2612 1513 2655 ρΙιίάιΙῐῐε.
