1684 2819
601 196 678 228 LIB.
697 195 734 227 ll.
773 196 865 228 CAP.
884 197 938 228 54.
958 197 1009 228 55.
1432 198 1505 235 171

113 302 271 347 quenter
292 297 452 335 ducatur
473 298 579 337 cibus
602 298 795 344 animalis,
826 311 901 349 quo
924 299 1087 337 maxime
1108 299 1260 337 aluntur
1282 297 1507 336 animantes.

112 353 167 391 Ex
193 352 383 391 intestinis
413 359 540 392 autem
570 360 741 393 secretus
769 368 789 393 a
816 355 965 405 reliquo
995 354 1078 393 cibo
1101 366 1240 393 succus
1262 353 1311 399 is,
1342 366 1418 404 quo
1441 354 1508 393 ali-

112 420 211 455 mur⁷
247 414 448 459 permanat
473 410 519 448 ad
547 410 651 449 iecur
678 423 746 461 per
774 411 957 461 quasdam
985 424 1004 449 a
1033 411 1159 449 medio
1184 410 1366 448 intestino
1388 422 1512 461 usque

111 464 157 502 ad
183 470 316 514 portas
346 465 481 503 iecoris
509 466 586 515 (sic
613 466 715 504 enim
738 467 996 517 appellantur)
1026 467 1158 505 ductas
1181 472 1217 505 et
1237 466 1398 505 directas
1419 466 1511 513 vias,

111 532 207 570 quae
235 521 427 570 pertinent
449 522 495 560 ad
516 522 620 561 ieeur
640 523 748 574 eique
769 523 987 561 adhaerent.
1029 523 1151 573 Atque
1174 523 1262 561 inde
1284 523 1375 561 aliae
1400 522 1508 571 [alio]

110 576 346 627 pertinentes
377 583 485 623 sunt,
515 591 582 629 per
604 592 697 629 quas
722 579 822 617 cadit
844 579 948 617 cibus
972 592 991 617 a
1014 579 1139 617 iecore
1161 579 1343 628 dilapsus.
1386 578 1442 616 Ab
1464 590 1510 616 eo

111 632 194 670 cibo
218 645 335 682 quum
358 639 416 671 est
437 640 581 673 secreta
602 635 688 673 bilis
710 635 810 684 iique
831 636 1030 680 humores,
1054 635 1118 685 qui
1135 647 1154 672 e
1170 634 1327 672 renibus
1345 635 1510 684 profun-

109 688 264 734 duntur,
300 690 442 740 reliqna
479 703 520 728 se
551 690 588 728 in
617 691 841 739 sanguinem
870 695 1021 728 vertunt
1047 690 1093 728 ad
1121 690 1350 740 easdemque
1378 696 1509 740 portas

109 744 246 783 iecoris
274 746 491 791 confluunt,
519 746 563 784 ad
593 759 687 795 quas
718 758 853 784 omnes
882 746 962 784 eius
984 745 1063 783 viae
1083 746 1293 795 pertinent:
1324 759 1394 796 per
1415 759 1510 796 quas

108 800 238 850 lapsus
269 801 375 839 cilius
398 802 436 839 in
458 802 533 839 hoc
554 802 639 851 ipso
661 802 746 839 loco
769 802 807 839 in
829 815 909 839 eam
933 814 1086 847 venam,
1113 814 1208 852 quae
1230 815 1318 840 cava
1340 802 1508 852 appella-

108 861 182 901 tur,
205 857 452 894 confunditur
473 870 616 907 perque
638 870 721 895 eam
742 858 787 896 ad
806 870 872 895 cor
890 859 1086 896 confectus
1104 858 1177 896 iam
1196 863 1403 908 coetusque
1420 870 1508 908 per—

105 911 262 958 labitur3
291 925 311 950 a
339 913 453 950 corde
482 920 609 951 autem
637 913 675 951 in
703 918 827 952 totum
856 926 997 963 corpus
1027 913 1269 951 distribuitur
1296 926 1365 963 per
1392 925 1508 952 venas

108 967 317 1006 admodum
348 969 486 1007 multas
509 969 545 1007 in
571 981 706 1007 omnes
731 975 858 1019 partes
877 970 1052 1020 corporis
1068 969 1316 1020 pertinentes.
1360 970 1508 1016 Quem-

107 1023 317 1061 admodum
336 1030 460 1063 autem
479 1026 657 1075 reliquiae
676 1026 747 1063 cibi
765 1026 1002 1075 depellantur
1018 1032 1098 1064 tum
1122 1025 1449 1075 adstringentibus
1468 1038 1509 1064 se

107 1079 299 1118 intestinis
338 1086 415 1119 tum
454 1081 729 1123 relaxantibus,
766 1083 866 1120 haud
897 1094 987 1120 sane
1016 1081 1166 1120 difficile
1195 1082 1297 1119 dictu
1327 1087 1403 1127 est,
1442 1082 1509 1119 sed

108 1140 234 1173 tamen
262 1139 583 1186 praetereundum
612 1144 687 1184 est⁷
713 1138 870 1188 nequid
900 1138 1033 1176 haheat
1055 1138 1343 1176 iniucunditatis
1373 1138 1507 1175 oratio.

107 1191 170 1229 Illa
192 1192 321 1242 potins
345 1193 553 1243 explicetur
573 1194 804 1232 incredibilis
828 1194 966 1232 fabrica
989 1199 1155 1232 naturae.
1198 1193 1292 1231 Nan]
1313 1205 1408 1242 quae
1426 1193 1507 1243 spi-

105 1247 180 1285 ritu
202 1248 241 1285 in
262 1249 465 1298 pulmones
488 1250 615 1288 anima
638 1250 802 1295 ducitur,
826 1262 868 1287 ea
891 1249 1041 1287 calescit
1063 1249 1231 1299 primun]
1255 1249 1341 1299 ipso
1366 1249 1410 1286 ab
1428 1248 1507 1299 spi-

105 1303 199 1349 ritu,
228 1304 363 1342 deinde
391 1306 617 1356 contagione
646 1306 892 1355 pulmonum:
923 1319 966 1343 ex
997 1318 1115 1355 eaque
1143 1318 1231 1355 pars
1253 1305 1425 1343 redditur
1447 1317 1507 1342 re—

105 1359 303 1409 spirando,
322 1373 409 1410 pars
428 1361 642 1412 concipitur
659 1362 786 1399 cordis
805 1368 910 1412 parte
929 1362 1105 1411 quadam,
1124 1374 1237 1411 quem
1256 1360 1508 1399 ventriculum

106 1416 232 1453 cordis
256 1416 461 1466 appellant,
486 1418 544 1455 cui
568 1418 704 1455 similis
727 1418 820 1455 alter
841 1418 1043 1456 adiunctus
1067 1423 1132 1463 est,
1155 1418 1193 1455 in
1216 1430 1326 1467 quem
1352 1416 1508 1465 sanguis

106 1484 126 1508 a
148 1471 272 1509 iecore
292 1484 361 1522 per
382 1485 513 1511 venam
536 1473 637 1511 illam
661 1486 791 1511 cavan]
813 1473 947 1511 influit.
989 1474 1121 1523 quue
1143 1473 1261 1510 modo
1279 1485 1323 1510 ex
1340 1473 1398 1509 his
1416 1484 1508 1522 par—

105 1527 208 1564 tibus
236 1533 272 1565 et
300 1529 456 1578 sanguis
480 1542 547 1578 per
566 1542 680 1567 venas
703 1529 742 1567 in
765 1541 879 1567 omne
903 1541 1044 1579 eorpus
1067 1529 1305 1574 diffunditur,
1335 1533 1370 1566 et
1392 1527 1508 1578 spiri-

105 1588 166 1620 tus
188 1595 257 1632 per
278 1584 447 1622 arterias,
482 1585 669 1635 Utraeque
690 1590 817 1623 autem
839 1586 992 1623 crebrae
1014 1585 1229 1635 multaeque
1245 1589 1326 1622 toto
1345 1596 1509 1634 corpore

105 1639 270 1676 intextae
298 1639 373 1677 riin
410 1641 601 1690 quandam
639 1641 897 1679 incredibilem
935 1641 1130 1679 artificiosi
1163 1641 1291 1690 operis
1320 1640 1509 1689 divinique

108 1700 307 1732 testantur.
351 1696 448 1741 Quid
479 1696 600 1734 dicam
630 1697 675 1734 de
704 1697 874 1743 ossibus,
904 1710 998 1746 quae
1020 1696 1189 1734 subiecta
1211 1696 1367 1746 corpori
1389 1696 1507 1733 inira-

106 1750 198 1788 hiles
229 1751 507 1790 commissuras
535 1752 691 1796 hahent,
728 1758 763 1790 et
791 1753 835 1791 ad
866 1752 1108 1791 stabilitatem
1139 1757 1246 1802 aptas
1275 1757 1310 1789 et
1333 1752 1378 1789 ad
1400 1756 1506 1789 artus

107 1806 297 1844 finiendos
333 1809 644 1846 acconnnodatas
680 1814 716 1846 et
751 1809 797 1847 ad
834 1814 981 1847 motum
1011 1813 1046 1847 et
1072 1808 1117 1846 ad
1147 1820 1302 1846 omnem
1331 1807 1506 1857 corporis

105 1929 190 1969 keit,
215 1930 274 1960 mit
298 1930 357 1960 der
374 1940 411 1960 er
428 1931 519 1961 diese
537 1941 640 1970 ganze
658 1931 770 1962 Partie

104 1973 331 2013 hingeworfen
355 1975 425 2009 hat,
451 1975 494 2006 ist
518 1976 574 2006 das
599 1985 659 2015 gar
682 1976 771 2006 nicht

105 2018 324 2058 unglaublich.
349 2037 393 2041 —
421 2020 480 2050 Die
499 2020 596 2051 Form
621 2022 771 2062 respira—

107 2065 162 2094 tus
192 2063 293 2094 findet
322 2064 389 2094 sich
420 2064 574 2104 iibrigens
598 2066 683 2096 wohl
710 2076 770 2096 nur

105 2108 186 2138 noch
215 2107 267 2138 bei
291 2107 443 2149 Appulei.
486 2109 565 2141 Met.
597 2110 616 2139 4
645 2120 674 2151 p.
709 2110 770 2141 149

106 2152 207 2183 Elm.:
229 2154 346 2194 parvis
364 2155 551 2196 respiratui
566 2156 653 2186 cirea
669 2165 770 2186 nares

106 2200 140 2228 et
168 2197 279 2228 oculos
307 2197 395 2229 (latis
418 2200 672 2239 J'oramz'm'b1133
707 2209 770 2236 wo,

104 2242 167 2272 wie
185 2252 257 2272 inan
276 2242 371 2283 sieht,
389 2243 446 2274 das
461 2243 627 2275 Athmen
648 2244 771 2274 iiber-

105 2287 233 2327 haupt
266 2286 458 2319 bezeichnet
489 2288 588 2327 wird,
626 2288 689 2319 wie
722 2299 771 2328 gr.

103 2326 285 2371 ἀναπνοὴ.

153 2375 226 2406 137.
242 2375 286 2407 ad
298 2387 382 2417 quas
398 2388 511 2408 omnes
525 2379 598 2409 eius
612 2379 682 2408 riae
693 2388 771 2420 pcr-

108 2422 227 2461 tinent,
251 2421 280 2451 d.
299 2421 329 2451 h.
357 2432 471 2452 omnes
488 2424 668 2463 sanguz‘m's
685 2424 769 2454 viae.

108 2462 192 2494 Dass
220 2464 270 2496 die
303 2464 411 2496 Leber
443 2467 501 2497 das
530 2468 771 2507 Centralorgan

108 2506 162 2537 fiir
178 2508 228 2538 die
245 2509 359 2540 Venen
377 2511 442 2549 sei,
466 2512 531 2542 und
548 2513 624 2543 dass
643 2512 690 2543 sie
709 2513 771 2543 den

110 2551 160 2581 ihr
181 2552 397 2592 zugesiihrten
416 2554 619 2598 Speisebrei,
643 2556 770 2598 chylus,

109 2595 140 2626 in
156 2595 231 2627 Blut
245 2600 449 2631 verwandelt
464 2601 524 2631 den
541 2601 654 2634 Venen
672 2601 771 2633 iiber-

842 1931 941 1971 gebe,
966 1941 1036 1961 war
1061 1931 1111 1961 die
1134 1930 1354 1961 lierrschende
1374 1930 1509 1961 Ansieht

843 1977 902 2007 der
923 1976 1012 2007 alten
1030 1975 1262 2017 Pliysiologen.
1297 1974 1372 2014 Vgl.
1392 1974 1507 2006 Galen.

843 2022 882 2051 de
900 2031 962 2052 usu
979 2025 1062 2062 part.
1081 2019 1172 2060 XVI,
1194 2020 1222 2050 1.
1245 2019 1294 2050 10.
1317 2019 1367 2049 14.

886 2099 948 2131 per
971 2099 1054 2130 quas
1079 2088 1194 2130 lapsus
1219 2088 1328 2124 cibus,
1358 2087 1388 2117 d.
1408 2087 1437 2117 h.
1457 2086 1508 2116 die

845 2133 875 2163 in
897 2134 970 2164 sslut
987 2132 1213 2164 verwandelte
1233 2131 1364 2172 Speise,
1390 2131 1449 2160 der
1467 2141 1507 2160 zu

846 2178 920 2210 sslut
936 2179 1134 2217 gewordene
1154 2175 1352 2217 Speisebrei.

888 2245 1030 2285 ‚epit-itus
1047 2252 1108 2284 per
1131 2242 1287 2273 arterias.
1321 2240 1419 2270 Diese
1438 2240 1508 2270 An-

844 2287 929 2318 sieht
952 2297 1023 2317 war
1053 2287 1100 2317 bis
1123 2286 1182 2317 auf
1204 2285 1307 2317 Galen
1331 2285 1382 2315 die
1414 2285 1507 2315 herr-

844 2332 995 2362 schende.
1030 2331 1105 2362 Man
1122 2331 1254 2369 meinte,
1273 2330 1349 2360 dass
1368 2329 1418 2359 die
1437 2330 1507 2360 ein-

842 2376 1028 2416 geathmete
1057 2375 1135 2406 Luft
1167 2375 1255 2406 nieht
1288 2374 1358 2404 blos
1393 2374 1424 2404 in
1457 2374 1508 2404 die

842 2421 995 2460 Lungen,
1023 2421 1164 2451 sondern
1189 2420 1271 2450 auch
1294 2420 1325 2449 in
1351 2418 1400 2449 die
1421 2418 1508 2449 linke

844 2466 1079 2497 Herzkammer
1111 2465 1225 2503 (lringe
1257 2464 1321 2494 und
1347 2473 1408 2494 von
1439 2463 1510 2493 hier

843 2521 903 2542 aus
928 2511 959 2541 in
977 2511 1028 2541 die
1046 2509 1216 2541 Arterien.
1252 2508 1356 2539 Galen
1385 2507 1508 2538 bewies

844 2555 875 2586 in
905 2555 998 2586 einer
1025 2555 1232 2585 besonderen
1261 2552 1401 2591 Schritt,
1432 2553 1508 2584 dass

844 2601 925 2631 auch
944 2600 994 2630 die
1010 2599 1163 2630 Arterien
1181 2598 1257 2629 Blut
1273 2597 1463 2629 enthielten.

1542 364 1602 396 137

1541 977 1601 1008 1:33

1540 1702 1602 1735 139
