1684 2819
191 149 274 187 204
762 145 819 177 DE
845 143 1026 177 OFFlClIS

194 250 275 288 luce
304 248 431 298 palam
458 248 497 286 in
525 249 611 286 foro
640 247 768 294 saltet,
797 247 912 297 idque
940 259 981 285 se
1008 246 1200 285 facturum
1227 246 1469 297 promiserit,
1493 245 1597 298 quod

193 305 300 343 aliter
320 304 499 342 heredem
523 315 610 342 eum
634 303 851 354 scripturus
873 302 932 341 ille
952 314 1034 341 non
1054 308 1169 349 esset,
1189 303 1301 342 faciat
1321 303 1425 354 quod
1446 302 1596 354 promi-

194 360 286 399 serit
307 358 458 399 necne?
500 360 733 399 Promisisse
760 360 902 398 nollem
925 364 962 397 et
989 358 1025 397 id
1053 358 1219 398 arbitror
1245 359 1366 398 fuisse
1393 358 1597 410 gravitatis.

154 424 155 428 ’
195 416 389 464 Quoniam
407 417 600 467 promisit,
625 417 656 455 si
675 416 813 455 saltare
830 416 868 454 in
886 416 971 454 soro
988 421 1100 467 turpe
1117 415 1241 461 ducet,
1264 416 1469 454 honestius
1485 427 1597 454 men-

116 644 169 681 25

123 705 165 736 94

126 1159 166 1190 95

197 473 325 519 tietur,
355 473 386 511 si
414 486 459 510 ex
486 472 695 511 hereditate
722 472 815 511 nihil
837 471 996 523 ceperit,
1025 484 1141 522 quam
1163 472 1195 510 si
1218 471 1376 523 ceperit,
1403 472 1478 510 nisi
1501 473 1598 510 sorte

194 542 276 568 eam
299 529 503 580 pecuniam
522 529 559 567 in
578 529 630 567 rei
647 528 822 579 publicae
839 540 1021 578 magnum
1039 527 1192 579 aliquod
1211 534 1363 579 tempus
1381 527 1599 574 contulerit,

196 591 238 624 ut
258 586 315 624 vel
337 586 484 631 saltare,
508 598 594 624 cum
617 585 764 636 patriae
786 584 1036 623 consulturus
1058 584 1119 629 sit,
1142 589 1255 635 turpe
1275 595 1356 622 non
1377 584 1437 623 sit.

309 642 362 681 Ac
382 655 431 680 ne
457 641 520 680 illa
548 641 703 692 quidem
725 640 921 691 promissa
950 640 1134 679 servanda
1157 646 1264 687 sunt,
1293 653 1388 692 quae
1408 652 1488 679 non
1509 645 1602 679 sunt

197 698 241 737 iis
270 698 365 749 ipsis
395 698 518 744 utilia,
548 698 689 749 quibus
717 697 777 736 illa
803 697 1044 749 promiseris.
1088 696 1154 735 Sol
1175 696 1408 736 Phaethonti
1435 696 1532 743 filio,
1560 701 1602 735 ut

194 755 398 793 redeamus
421 755 465 793 ad
490 754 654 800 fabulas,
682 754 872 793 facturum
900 766 941 792 se
969 765 1053 792 esse
1082 753 1177 792 dixit
1205 753 1392 804 quidquid
1415 758 1599 804 optasset.

195 811 349 862 Optavit
369 816 412 850 ut
439 811 476 849 in
502 823 659 849 currum
687 811 810 861 patris
838 810 1044 849 tolleretur.
1088 809 1268 849 Sublatus
1297 815 1366 848 est.
1409 810 1531 861 Atque
1556 809 1601 856 is,

195 873 281 907 ante
310 880 423 918 quam
453 867 645 913 constitit,
681 867 758 906 ictu
787 867 960 905 fulminis
995 866 1222 916 deflagravit.
1272 866 1428 913 Quanto
1463 865 1601 904 melius

196 925 316 963 fuerat
336 924 374 961 in
396 925 472 962 hoc
491 924 733 973 promissum
752 923 871 974 patris
889 935 969 961 non
986 935 1071 961 esse
1089 921 1298 961 servatum!
1337 920 1465 969 Quid?
1497 922 1601 972 quod

196 980 372 1018 Theseus
398 980 522 1029 exegit
543 979 783 1030 promissum
807 992 827 1017 a
844 977 1058 1030 Neptuno?
1089 978 1150 1017 cui
1173 991 1261 1017 cum
1282 984 1360 1017 tres
1383 977 1601 1029 optationes

195 1036 397 1087 Neptunus
419 1035 606 1081 dedisset,
629 1035 772 1086 optavit
793 1035 990 1074 interitum
1008 1034 1204 1086 Hippolyti
1228 1035 1309 1081 filii,
1337 1047 1424 1073 cum
1447 1034 1480 1073 is
1502 1034 1602 1085 patri

195 1097 400 1143 suspectus
417 1098 521 1131 esset
535 1092 580 1130 de
594 1103 770 1136 noverca,
786 1104 862 1142 quo
887 1097 1018 1143 optato
1040 1091 1245 1143 impetrato
1262 1091 1436 1130 Theseus
1459 1091 1496 1129 in
1517 1103 1601 1130 ma-

197 1149 309 1187 ximis
334 1148 403 1187 suit
423 1148 600 1187 luctibus.
645 1147 774 1196 Quid?
811 1148 1081 1199 Agamemnon
1110 1160 1196 1186 cum
1225 1147 1443 1187 devovisset
1464 1147 1603 1186 Dianae

197 1206 301 1256 quod
325 1205 363 1243 in
386 1217 457 1243 suo
480 1217 599 1256 regno
624 1204 929 1256 pulcherrimum
950 1210 1086 1243 natum
1109 1210 1213 1243 esset
1233 1204 1294 1243 illo
1317 1216 1437 1250 anno,
1458 1203 1601 1242 immo—

194 1262 282 1300 lavit
300 1261 554 1312 Iphigeniam,
583 1274 656 1312 qua
678 1261 774 1300 nihil
795 1266 874 1300 erat
895 1274 940 1300 eo
963 1261 1116 1312 quidem
1139 1272 1242 1300 anno
1264 1266 1396 1300 natum
1418 1260 1601 1312 pulcrius.

241 1352 294 1383 ⁴.)3.
328 1352 448 1384 saliet:
484 1363 514 1383 z.
534 1352 563 1394 ᾖ.
583 1352 635 1383 75.

937 1362 1001 1393 zug
1017 1351 1076 1384 auf
1089 1352 1213 1393 diesen,
1232 1353 1296 1384 wie
1313 1351 1338 1393 I,
1357 1352 1408 1395 39,
1429 1351 1491 1383 139
1515 1351 1605 1394 quod

242 1399 433 1441 scripturus·
461 1409 526 1429 non
554 1400 658 1439 esset,
688 1408 725 1429 er
748 1397 863 1429 wiirde

936 1399 968 1430 1⁴71
987 1397 1102 1429 multis
1119 1396 1195 1429 licet
1214 1397 1336 1430 dicere.

196 1443 248 1473 ihn
269 1443 357 1474 nicht
374 1443 563 1483 eingesetzt
580 1442 695 1474 haben.

231 1488 352 1529 secisse
372 1490 575 1529 gravitatis:
608 1488 637 1518 in
669 1488 728 1519 der
757 1488 863 1519 oratio

196 1537 287 1564 recta
305 1533 419 1564 wiirde
439 1533 513 1574 fuit
526 1534 709 1574 grat-[tatis
727 1534 862 1571 stehen3

196 1578 260 1609 wir
277 1588 394 1618 sagen:
425 1578 483 1609 das
509 1578 598 1609 h'atte
624 1578 714 1609 scine
734 1577 863 1610 W'iirde

197 1623 359 1663 verlangt.
409 1624 442 1654 S.
463 1634 491 1654 z.
516 1622 527 1653 l
554 1622 586 1665 ξ.
607 1623 626 1654 4
657 1625 688 1655 .ςί
704 1623 865 1656 voluisset

194 1687 238 1691 —
249 1671 415 1711 potuisse.

240 1715 416 1745 honestius
433 1715 630 1754 mentietur,
654 1713 737 1745 wird
755 1724 793 1745 er
808 1714 868 1745 aul·

197 1759 270 1790 eine
302 1759 480 1790 ehrbarere
508 1758 624 1789 Weise
658 1758 727 1790 sein
762 1758 863 1790 wart

196 1804 354 1839 brechen:
386 1805 469 1835 denn
491 1804 559 1835 sein
580 1803 681 1834 wort
704 1803 811 1835 brit-ht
828 1814 865 1835 er

195 1848 331 1880 ausalle
349 1849 458 1886 Fiille,
485 1859 581 1879 wenn
601 1858 638 1879 er
655 1849 743 1879 nicht
760 1853 864 1887 tanzt,

196 1904 269 1932 mag
282 1904 319 1923 er
332 1893 382 1923 die
396 1893 573 1924 Erbschal't
586 1893 765 1924 annehmen
785 1894 866 1924 oder

198 1939 296 1970 nicht.

241 1994 404 2025 vulgiiam
438 1984 573 2026 aliquod
604 1986 752 2027 tempus,
787 1984 816 2014 (l.
843 1984 862 2014 i.

198 2039 299 2069 grav(-
318 2033 464 2070 tempus,
503 2029 575 2059 eine
594 2039 710 2069 grosse
727 2028 862 2060 Gel'ahr.

196 2092 240 2096 —
259 2073 324 2105 Das
340 2074 480 2116 Beispiel
501 2074 604 2105 bietet
617 2074 711 2105 einen
729 2073 866 2104 Conflict

198 2119 361 2150 zwischen
384 2120 445 2150 (len
465 2119 702 2159 Forderungen
721 2119 779 2150 des
797 2118 865 2150 Au-

198 2164 332 2196 standes
368 2165 431 2195 und
469 2165 528 2195 der
563 2163 864 2202 Vaterlandsliebe,

197 2209 352 2241 woriiber
370 2210 409 2241 im
431 2209 655 2250 Allgcmeinen
675 2208 702 2250 l,
720 2209 779 2244 45,
803 2208 864 2239 159

198 2256 400 2295 gesproehen
417 2255 469 2286 ist.

243 2295 311 2332 ²25.
330 2300 382 2331 9-1.
403 2304 580 2342 antequam
599 2301 751 2332 constiti!
766 2299 863 2330 niiml.

198 2356 268 2377 euin
287 2356 403 2383 curru,
429 2346 532 2377 bevor
549 2356 586 2375 er
608 2345 659 2376 die
680 2345 765 2376 Erde
784 2345 864 2375 wie-

198 2391 257 2421 ‹ler
277 2390 413 2423 beriihrt
430 2392 530 2422 hatte.

243 2438 275 2466 iu
291 2437 361 2473 hoe,
383 2437 412 2467 in
431 2437 553 2467 diesem
569 2435 672 2476 Fullo,
691 2435 754 2466 wie
773 2434 795 2474 l,
814 2434 864 2474 ll,

199 2481 240 2510 :15
264 2482 295 2512 in
315 2492 378 2523 quo
401 2483 432 2512 si
450 2482 533 2512 milti
547 2484 637 2513 esset
660 2482 866 2523 obtempera-

200 2529 289 2564 t11m‚·
315 2527 395 2557 doeh
414 2526 537 2557 kiinnte
555 2536 626 2557 man
646 2536 682 2556 es
707 2527 788 2557 auch
812 2524 870 2556 auf

200 2570 367 2601 Phaethon
386 2571 553 2602 beziehen.
597 2573 629 2602 1⁴12
648 2571 724 2611 hoc,
755 2571 785 2601 in
806 2570 865 2601 Be-

987 1441 1154 1475 Theseus.-
1179 1441 1202 1483 Ι,
1225 1443 1274 1481 10,
1294 1441 1348 1473 32.

981 1497 1143 1520 noverca:
1160 1487 1320 1519 Phaedra.

982 1535 1133 1576 optatum
1163 1533 1208 1564 ist
1232 1543 1316 1573 ganz
1346 1532 1603 1564 substantivisch

937 1578 1128 1618 gebraucht.
1173 1577 1249 1619 Vgl.
1268 1577 1290 1618 l,
1312 1577 1362 1617 10,
1381 1577 1422 1609 35
1445 1577 1529 1609 nihil
1543 1579 1603 1609 lea-

936 1625 994 1656 beo
1011 1626 1150 1666 praeter·
1165 1623 1332 1656 auditum.

983 1669 1037 1700 95.
1071 1668 1125 1700 illo
1143 1679 1240 1701 anno.
1276 1669 1354 1701 Dies
1372 1668 1602 1711 Versprechen

936 1713 1013 1746 falli
1024 1714 1105 1745 aber
1118 1714 1198 1745 nach
1213 1714 1272 1745 der
1286 1713 1500 1755 Darstellung
1517 1714 1604 1755 grie-

938 1759 1089 1790 chischer
1098 1758 1344 1791 Schril'tsteller
1352 1759 1383 1790 in
1394 1759 1461 1790 viel
1470 1758 1603 1790 sriihere

939 1804 1016 1835 Zeit
1032 1804 1082 1835 als
1100 1803 1151 1835 die
1167 1803 1338 1846 Opserung
1354 1805 1414 1835 der
1427 1803 1604 1846 Iphigenia,

938 1850 989 1880 die
1004 1849 1041 1889 ja
1058 1858 1121 1879 von
1139 1849 1248 1889 Argos
1273 1849 1501 1890 herbeigeholt
1518 1859 1607 1880 wur-

939 1895 977 1925 dc
996 1899 1095 1925 unter
1112 1894 1183 1925 dem
1203 1893 1389 1925 Vorwande
1407 1894 1501 1926 einer
1518 1893 1605 1925 Ver-

938 1938 1092 1978 1n'al1lung
1113 1938 1172 1970 mit
1195 1939 1354 1970 Achilles.
1403 1939 1469 1970 Das
1500 1938 1605 1970 Motiv

938 1984 995 2014 des
1005 1984 1228 2023 Agamemnon
1244 1994 1285 2014 zu
1299 1984 1410 2015 dieser
1423 1983 1509 2015 That
1521 1983 1607 2015 wird

938 2028 1359 2069 verschffldenaufgefasst,
1377 2029 1449 2060 hier
1458 2029 1509 2060 als
1518 2028 1605 2061 Ver-

938 2074 1116 2116 pssichtung
1141 2073 1171 2104 in
1195 2073 1299 2114 Folge
1324 2074 1415 2105 eines
1440 2073 1606 2116 Verspre-

938 2119 1049 2156 cliens,
1067 2119 1276 2150 anderwiirts
1289 2118 1339 2150 als
1349 2118 1607 2159 Unterordnung

938 2164 997 2195 der
1014 2163 1218 2195 vaterlichen
1235 2163 1337 2195 Liebe
1353 2168 1452 2195 unter
1468 2164 1527 2196 das
1544 2164 1607 2196 all-

938 2209 1085 2249 gemeine
1103 2209 1306 2249 griechische
1323 2208 1504 2249 lnteresse,
1527 2209 1607 2241 oder

938 2255 987 2286 als
1027 2253 1214 2296 Siihnopl'er
1251 2253 1305 2285 fiir
1343 2254 1394 2286 die
1434 2255 1605 2295 geto'dtete

939 2299 1124 2331 llirschkuh
1158 2300 1217 2331 der
1245 2299 1407 2339 Artemis,
1441 2309 1504 2331 von
1535 2300 1605 2331 dem

939 2344 1076 2376 Stoiker
1092 2344 1142 2375 bei
1161 2344 1274 2376 Horat.
1291 2349 1352 2376 sat.
1364 2343 1405 2383 ll,
1424 2343 1455 2384 3,
1477 2344 1539 2376 199
1556 2344 1605 2376 als

940 2389 1215 2430 Unterdriickung
1228 2390 1286 2421 der
1301 2388 1490 2421 Vaterliehe
1503 2389 1606 2421 durch

940 2436 1000 2466 den
1020 2434 1180 2475 Ehrgciz:
1199 2438 1236 2466 tn
1252 2444 1328 2467 cum
1341 2444 1406 2477 pro
1420 2434 1525 2466 vitula
1536 2437 1608 2466 sta-

940 2481 1009 2512 tuis
1050 2479 1179 2511 dulcem
1216 2479 1340 2511 Aulide
1375 2482 1493 2511 natam
1529 2482 1608 2511 ante

939 2535 1037 2557 aram
1061 2527 1263 2568 spargisque
1284 2524 1374 2556 mola
1399 2527 1514 2568 caput,
1544 2525 1607 2556 im-

938 2571 1051 2613 probe,
1068 2570 1168 2610 salsa,
1188 2573 1318 2602 rectum
1335 2571 1441 2601 animi
1455 2571 1594 2602 servas?
