1684 2819
556 179 634 212 LIB.
651 179 677 212 I.
715 179 806 213 CAP.
825 180 844 212 8
858 198 898 204 —
917 180 968 212 10.

1406 181 1459 220 43

2 303 9 327 2
55 285 249 324 voluntate
270 283 362 322 fieri.
404 283 502 321 Nam
522 283 599 321 hoc
619 282 748 334 ipsum
770 282 819 321 ita
841 282 986 321 iustum
1007 289 1082 330 est,
1104 282 1209 334 quod
1228 287 1331 321 recte
1354 282 1406 328 fit,
1427 281 1460 320 si

57 346 114 380 est
129 339 396 379 voluntarium.
436 340 535 378 Sunt
551 338 677 385 etiam,
702 339 766 390 qui
783 344 848 377 aut
865 338 992 377 studio
1010 338 1067 377 rei
1084 338 1280 377 familiaris
1296 338 1461 378 tuendae
1486 347 1528 379 29

55 401 120 436 aut
141 395 230 434 odio
255 395 423 447 quodam
444 395 649 434 hominum
671 407 786 434 suum
807 408 848 433 se
868 395 1067 445 negotium
1088 407 1198 445 agere
1219 394 1368 442 dicant,
1391 405 1463 434 nec

56 454 177 492 facere
207 452 389 503 cuiquam
410 452 612 491 videantur
633 451 833 490 iniuriam:
865 451 929 502 qui
951 451 1070 490 altero
1094 463 1232 501 genere
1253 450 1462 490 iniustitiae

55 513 204 554 vacant,
235 509 274 546 in
301 509 461 547 alterum
490 508 703 547 incurrunt.

753 507 942 546 Deserunt
969 507 1070 545 enim
1098 507 1197 546 vitae
1225 507 1460 554 societatem,

55 564 143 616 quia
165 564 259 603 nihil
281 566 485 604 conferunt
506 565 545 603 in
567 577 651 603 eam
677 563 804 610 studii,
826 564 922 602 nihil
938 576 1091 614 operae,
1113 563 1208 602 nihil
1224 564 1459 602 facultatum.

167 621 330 668 Quando
359 621 473 671 igitur
502 620 654 659 duobus
682 619 887 670 generibus
917 619 1124 658 iniustitiae
1151 619 1365 670 propositis
1394 619 1461 658 ad-

53 677 246 716 iunximus
269 690 404 716 causas
426 677 627 727 utriusque
645 676 806 726 generis,
829 688 968 726 easque
984 688 1045 714 res
1065 680 1154 713 ante
1173 676 1461 721 constituimus,

54 734 194 784 quibus
212 733 353 772 iustitia
366 734 638 779 contineretur,
653 732 760 771 facile
776 732 879 782 quod
893 732 1078 782 cuiusque
1090 732 1278 782 temporis
1291 731 1462 771 officium

54 790 102 829 sit
123 790 359 840 poterimus,
381 789 455 827 nisi
477 794 633 827 nosmet
654 788 762 838 ipsos
784 788 891 826 valde
911 788 1146 834 amabimus,
1170 788 1350 826 iudicare.
1392 788 1462 826 Est

52 846 156 885 enim
189 845 351 884 difficilis
387 857 477 883 cura
504 857 634 882 rerum
662 844 881 882 alienarum.
933 844 1177 894 Quamquam
1206 843 1460 882 Terentianus

52 902 112 941 ille
133 900 315 940 Chremes
338 900 509 939 ‘humani
530 901 624 939 nihil
645 910 727 939 a‘se
749 900 915 939 alienum
937 900 1069 951 putat'.
1114 900 1189 938 Sed
1211 905 1351 946 tamen,
1373 899 1462 950 quia

51 958 173 1008 magis
202 970 244 996 ea
276 957 511 1009 percipimus
533 962 645 1008 atque
667 956 877 1002 sentimus,
909 969 1004 1007 quae
1024 956 1139 995 nobis
1161 955 1257 1007 ipsis
1281 961 1344 994 aut
1366 968 1461 1007 pro-

0 1029 1 1061 3
53 1027 165 1065 spera
191 1019 254 1053 aut
275 1015 432 1053 adversa
454 1013 650 1059 eveniunt,
679 1026 795 1064 quam
816 1013 895 1059 illa,
926 1025 1021 1063 quae
1045 1012 1198 1059 ceteris,
1231 1025 1327 1063 quae
1351 1012 1462 1063 quasi

0 1074 1 1083 ²
50 1071 167 1121 longo
191 1071 385 1109 intervallo
408 1070 605 1115 interiecto
628 1070 821 1116 videmus,
844 1069 950 1108 aliter
971 1069 1017 1107 de
1038 1068 1108 1107 illis
1132 1081 1176 1107 ac
1197 1068 1242 1107 de
1264 1068 1377 1107 nobis
1399 1068 1460 1108 iu-

52 1127 237 1166 dicamus.
279 1127 467 1174 Quocirca
494 1127 592 1164 bene
613 1125 855 1177 praecipiunt
877 1126 940 1176 qui
962 1130 1089 1164 vetant
1110 1124 1314 1175 quicquam
1336 1137 1460 1175 agere,

52 1183 156 1234 quod
183 1183 335 1230 dubites
363 1196 531 1234 aequum
561 1183 610 1220 sit
631 1194 679 1220 an
700 1181 886 1232 iniquum.
929 1182 1110 1232 Aequitas
1132 1181 1234 1219 enim
1255 1181 1356 1219 lucet
1377 1181 1462 1231 ipsa

51 1252 120 1290 per
141 1252 193 1285 se,
218 1239 401 1278 dubitatio
424 1239 696 1289 cogitationem
719 1238 908 1288 significat
929 1237 1101 1276 iniuriae.

165 1295 241 1334 Sed
263 1295 438 1334 incidunt
459 1308 573 1345 saepe
594 1301 788 1345 tempora,
818 1307 905 1333 cum
928 1307 987 1341 ea,
1018 1306 1114 1345 quae
1136 1293 1302 1332 maxime
1325 1293 1459 1332 viden—
1480 1294 1532 1332 10

1486 796 1528 827 30

52 1358 114 1391 tur
134 1352 247 1401 digna
269 1364 354 1390 csse
376 1351 477 1390 iusto
500 1351 659 1389 homine
681 1363 814 1402 coque,
839 1363 952 1402 quem
974 1351 1098 1388 virum
1115 1350 1264 1388 bonum
1281 1349 1459 1396 dicimus,
1486 1355 1525 1387 31

49 1414 336 1447 commutantur
364 1409 537 1458 fiuntque
570 1407 779 1454 contraria,
809 1414 850 1446 ut
876 1407 1036 1445 reddere
1065 1406 1307 1457 depositum,
1337 1407 1460 1444 facere

47 1464 307 1515 promissum,
338 1476 510 1515 quaeque
533 1464 725 1515 pertinent
746 1464 792 1502 ad
815 1464 1009 1502 veritatem
1031 1468 1067 1500 et
1089 1463 1136 1500 ad
1157 1463 1290 1508 tidem,
1320 1474 1362 1500 ea
1384 1462 1459 1501 mi—

48 1533 155 1571 grare
176 1520 369 1559 interdum
392 1525 430 1558 et
450 1533 530 1558 non
553 1532 703 1558 servare
725 1520 765 1557 tit
787 1520 945 1558 iustum.
987 1518 1135 1557 Referri
1157 1518 1260 1557 enim
1283 1519 1391 1557 decet
1411 1518 1459 1557 ad

49 1589 103 1622 ea,
127 1589 222 1627 quae
244 1576 357 1627 posui
378 1576 580 1627 prinprio,
605 1576 853 1614 fundamenta
876 1575 1060 1614 iustitiae:
1084 1575 1254 1626 primum
1276 1582 1381 1614 utne
1398 1573 1458 1613 cui

47 1637 252 1679 noceatur,
287 1632 422 1670 deinde
450 1638 491 1670 ut
519 1632 716 1671 communi
744 1632 895 1670 utilitati
925 1632 1121 1670 serviatur.
1162 1631 1216 1669 Ea
1243 1644 1330 1669 cum
1358 1636 1458 1669 tem-

48 1701 142 1739 pore
160 1694 460 1733 commutantur,
480 1694 741 1727 commutatur
759 1688 929 1727 osticium
947 1694 983 1726 et
1000 1699 1079 1726 non
1099 1699 1252 1738 semper
1270 1692 1328 1725 cst
1344 1687 1458 1725 idem.

92 1834 146 1865 29.
186 1844 245 1865 nee
265 1835 391 1876 facere
422 1835 607 1866 zv'decmtur.
656 1834 714 1865 Dic

46 1879 143 1911 Hdss.
162 1879 266 1910 haben
282 1880 367 1921 nes.
384 1889 423 1921 zu,
441 1880 499 1910 das
513 1879 638 1919 xviii-de,
657 1879 715 1910 ab·

45 1925 166 1965 hiingig
195 1934 258 1955 von
272 1924 415 1962 ’(Ιίοαηΐ,
456 1925 518 1955 den
548 1924 715 1956 vorwand

45 1969 207 2010 angeben,
235 1969 294 2000 mit
318 1969 389 2000 dem
409 1969 489 2010 jene
513 1969 619 2000 Leute
644 1969 713 1999 ihre

46 2013 400 2054 Zuriickgezogenheit
447 2014 712 2054 entschuldigen3

46 2059 126 2090 aber
143 2059 174 2089 in
193 2059 276 2090 dem
296 2059 389 2090 Falle
405 2060 495 2091 hatte
512 2059 576 2090 Cic.
592 2059 656 2090 wol
674 2070 715 2090 ne

35 2105 177 2145 faciant
208 2104 436 2143 geschrieben.
486 2103 555 2136 Nec
582 2105 648 2135 und
675 2114 716 2135 uc

45 2149 190 2180 konnten
208 2149 308 2179 leicht
325 2150 517 2180 vertauscht
533 2150 679 2180 werden.

90 2195 248 2234 cuiusque
263 2196 432 2236 temporis,
449 2194 478 2224 in
489 2193 715 2233 jedemFallc,

45 2238 76 2279 ξ.
94 2238 147 2269 31.
168 2237 220 2268 39.
240 2238 293 2269 51.
316 2238 388 2269 159.

90 2282 143 2314 30.
180 2282 243 2314 Est
267 2285 354 2314 enim
377 2282 544 2325 difficilis:
578 2283 716 2314 niimlich

48 2337 162 2368 wegcn
181 2328 240 2358 der
259 2327 468 2367 Selbstliebe,
487 2328 550 2359 wie
569 2328 715 2359 dei-Satz

45 2373 103 2404 mit
120 2372 181 2404 sed
196 2376 305 2404 tamen
324 2374 403 2415 quia
419 2375 531 2415 711a3·e's
551 2373 715 2404 ausfiihrt.

46 2417 144 2449 Enim
163 2417 281 2460 kniipft
297 2418 368 2449 also
386 2428 427 2450 an
445 2419 506 2450 den
525 2418 715 2449 Zwischen-

48 2466 136 2502 satz,
160 2464 228 2494 nisi
241 2466 373 2495 uosmet
392 2466 461 2506 z'psz'
477 2463 570 2495 valde
586 2464 715 2495 amabi-

45 2517 123 2538 mus
140 2516 199 2546 ειυς
226 2508 291 2548 vgl.
309 2508 340 2549 ξ.
363 2507 436 2539 139.

95 2550 261 2583 Chremes.
298 2553 515 2593 Heautont.1,
539 2554 566 2594 1,
585 2554 626 2586 25
657 2555 718 2587 lzo-

49 2593 103 2628 ιηό
127 2607 219 2628 sum:
243 2597 382 2630 humani
408 2597 492 2630 m'lu'l
513 2610 535 2630 α
556 2610 609 2631 me
637 2599 716 2631 alie-

787 1835 867 1866 num
883 1837 977 1877 puto.
1004 1833 1065 1865 Mit
1079 1834 1150 1864 dem
1165 1833 1271 1865 verse
1290 1833 1459 1864 entschul-

789 1880 858 1919 digt
887 1879 1043 1910 Chremes
1077 1879 1147 1909 scin
1181 1878 1394 1909 Einmischen
1428 1878 1460 1909 in

788 1924 912 1956 fremde
931 1923 1203 1964 Angelegenhcit.

828 1969 1278 2012 percipimus*sentimuae
1293 1968 1345 1999 ein
1356 1963 1459 2000 ὕστε-

789 2025 854 2057 ρον
872 2011 1064 2058 πρότερον,
1083 2014 1134 2045 die
1148 2013 1365 2055 Empfindung
1381 2014 1460 2053 geht

787 2060 846 2090 der
864 2059 1065 2099 Auffassung
1082 2069 1216 2090 vorans.

837 2104 999 2143 Quocirca
1028 2106 1107 2135 bene
1128 2105 1352 2147 praecipiunt.
1400 2103 1459 2134 Die

790 2150 860 2180 hier
883 2150 1050 2189 gegebene
1074 2148 1246 2188 einseitige
1270 2147 1462 2180 Vorschrift

790 2195 847 2225 des
877 2193 1042 2225 Handelns
1075 2193 1119 2223 ist
1153 2193 1242 2224 nicht
1274 2193 1323 2224 die
1352 2192 1460 2224 Lehre

791 2239 884 2269 einer
919 2238 1275 2279 Philosophenschule,
1317 2238 1460 2269 sondern

791 2284 863 2314 eine
883 2283 925 2314 im
939 2282 1059 2314 Munde
1077 2283 1134 2314 des
1153 2283 1337 2314 ro‘inischen
1352 2282 1459 2315 Volks

790 2328 928 2359 lebende
959 2327 1114 2359 Sentenz.
1157 2327 1238 2359 Plin.
1271 2338 1321 2369 ep.
1351 2328 1380 2366 Ι,
1420 2327 1459 2358 18

793 2372 914 2405 Tutius
926 2376 1028 2417 putas
1041 2372 1123 2404 illud
1139 2374 1332 2404 cautissimi
1346 2375 1460 2405 cuius-

790 2429 851 2459 que
862 2421 1090 2461 praeceptum,
1106 2418 1194 2459 quod
1207 2418 1339 2449 dubitas
1352 2419 1459 2459 nese-

790 2465 885 2502 eem‘s,
899 2463 934 2495 z‘d
948 2465 1063 2507 ipsum
1080 2464 1235 2495 rescribe.

838 2502 902 2541 10.
926 2508 979 2540 31.
999 2508 1048 2540 Ea
1061 2519 1134 2540 cum
1150 2511 1300 2552 tempore
1313 2518 1459 2540 commu-

791 2556 923 2586 tantur:
947 2554 999 2585 ein
1018 2554 1247 2594 nachliissiger
1264 2554 1458 2592 Ausdruek3

791 2599 876 2630 denn
911 2599 962 2630 die
997 2597 1208 2631 G1·unds÷itze
1248 2598 1377 2631 bleiben
1407 2599 1458 2631 die
