1684 2819
598 202 676 235 LIB.
694 202 718 235 Ι.
756 202 846 235 CAP.
869 203 920 234 12.
941 202 992 234 13.
1448 202 1500 241 49

213 303 354 344 Virtute
375 307 638 356 emperiammu
681 305 725 344 Et
745 304 813 344 hoc
835 304 950 343 simul
971 307 1097 356 accipe
1118 305 1280 343 diotimo:

209 361 385 407 Quorum
405 363 562 400 vz‘rtutei
583 361 674 400 belle·
690 363 852 413 fortuna
869 363 1057 413 pepercit,

209 417 441 456 Eorumdem
464 417 633 456 libertate·
650 430 708 456 me
725 429 891 469 parcere
913 424 1052 456 certum
1076 424 1140 456 est.

208 473 319 512 Dono
344 475 466 512 ducite
488 475 605 525 doque
627 474 839 513 volentibus
861 486 943 512 cum
965 476 1115 525 maym's
1137 474 1205 512 dis.

97 530 246 581 Regalis
270 542 361 568 sane
383 536 418 568 et
440 530 553 580 digna
573 531 822 569 Aeacidarum
845 542 983 580 genere
1005 529 1205 568 sententia.

210 586 332 637 Atque
352 586 482 633 etiam,
515 587 546 625 si
570 587 660 637 quid
684 586 821 637 singuli
843 586 1083 637 temporibus
1105 585 1257 624 adducti
1280 585 1384 624 hosti
1406 596 1500 635 pro-

98 643 299 689 miserunt,
320 647 378 681 est
397 642 436 680 in
459 656 505 681 eo
528 643 613 693 ipso
632 643 725 681 fides
744 643 1016 688 conservande,
1040 647 1081 680 ut
1097 642 1223 692 primo
1241 641 1388 680 Punico
1405 640 1501 679 bello

99 699 267 749 Regulus
290 704 422 750 captus
446 712 465 737 a
489 699 651 746 Poenis,
675 711 761 737 cum
784 699 830 737 de
851 699 1008 749 captivis
1033 697 1317 736 commutandis
1339 697 1504 736 Romam

100 756 244 794 missus
267 761 372 793 esset
391 755 631 805 iurassetque
654 768 694 793 se
715 755 949 801 rediturum,
972 754 1160 805 primum,
1180 759 1222 792 ut
1243 754 1360 800 venit,
1383 753 1504 804 eapti—

99 824 168 850 vos
198 811 416 850 reddendos
446 811 484 848 in
514 816 650 849 senatu
678 823 759 849 non
782 811 948 857 censuit,
977 810 1133 856 deinde,
1162 823 1248 848 eum
1276 810 1506 848 retineretur

100 881 120 906 a
147 867 378 918 propinquis
407 872 444 905 et
472 867 517 905 ab
546 866 696 914 amicis,
733 867 779 905 ad
808 866 1039 917 supplicium
1065 866 1190 904 redire
1225 866 1356 905 maluit
1390 877 1504 916 quam

100 923 216 962 fidem
245 923 350 961 hosti
384 922 510 961 datam
546 923 683 962 fallere.
729 923 925 972 [Secundo
961 928 1087 961 autem
1116 922 1261 960 Punico
1291 921 1387 960 hello
1416 926 1507 972 post

101 979 342 1018 Cannensem
364 992 548 1030 pugnam,
571 992 668 1029 quos
691 980 822 1018 decem
839 979 1027 1018 Hannibal
1044 979 1207 1017 Romam
1230 979 1410 1017 astrictos
1432 977 1507 1015 nii—

102 1035 152 1074 sit
171 1035 254 1074 iure
270 1036 431 1074 iurando
451 1049 492 1074 se
509 1036 702 1074 redituros
721 1048 818 1082 esse,
840 1036 914 1074 nisi
932 1036 976 1073 de
992 1035 1227 1074 redimendis
1246 1035 1302 1081 iis,
1325 1034 1388 1085 qui
1407 1033 1508 1085 eapti

102 1097 228 1138 erant,
256 1091 548 1142 impetrassent,
570 1105 637 1131 eos
661 1104 796 1130 omnes
820 1104 1018 1137 censores,
1041 1091 1166 1142 quoad
1189 1091 1350 1142 quisque
1372 1102 1508 1129 eorum

102 1148 209 1195 vixit,
238 1148 301 1198 qui
331 1148 584 1198 paim-assent,
614 1150 652 1186 in
683 1148 835 1187 aerariis
864 1148 1118 1198 reliquerunt,
1147 1160 1217 1185 nee
1244 1148 1374 1185 minus
1403 1146 1508 1184 illum

105 1204 168 1255 qui
198 1204 291 1242 iuris
320 1204 470 1243 iurandi
499 1205 630 1243 fraude
665 1205 815 1255 eulpam
845 1205 1051 1242 invenerat.
1099 1203 1193 1241 Cum
1229 1203 1331 1241 enim
1360 1202 1508 1241 Hanni-

103 1260 199 1299 balis
221 1260 414 1311 permissu
436 1261 576 1299 exisset
598 1261 644 1299 de
666 1261 815 1307 eastris,
838 1260 949 1299 rediit
970 1260 1095 1311 paullo
1118 1266 1222 1310 post,
1247 1259 1349 1310 quod
1373 1272 1414 1297 se
1436 1259 1508 1297 ol)-

104 1316 213 1355 litum
235 1316 365 1354 neseio
389 1316 478 1367 quid
501 1316 654 1356 diceret.
690 1317 833 1356 Deinde
851 1329 1031 1367 egressus
1049 1329 1068 1354 e
1087 1316 1222 1354 eastris
1243 1316 1325 1354 iure
1346 1315 1509 1353 iurando

105 1385 146 1410 se
167 1373 335 1411 solutum
359 1372 534 1423 putabat,
566 1378 602 1412 et
623 1380 702 1412 erat
722 1372 866 1418 verbis,
896 1386 937 1411 re
964 1385 1044 1411 non
1068 1377 1158 1411 erat.
1201 1372 1364 1422 Semper
1383 1377 1511 1409 aulem

105 1429 144 1467 in
171 1429 244 1467 fide
272 1429 360 1480 quid
391 1429 578 1476 senseris,
607 1441 687 1467 non
716 1429 805 1480 quid
834 1429 975 1467 dixeris
1005 1429 1264 1478 cogitandum.
1305 1427 1513 1466 Maximum

106 1490 233 1523 autem
255 1485 472 1535 exemplum
495 1491 554 1524 est
574 1485 737 1524 iustitiae
758 1486 796 1524 in
817 1486 970 1524 hostem
989 1498 1008 1523 a
1026 1485 1236 1523 maioribus
1254 1484 1399 1523 nostris
1417 1495 1513 1522 con-

107 1541 302 1587 stitutum,
332 1554 418 1579 eum
441 1554 460 1579 a
483 1542 629 1592 Pyrrho
659 1543 817 1592 perfuga
848 1541 995 1580 senatui
1024 1547 1082 1580 est
1109 1541 1301 1592 pollicitus
1330 1553 1371 1578 se
1398 1552 1513 1578 vene-

107 1609 200 1635 num
230 1597 309 1647 regi
337 1597 516 1636 daturum
546 1603 582 1636 et
609 1611 695 1637 eum
725 1603 970 1643 necaturum,
1001 1603 1156 1635 senatus
1185 1602 1219 1635 et
1250 1596 1288 1635 C.
1317 1596 1515 1635 Fabricius

109 1653 309 1704 perfugam
338 1653 486 1704 Pyrrho
516 1654 670 1693 dedidit.
718 1654 774 1693 Ita
800 1667 848 1692 ne
882 1654 1006 1692 hostis
1037 1653 1191 1704 quidem
1220 1658 1253 1691 et
1283 1653 1452 1705 potentis
1480 1657 1517 1690 et

154 1766 265 1807 accipe
282 1764 325 1796 ist
341 1774 380 1795 an
400 1763 587 1801 Fabricius,
615 1767 675 1797 den
695 1765 781 1797 Vor-

853 1766 956 1804 dam).
975 1764 1520 1804 LehrreichisteinYergleiehmit

111 1810 224 1841 steher
242 1810 301 1840 der
318 1808 584 1852 Gesandtschast,
604 1811 779 1851 geriehtet,

855 1811 915 1842 den
933 1810 1059 1841 Stellen
1081 1810 1138 1841 des
1152 1810 1275 1841 dritten
1292 1810 1408 1848 Βιιοὴς,
1428 1810 1519 1840 inso-

111 1855 222 1886 dacite
238 1864 277 1885 an
292 1854 358 1885 alle
376 1853 395 1884 3
408 1854 585 1887 Gesandte.
612 1856 672 1887 Die
682 1856 780 1887 Form

111 1901 228 1943 aepite,
246 1900 298 1930 die
308 1898 427 1941 Zumpt
442 1910 501 1931 aus
511 1901 604 1931 einer
613 1900 690 1931 Hds.
709 1900 781 1931 aus—

111 1945 243 1982 nimmt,
276 1944 361 1975 liisst
390 1945 458 1975 sicli
495 1945 583 1977 nicht
618 1945 782 1976 erweisen

111 1990 176 2021 und
204 1989 289 2020 wird
317 1989 417 2021 durch
447 1990 498 2021 die
527 1990 689 2031 Analogie
717 2001 780 2021 von

112 2036 242 2077 surpite
259 2034 336 2065 Hor.
348 2040 409 2066 sat.
429 2034 576 2076 11‚3,283
596 2037 677 2067 noch
696 2036 784 2066 nieht

113 2078 377 2120 gerechtfertigt.

161 2117 228 2156 13·
254 2123 307 2155 39.
328 2124 489 2167 Regulus.
514 2125 574 2156 Die
594 2125 785 2165 Erziihlung

114 2169 199 2200 wird
221 2168 263 2199 Ill
287 2179 315 2200 e.
334 2169 373 2200 27
397 2170 428 2200 ff.
461 2170 704 2201 ausffihrlicher
726 2170 784 2201 be-

117 2214 287 2256 sprochen.

161 2258 215 2289 40.
257 2258 376 2289 Dieser
398 2269 500 2299 ganze
519 2258 549 2301 ξ.
570 2260 652 2291 fehlt
675 2260 705 2291 in
724 2260 785 2291 den

117 2304 231 2335 besten
249 2303 346 2335 Hdss.
390 2304 448 2335 Die
473 2304 544 2335 hier
567 2304 787 2344 angefiihrten

117 2348 280 2389 Beispiele
299 2349 429 2380 erziihlt
447 2348 514 2380 Cic.
532 2348 585 2388 lll,
605 2349 657 2388 32,
676 2349 737 2381 113
756 2361 786 2380 u.

119 2392 172 2433 22,
190 2392 232 2424 86
254 2394 318 2424 und
337 2404 428 2425 zwar
452 2395 509 2425 das
528 2399 618 2426 erste
637 2405 691 2432 so,
725 2395 789 2425 wie

120 2448 156 2468 er
173 2448 208 2469 es
227 2449 288 2469 nur
307 2439 463 2469 erziihlen
481 2439 620 2479 konnte,
640 2450 734 2471 wenn
753 2450 790 2470 er

121 2483 178 2513 das
195 2483 268 2513 hier
287 2482 531 2515 Geschiebene
550 2494 632 2524 ganz
652 2495 789 2525 verges-

122 2537 177 2557 sen
196 2528 315 2567 gehabt
333 2529 434 2560 hiitte.
466 2529 665 2561 Ebendaher
683 2534 720 2570 (s.
737 2529 788 2570 lli,

122 2571 175 2610 29,
191 2572 264 2611 101)
285 2573 329 2604 ist
341 2574 422 2604 auch
436 2574 488 2605 die
503 2574 691 2615 beigefiigte
706 2575 789 2606 Sen-

124 2621 198 2647 tenz
229 2617 377 2650 entlebnt
406 2620 550 2662 (semper
573 2637 616 2642 —
640 2622 789 2662 cogitan-

195 2670 254 2699 Cic,
266 2671 301 2697 de
312 2672 389 2700 offic.

856 1856 926 1887 l'ern
942 1865 1013 1886 man
1029 1855 1148 1886 daraus
1164 1855 1259 1894 sieht,
1278 1855 1341 1885 wie
1356 1854 1422 1885 Cic.
1433 1854 1520 1885 nicht

855 1900 996 1931 schrieb.
1022 1899 1080 1930 Die
1094 1910 1198 1940 ganze
1208 1899 1400 1939 Erziililung
1413 1900 1457 1930 ist
1466 1900 1522 1930 oh-

855 1956 894 1976 ne
906 1944 1079 1983 Geschick,
1089 1955 1125 1975 so
1135 1945 1331 1976 namentlich
1340 1945 1391 1975 die
1402 1944 1522 1975 VVorte

856 2001 931 2022 omn
947 1992 1075 2021 etz-isset
1093 1989 1251 2029 —red1·z·t‚
1273 1990 1392 2021 deinde
1404 2000 1521 2031 egres-

855 2046 914 2067 sus
935 2036 1091 2078 putabat,
1124 2035 1186 2066 und
1211 2035 1332 2066 ebenso
1362 2044 1524 2065 rene-num

856 2081 933 2122 regi
959 2080 1120 2112 daturum
1152 2083 1184 2110 et
1208 2090 1282 2111 eum
1305 2082 1525 2116 neealmvmm

857 2125 1060 2165 Diirl'tigkeit
1089 2125 1119 2155 in
1144 2125 1203 2155 der
1227 2123 1327 2155 wahl
1357 2125 1417 2154 der
1440 2127 1525 2155 Aus-

858 2170 981 2201 ‹lriicke
1002 2169 1090 2209 zeigt
1115 2179 1135 2200 α
1154 2169 1290 2210 Pyrrho
1313 2170 1525 2211 perfuga-

855 2215 943 2258 pers
940 2224 1044 2256 agam
1050 2214 1182 2256 Pyrrho
1192 2213 1326 2254 dedidit,
1334 2214 1397 2245 und
1407 2214 1436 2244 in
1446 2214 1525 2244 den-

860 2259 973 2291 selben
1000 2258 1141 2290 &Vorten
1179 2258 1223 2289 ist
1256 2259 1328 2289 eine
1358 2258 1525 2289 sclileehte

861 2304 1158 2344 Satzverbindung.
1195 2303 1295 2335 Zwar
1313 2304 1401 2335 nicht
1417 2313 1525 2344 gram-

860 2349 996 2380 matisch
1008 2349 1122 2387 l'alsch,
1140 2348 1221 2380 aber
1234 2349 1313 2379 doch
1325 2350 1526 2389 ungewo'hn-

861 2395 923 2425 lich
940 2394 983 2425 ist
997 2394 1217 2436 quoddz'eeret
1228 2396 1264 2429 (s.
1274 2393 1383 2425 Madv.
1394 2392 1425 2434 ξ.
1437 2393 1499 2424 357
1509 2403 1526 2424 a

861 2440 954 2471 Anm.
969 2439 987 2470 2
1004 2438 1221 2480 u.z.lll§.1),
1238 2449 1288 2469 wo
1307 2439 1395 2480 quod
1408 2439 1527 2471 oblitus

862 2487 951 2516 esset
980 2485 1060 2516 oder
1081 2484 1170 2526 qnod
1192 2496 1228 2515 se
1259 2484 1319 2515 obl.
1342 2494 1415 2515 esse
1440 2484 1528 2516 dice-

862 2532 919 2562 bat
953 2534 1070 2569 gesagt
1101 2529 1232 2560 werden
1266 2533 1400 2560 musste.
1460 2529 1528 2561 eul-

859 2585 940 2618 pam
964 2576 1111 2606 Invenire
1137 2575 1218 2605 wir-d
1247 2584 1307 2605 zur
1334 2573 1421 2606 Noui
1451 2584 1529 2607 ver-

862 2619 1001 2660 theidigt
1029 2620 1131 2651 durch
1161 2620 1198 2650 ad
1229 2619 1372 2650 Herenn.
1398 2619 1458 2661 iv,
1476 2618 1529 2659 26,

1245 2675 1264 2705 4

1531 581 1581 620 13

1529 643 1570 675 39

1532 926 1573 957 40
