1684 2819
609 178 687 210 LIB.
706 177 744 210 11.
783 177 873 210 CAP.
895 178 944 210 18.
968 178 1017 210 19.
1433 179 1509 218 143

112 288 190 330 set,
219 280 378 321 scientia
406 279 513 319 facile
533 280 698 320 vicisset.
739 280 840 320 Haec
860 281 974 332 igitur
996 292 1111 332 opera
1132 285 1235 331 grata
1257 280 1386 319 multis
1409 286 1444 319 et
1465 281 1511 319 ad

111 337 307 378 beneficiis
330 337 627 388 obstringendos
649 337 827 377 homines
849 338 1149 377 accommodata.
1187 339 1310 388 Atque
1331 338 1421 376 huic
1441 337 1511 376 arti

112 395 272 433 finitima
302 400 360 433 est
387 394 535 433 dicendi
563 395 713 446 gravior
733 395 889 433 facultas
912 400 948 433 et
968 394 1110 445 gratior
1131 399 1167 432 et
1188 394 1370 433 ornatior.
1413 393 1511 440 Quid

112 451 215 489 enim
239 450 455 502 eloquentia
477 451 742 502 praestabilius
765 451 821 490 vel
842 450 1095 490 admiratione
1117 450 1354 489 audientium
1370 450 1427 489 vel
1443 463 1513 501 spe

111 507 367 559 indigentium
395 508 451 546 vel
479 520 632 554 eorum,
662 509 725 559 qui
748 507 896 547 defensi
919 512 1027 554 sunt,
1055 506 1202 558 gratia?
1243 507 1340 547 Huic
1360 519 1512 558 quoque

113 577 204 615 ergo
226 577 246 603 a
267 564 478 603 maioribus
500 564 645 603 nostris
668 570 726 603 est
747 564 786 603 in
810 573 895 615 toga
918 564 1110 615 dignitatis
1133 563 1370 615 principatus
1389 564 1510 602 datus.

112 621 251 660 Diserti
277 621 392 671 igitur
418 621 586 659 hominis
615 626 652 660 et
678 620 785 660 facile
806 621 1027 667 laborantis,
1050 621 1229 671 quodque
1251 621 1289 659 in
1306 620 1438 671 patriis
1456 626 1513 658 est

112 677 304 725 moribus,
331 677 543 716 multorum
567 690 704 716 causas
727 683 762 716 et
782 689 862 716 non
885 682 1036 728 gravate
1057 682 1093 715 et
1113 678 1277 728 gratuito
1301 677 1512 715 defenden—

111 734 159 773 tis
181 734 363 773 beneficia
384 739 420 772 et
440 734 653 785 patrocinia
673 734 744 773 late
766 739 908 785 patent.
949 734 1191 772 Admonebat
1211 746 1273 772 me
1293 746 1355 772 res
1378 739 1418 772 ut
1438 733 1513 777 hoc

112 803 266 842 quoque
299 791 385 829 loco
419 790 748 829 intermissionem
782 789 1036 840 eloquentiae,
1073 802 1120 828 ne
1154 790 1278 828 dicam
1307 790 1512 836 interitum,

111 847 369 897 deplorarem,
390 846 429 884 ni
450 859 601 885 vererer
620 859 668 885 ne
689 847 735 885 de
757 859 818 885 me
839 846 924 897 ipso
947 846 1086 897 aliquid
1110 846 1255 884 viderer
1277 846 1395 897 queri.
1439 846 1512 884 Sed

111 909 238 942 tamen
265 902 439 941 videmus
469 903 609 954 quibus
633 903 809 942 extinctis
834 902 1053 942 oratoribus
1073 915 1185 953 quam
1204 902 1243 940 in
1258 903 1390 952 paucis
1409 914 1511 953 spes,

112 965 255 1010 quanto
280 959 319 997 in
342 959 589 1010 paucioribus
616 960 785 1007 facultas,
811 972 925 1010 quam
950 958 988 997 in
1006 959 1136 997 multis
1155 959 1204 997 sit
1220 959 1386 998 audacia.
1418 959 1513 997 Cum

111 1022 238 1054 autem
261 1018 395 1054 omnes
417 1028 497 1054 non
519 1016 684 1067 possint,
705 1029 753 1054 ne
774 1016 881 1055 multi
905 1016 1071 1067 quidem,
1095 1020 1159 1054 aut
1180 1015 1273 1054 iuris
1296 1015 1407 1066 periti
1428 1028 1513 1053 esse

111 1077 177 1111 aut
198 1072 341 1119 diserti,
362 1072 447 1111 licet
466 1078 596 1111 tamen
619 1086 734 1124 opera
756 1073 941 1124 prodesse
959 1072 1088 1111 multis
1106 1071 1289 1111 beneficia
1306 1077 1511 1122 petentem,

111 1129 448 1168 commendantem
470 1129 671 1177 iudicibus,
692 1129 997 1179 magistratibus,
1029 1129 1242 1179 vigilantem
1266 1141 1335 1179 pro
1357 1141 1398 1167 re
1420 1128 1513 1167 alte-

111 1186 210 1233 rius,
239 1198 306 1224 eos
334 1185 460 1236 ipsos,
490 1186 553 1236 qui
581 1191 644 1224 aut
673 1186 928 1224 consuluntur
956 1190 1019 1224 aut
1041 1185 1265 1231 defendunt,
1296 1189 1513 1235 rogantem:

112 1242 214 1293 quod
251 1242 314 1293 qui
351 1242 494 1280 faciunt
524 1242 735 1292 plurimum
767 1243 909 1292 gratiae
937 1247 1228 1292 consequuntur
1254 1240 1513 1292 latissimeque

112 1310 248 1337 eorum
276 1303 405 1338 manat
431 1298 629 1337 industria.
671 1299 750 1337 Iam
779 1298 871 1337 illud
898 1310 978 1336 non
1008 1303 1097 1337 sunt
1125 1297 1358 1336 admonendi
1379 1321 1433 1325 -—
1454 1302 1511 1335 est

111 1355 213 1393 enim
234 1355 273 1393 in
293 1360 478 1406 promptu
500 1378 572 1402 —‚
594 1360 637 1394 ut
657 1355 976 1401 animadvertant,
1005 1368 1092 1394 cum
1114 1354 1241 1393 iuvare
1264 1354 1357 1392 alios
1380 1354 1511 1393 velint:

111 1423 158 1450 ne
188 1424 286 1463 quos
315 1411 521 1451 offendant.
564 1412 686 1463 Saepe
714 1411 814 1451 enim
844 1417 908 1451 aut
935 1425 1002 1450 eos
1023 1411 1193 1459 laedunt,
1223 1423 1320 1462 quos
1343 1423 1423 1450 non
1445 1411 1512 1449 de-

112 1524 202 1555 Brut.
221 1523 275 1564 41,
296 1523 357 1555 153
380 1524 439 1556 Hic
457 1526 544 1556 enirn
562 1524 677 1556 attulit
691 1525 775 1557 lianc

111 1572 218 1601 artem
254 1571 402 1600 omnium
432 1571 555 1602 artium
588 1572 776 1602 mazm'mam

848 1525 899 1556 die
917 1524 973 1556 lem
991 1524 1101 1556 Cincia
1118 1535 1191 1556 vom
1209 1524 1236 1555 J.
1255 1524 1319 1555 550
1339 1523 1426 1564 (204)
1447 1524 1513 1563 (ne-

848 1571 922 1612 quis
942 1572 979 1602 ob
993 1580 1131 1602 cansam
1146 1569 1308 1601 orandam
1318 1570 1513 1613 pecuniam-

113 1613 442 1651 (wissenschaftliehe
456 1615 675 1656 Behandlung)
695 1626 774 1658 qua-

110 1662 141 1690 si
154 1659 259 1691 lucem
273 1659 319 1691 ad
331 1670 379 1700 ea,
398 1671 480 1702 qaae
494 1662 633 1702 confuse
645 1662 685 1692 ab
698 1661 776 1693 aliis

111 1707 171 1737 ant
193 1704 484 1748 respondebantur
501 1709 561 1737 ant
576 1708 774 1747 agebantur.

156 1748 208 1781 66.
254 1751 413 1792 grai-ior,
453 1751 775 1792 bedeutungsvoller,

111 1795 293 1836 wichtigm,
313 1796 409 1827 niiml.
427 1796 480 1827 fiir
497 1797 559 1837 die,
582 1797 705 1828 welche
723 1797 774 1827 die

111 1840 218 1872 Gunst
243 1841 301 1871 der
317 1841 437 1882 Menge
463 1842 618 1882 erlangen
643 1842 775 1873 wollen.

110 1885 142 1916 ln
159 1884 295 1917 wiefern
311 1886 361 1917 die
371 1886 620 1918 Beredsamkeit
634 1886 775 1927 fiir-jone

110 1931 282 1971 wichtiger
300 1931 353 1972 ist,
376 1932 459 1962 wird
477 1932 576 1963 durch
596 1935 629 1963 et
641 1934 777 1973 gratior

112 1977 152 2015 (z.
170 1974 201 2017 ξ.
221 1974 274 2015 46)
294 1979 326 2007 et
340 1978 493 2009 ornatior
507 1977 680 2009 erliiutert.
711 1977 775 2009 Da—

110 2021 209 2052 durch
226 2020 327 2053 findet
343 2022 424 2053 auch
443 2022 533 2053 diese
548 2022 701 2063 Stellung
717 2023 776 2053 der

109 2065 284 2106 Adjeetive
302 2066 371 2098 ihre
389 2066 671 2108 Rechtfertigung.
702 2068 775 2099 Bei-

110 2111 148 2141 de
165 2111 309 2151 steigern
324 2112 381 2143 das
397 2112 476 2153 §.66
491 2123 553 2143 von
569 2112 775 2144 dei-Rechts-

110 2155 281 2187 kenntniss
306 2155 467 2197 Gesagte,
500 2157 709 2189 veliementer
732 2157 778 2189 ad

110 2211 189 2243 opes
205 2202 352 2243 pertinet
366 2204 399 2233 et
414 2201 460 2234 ad
473 2205 635 2244 gratiam.
669 2202 777 2235 Ueber

106 2248 230 2287 gratas
248 2256 275 2277 s.
294 2246 323 2287 ξ,
339 2246 392 2278 46.

155 2302 281 2333 qaoque
293 2292 466 2324 verbindet
480 2293 529 2324 die
539 2292 653 2325 beiden
665 2293 775 2328 Sfitze,

110 2337 225 2376 geho'rt
244 2337 315 2368 also
334 2337 510 2377 eigentlich
529 2349 600 2369 zum
618 2338 773 2375 Verbum,

110 2382 195 2413 kann
230 2381 309 2413 aber
341 2384 422 2415 auch
451 2384 531 2414 nach
561 2384 633 2415 dem
662 2388 774 2415 ersten

112 2426 232 2459 Worte
250 2428 307 2458 des
325 2428 443 2460 Satzes
462 2429 587 2460 stehen.

95 2505 113 2508 m
156 2473 191 2503 in
205 2475 295 2514 toga,
314 2473 343 2504 d.
360 2473 379 2505 i.
396 2473 426 2504 in
441 2484 532 2515 paee,
547 2474 612 2515 vgl.
630 2485 658 2505 z.
674 2473 705 2516 ξ.
721 2474 775 2505 45.

146 2517 264 2558 facile,
280 2518 340 2550 mit
355 2518 586 2560 Leichtigkeit.

154 2563 319 2603 gratuito.
339 2563 677 2596 Darausbeziehtsich
690 2564 779 2607 qnod

113 2609 164 2638 est
179 2609 210 2638 in
226 2609 349 2650 patriis
365 2611 524 2642 moribus.
555 2610 662 2641 Schon
676 2611 775 2642 durch

849 1626 885 1647 re
903 1615 1066 1647 donumve
1081 1616 1232 1658 accipiat)
1251 1615 1364 1646 wurde
1383 1624 1417 1645 es
1436 1624 1513 1645 ver-

848 1660 956 1700 boten,
975 1661 1036 1692 den
1052 1661 1205 1692 Beistand
1225 1671 1284 1691 vor
1299 1659 1433 1691 Gericht
1446 1659 1514 1690 sich

848 1706 1005 1737 bezahlen
1025 1716 1065 1736 zu
1082 1706 1209 1745 lassen3
1230 1716 1270 1736 zu
1288 1705 1420 1736 Ciceros
1439 1704 1514 1736 Zeit

850 1761 915 1782 war
932 1751 981 1781 ein
998 1751 1201 1794 palmariam
1215 1750 1311 1782 dasiir
1324 1761 1365 1781 zu
1379 1750 1512 1781 nehmen

848 1797 936 1827 nicht
949 1796 1211 1836 ungewolmlich.
1230 1795 1272 1826 So
1287 1796 1420 1826 werden
1434 1796 1514 1826 auch

849 1841 965 1872 Parad.
985 1841 1037 1881 w,
1056 1840 1086 1881 2,
1106 1840 1147 1871 46
1172 1841 1201 1872 in
1223 1841 1282 1872 der
1299 1840 1515 1880 Sehilderung

849 1887 905 1917 des
919 1886 1017 1918 homo
1032 1889 1253 1928 quaestuosas
1267 1886 1317 1917 die
1324 1885 1514 1917 mercedum

845 1933 1014 1975 pactiones
1035 1933 1066 1962 in
1084 1933 1280 1975 patrociniis
1298 1931 1458 1962 erw'ahnt.

894 1976 946 2007 67.
974 1977 1033 2008 hoc
1051 1988 1178 2019 qnoque
1195 1977 1275 2009 loco.
1302 1976 1371 2007 Den
1389 1975 1514 2008 Versall

850 2021 1166 2053 derBeredsamkeit
1180 2020 1515 2054 betrauertCic.hiiu-

850 2068 904 2107 fig,
919 2077 955 2098 so
970 2067 1061 2098 Brut.
1078 2066 1108 2105 6,
1123 2066 1398 2107 21.42,157.97,
1410 2065 1470 2096 331
1485 2066 1514 2096 ff.

893 2112 1054 2143 andacia:
1079 2112 1169 2143 Brut.
1188 2112 1240 2151 9⁴5,
1266 2111 1330 2142 330
1350 2116 1451 2142 nennt
1469 2111 1516 2142 sie

850 2156 915 2189 Cic.
934 2167 1055 2200 procos
1074 2157 1285 2200 impudentes
1302 2156 1514 2198 eloquentiae,

849 2203 887 2233 da
914 2203 962 2233 sie
988 2203 1070 2233 ohne
1088 2201 1215 2242 Anlage
1240 2203 1303 2233 und
1324 2201 1515 2241 griindliche

848 2247 1094 2287 Vorbereitung
1110 2247 1159 2278 als
1178 2247 1310 2278 Redner
1325 2246 1504 2278 anftreten.

894 2292 1053 2335 beneficia
1088 2292 1220 2323 werden
1257 2293 1345 2323 nicht
1372 2302 1435 2323 nur
1463 2292 1515 2322 die

849 2337 985 2368 Aeniter
1012 2337 1075 2368 und
1102 2336 1252 2369 W⁴iirden
1282 2341 1434 2377 genannt,
1464 2337 1515 2368 die

849 2382 1010 2413 Einzelne
1029 2382 1205 2421 ertheilen,
1226 2383 1289 2414 wie
1305 2383 1361 2413 das
1378 2380 1516 2421 Hriegs-

850 2427 996 2459 tribunat
1015 2428 1077 2459 und
1095 2427 1350 2468 Praesecturen',
1372 2428 1513 2459 sondern

849 2474 929 2504 auch
944 2473 1006 2513 die,
1021 2473 1147 2504 welche
1162 2474 1218 2504 das
1233 2473 1320 2506 Volk
1336 2473 1436 2505 durch
1452 2473 1517 2504 sei-

849 2529 889 2550 ne
910 2517 1011 2550 Wahl
1026 2518 1180 2550 verleiht.

894 2563 1178 2596 commendantem
1202 2564 1387 2596 indicibus:
1412 2574 1447 2595 so
1466 2563 1515 2594 als

848 2610 1000 2642 advocati
1018 2620 1080 2641 vor
1097 2608 1242 2642 Gericht.

1541 347 1582 379 66

1542 741 1582 773 67

1541 1303 1582 1334 63
