1684 2819
57 373 107 418 31

131 149 209 189 156
603 146 1067 194 1.tssEthl.31,75.76.

129 267 268 313 tatum,
294 275 418 316 neque
442 263 487 302 de
509 275 572 310 e0,
598 262 661 313 qui
685 261 816 302 dolet?
850 261 1048 316 Cogitatio
1069 261 1193 316 igitur
1213 261 1417 311 diuturna,
1445 262 1542 302 nihil

129 331 218 360 esse
240 320 280 360 in
302 333 345 359 re
368 318 477 366 mali,
503 317 629 357 dolori
651 318 845 367 medetur,
871 332 949 358 non
969 319 1053 372 ipsa
1075 318 1326 360 diuturnitas.

241 376 312 415 Hic
334 375 427 415 mihi
460 374 630 414 afferunt
658 374 966 415 mediocritates.
1009 374 1118 425 Quae
1140 374 1173 416 si
1204 375 1406 416 naturales
1429 381 1537 424 sunt,

130 431 219 484 quid
244 445 339 485 opus
363 438 423 471 est
444 430 745 471 consolatione?
783 430 934 471 Natura
959 432 1062 471 enim
1092 431 1178 484 ipsa
1210 431 1437 472 terminabit
1459 446 1541 471 mo-

129 489 233 528 dum.
276 487 342 527 Sin
376 486 617 542 opinabiles,
654 487 784 541 opinio
814 494 897 528 tota
926 487 1100 528 tollatur.
1144 487 1247 528 Satis
1277 489 1420 528 dictum
1451 501 1541 529 esse

129 544 323 593 arbitror,
349 544 634 598 aegritudinem
657 558 746 585 esse
768 544 992 598 opinionem
1015 543 1108 584 mali
1131 544 1352 597 praesentis
1368 575 1379 594 ‚
1404 546 1444 585 in
1467 559 1543 598 qua

130 601 314 654 opinione
337 601 430 641 illud
454 601 564 650 insit,
589 608 631 642 ut
653 601 941 655 aegritudinem
964 600 1166 655 suscipere
1189 607 1385 654 oporteat.

241 658 407 710 Additur
428 659 474 699 acl
506 659 605 698 hanc
627 659 893 699 definitionem
917 672 938 698 a
960 659 1121 698 Zenone
1143 664 1273 706 recte,
1310 664 1353 712 ut
1373 657 1438 697 illa
1461 658 1544 711 opi-

128 713 194 753 nio
225 716 446 769 praesentis
478 715 570 755 mali
601 715 653 756 sit
683 728 839 756 recens.
883 715 964 755 Hoc
986 722 1117 756 autem
1141 714 1304 755 verbum
1334 714 1390 754 sic
1419 713 1543 757 inter-

128 777 357 825 pretantur,
391 779 433 813 ut
455 787 534 812 non
557 779 705 812 tantum
728 772 820 813 illud
844 786 984 813 recens
1008 785 1096 813 esse
1118 771 1265 820 velint,
1291 772 1391 824 quod
1415 771 1545 825 paullo

130 835 223 869 ante
245 829 454 879 acciderit,
489 830 558 870 sed
586 844 701 882 quam
725 830 789 869 diu
811 829 850 870 in
874 829 939 869 illo
964 829 1122 883 opinato
1147 827 1248 868 malo
1271 829 1330 868 vis
1353 828 1543 881 quaedam

128 885 248 934 insit,
275 893 315 926 ut
338 886 473 939 vigeat
495 895 534 926 et
557 886 696 927 habeat
718 887 911 940 quandam
933 886 1172 926 viriditatem
1187 916 1197 934 ,
1224 892 1301 925 tani
1325 885 1389 925 diu
1413 884 1544 938 appel-

131 942 235 982 letur
266 956 420 984 recens.
475 943 522 984 [t
543 943 756 984 Artemisia
787 943 877 992 illa,
909 942 1077 984 Mausoli
1111 943 1251 982 Cariae
1282 941 1389 995 regis
1422 955 1541 989 uxor,

127 1013 227 1052 quae
250 999 381 1039 nobile
403 1000 495 1040 illud
521 1000 787 1040 Halicarnassi
810 1001 902 1040 fecit
923 1000 1145 1054 sepulerum
1163 1029 1172 1046 ,
1199 1012 1312 1051 quam
1337 998 1401 1037 diu
1423 996 1541 1046 vixit,

128 1056 234 1096 vixit
256 1057 295 1096 in
328 1056 433 1097 luctu
449 1087 460 1104 ,
494 1057 708 1110 eodemque
739 1057 854 1097 etiam
878 1058 1055 1097 confecta
1078 1055 1292 1096 contabuit.
1337 1054 1436 1095 Huic
1459 1061 1544 1093 erat

129 1112 195 1152 illa
217 1114 347 1167 opinio
372 1113 514 1153 cotidie
537 1127 700 1163 recens,
726 1127 824 1167 quae
847 1121 926 1154 tum
950 1113 1119 1166 denique
1142 1126 1218 1152 non
1243 1111 1461 1165 appellatur
1482 1123 1546 1151 re-

130 1182 244 1219 cens,
271 1184 384 1223 quum
408 1177 607 1211 vetustate
630 1171 804 1211 exaruit.

237 1226 341 1267 Haec
364 1227 484 1281 igitur
506 1227 628 1267 officia
647 1234 738 1267 sunt
761 1227 1073 1268 consolantium:
1102 1226 1238 1267 tollere
1257 1225 1542 1279 aegritudinem

130 1283 301 1324 funditus
317 1314 326 1332 ,
354 1292 421 1324 aut
443 1284 604 1333 sedare,
636 1291 703 1325 aut
726 1284 933 1325 detrahere
956 1297 1070 1336 quani
1096 1283 1302 1336 plurimum
1318 1314 1327 1329 ,
1361 1288 1429 1322 aut
1450 1295 1541 1335 sup-

129 1339 298 1393 primere
320 1354 392 1380 nec
415 1341 492 1394 pati
515 1354 676 1381 manare
698 1341 878 1394 longius,
904 1348 971 1380 aut
993 1341 1039 1380 ad
1063 1339 1141 1380 alia
1162 1339 1384 1380 traducere.
1427 1339 1540 1387 Sunt,

132 1397 197 1449 qui
220 1411 338 1437 unum
363 1398 527 1438 officium
551 1398 792 1439 consolantis
815 1404 972 1451 putent,
999 1397 1144 1437 malum
1167 1396 1259 1437 illud
1284 1396 1443 1436 omuino
1466 1409 1543 1435 non

130 1466 242 1503 esse,
277 1461 319 1494 ut
343 1454 524 1495 Cleanthi
554 1455 694 1508 placet.
739 1454 859 1503 Sunt,
898 1454 963 1507 qui
994 1468 1070 1493 uon
1093 1467 1276 1507 magnum
1300 1452 1469 1501 malum,
1503 1457 1543 1492 ut

129 1509 397 1564 Peripatetici.
433 1511 548 1560 Sunt,
574 1511 638 1564 qui
662 1511 856 1552 abducant
877 1526 899 1552 a
920 1510 1032 1551 malis
1055 1511 1101 1550 ad
1124 1510 1241 1559 bona,
1268 1517 1309 1549 ut
1330 1508 1540 1562 Epicurus.

130 1566 250 1617 Sunt,
284 1568 348 1620 qui
382 1568 480 1609 satis
503 1575 639 1622 putent
668 1569 904 1617 ostendere,
930 1567 1029 1607 nihil
1050 1567 1239 1621 inopinati
1262 1565 1452 1607 accidisse
1468 1596 1478 1614 ,
1505 1571 1545 1604 ut

132 1623 358 1679 Cyrenaici.
396 1624 640 1680 Chrysippus
662 1633 793 1666 autem
817 1630 934 1679 caput
955 1638 1043 1665 esse
1067 1631 1202 1664 censet
1223 1623 1262 1663 iu
1285 1622 1541 1672 consolando,

919 1733 966 1765 ad
978 1733 1053 1765 alia
1071 1730 1273 1773 traducere,
1295 1742 1343 1764 sc.
1362 1742 1418 1763 eos
1433 1733 1544 1773 quiin

872 1779 1103 1820 aegritudine
1120 1782 1215 1810 sunt.

919 1825 973 1855 76.
1001 1825 1154 1865 officium
1175 1824 1454 1865 eonsol.p11tent
1479 1827 1543 1854 etc.

871 1870 941 1902 Aus
957 1870 1177 1901 consolantis
1196 1870 1239 1900 ist
1256 1869 1371 1901 dicere
1390 1869 1472 1900 oder
1487 1868 1546 1900 do-

871 1925 947 1947 cere
965 1926 1006 1946 zu
1026 1915 1193 1956 erg'anzcn
1206 1939 1214 1955 ,
1236 1915 1298 1946 wie
1318 1914 1372 1951 32,
1391 1915 1429 1945 77
1445 1926 1451 1944 ι
1475 1917 1546 1946 tet·-

871 1963 925 1993 tz‘a
945 1960 1154 2001 (medicina)
1175 1964 1246 2000 est,
1278 1969 1451 1991 summram
1473 1969 1546 1990 esse

173 1729 234 1768 31.
261 1735 420 1775 afferunt
436 1733 728 1775 mediocritates,
751 1745 799 1767 sc.

123 1778 379 1819 Perz'patete'ez'5
398 1789 425 1810 s.
451 1779 502 1817 10,
524 1778 578 1810 22.

174 1825 229 1855 75.
259 1825 418 1856 Additur
439 1842 477 1846 —
502 1835 522 1855 a
541 1825 699 1865 Zenone,
728 1825 801 1856 dem

128 1868 276 1901 Stoiker.
305 1869 435 1910 Wegen
455 1870 513 1901 des
533 1869 614 1910 folg.
637 1874 677 1902 at
695 1881 720 1902 s.
743 1871 798 1911 29,

128 1915 169 1946 73
190 1925 231 1946 zu
252 1925 384 1946 verum.

172 1963 474 2003 interpretantur,
496 1970 542 1992 sc.
565 1961 590 1994 S
594 1963 691 1993 coici.

174 2005 266 2037 illud
283 2017 403 2038 reeens
422 2018 496 2038 esse
514 2007 636 2038 velz'nl.
674 2006 749 2049 Vgt.
773 2006 798 2039 l.

131 2052 170 2082 10
183 2076 191 2090 ,
211 2051 275 2084 20:
324 2052 414 2084 duas
447 2056 575 2094 partes
611 2055 642 2084 ει·
670 2063 801 2095 parere

126 2097 251 2129 voluit.

178 2141 223 2176 Ut
239 2153 341 2182 „zum
353 2143 542 2185 Beispiet“,
560 2144 621 2176 wie
637 2141 661 2174 Ι.
679 2144 731 2184 10,
744 2144 799 2176 20.

174 2189 369 2221 Artemisia
397 2190 479 2229 illa,
523 2200 564 2220 zu
593 2189 802 2221 Alexanders

127 2232 216 2265 Zeit.
283 2234 349 2266 Das
377 2234 583 2267 Mausoleum
606 2235 720 2267 wurde
747 2235 802 2268 be-

127 2278 300 2311 kanntlich
337 2291 377 2311 zu
415 2281 476 2312 den
509 2279 800 2313 Vl'underwerken

128 2324 187 2356 der
205 2325 295 2357 alten
307 2324 400 2357 Welt
418 2326 565 2366 geziihlt.
587 2325 662 2367 vgt.
677 2326 800 2359 Herod.

127 2369 203 2402 Vll.
220 2370 283 2410 993
305 2369 391 2402 Plin.
411 2371 450 2402 Η.
468 2370 507 2403 N.
525 2370 688 2404 XXXVI.
705 2374 738 2404 5.

174 2426 279 2459 quam
297 2416 356 2448 diu
373 2419 474 2453 via-ic,
493 2419 588 2449 vixit
598 2436 653 2458 —,
673 2429 700 2449 s.
715 2419 746 2458 7,
763 2418 800 2449 14

129 2472 171 2492 zu
190 2464 332 2504 recipit,
352 2464 515 2504 recipiat.

177 2510 341 2548 emar-ait,
369 2508 518 2540 dieselbe
538 2507 722 2551 Metapher,
750 2509 803 2540 dio

130 2553 202 2584 dem
226 2554 358 2585 habeat
378 2553 557 2595 quandam
579 2554 802 2586 viriditatem

130 2608 205 2630 zum
225 2597 361 2630 Grunde
382 2600 449 2640 lag.

870 2007 1088 2046 stultitiam·
1108 2004 1233 2040 1v.3s,
1247 2008 1288 2037 *3
1303 2017 1309 2036 ε
1327 2007 1440 2037 τιηίηιί
1453 2015 1548 2036 moi·-

872 2053 994 2084 bor-um
1031 2062 1100 2083 ema
1133 2054 1276 2083 sanatio
1310 2053 1383 2091 est,
1426 2060 1546 2082 omnes

871 2098 1066 2140 opinabiles
1086 2107 1171 2129 esse.

906 2143 1101 2181 Cleanthi,
1132 2153 1158 2173 5.
1185 2153 1225 2173 zu
1245 2141 1285 2173 ll.
1311 2142 1363 2180 15,
1385 2142 1439 2173 6⁰.
1484 2140 1547 2174 Mit

871 2189 931 2220 der
967 2188 1204 2220 wechselnden
1231 2186 1470 2219 Construction
1506 2190 1548 2218 ut

873 2235 1039 2267 Cleanthi
1050 2234 1170 2276 placet
1191 2251 1234 2256 ——
1256 2237 1299 2264 ut
1313 2233 1550 2274 Peripatetici

871 2279 937 2322 (sc.
959 2279 1099 2321 dieunt)
1118 2279 1185 2321 vgl.
1206 2278 1311 2310 Acad.
1328 2278 1367 2311 ll.
1384 2278 1441 2318 39,
1460 2277 1544 2310 124:

873 2329 915 2356 vt
939 2325 1087 2357 Platoni
1117 2325 1262 2367 placuit
1286 2342 1330 2346 —
1365 2327 1406 2355 ut
1428 2322 1547 2356 Xeno-

873 2374 1001 2402 orales.

920 2420 961 2447 ut
975 2418 1179 2459 Cyrenaici.
1202 2415 1291 2447 Statt
1306 2415 1416 2447 dieser
1425 2413 1546 2446 SVorte

874 2461 981 2494 haben
1012 2461 1077 2493 l'ast
1103 2462 1168 2493 alle
1196 2461 1291 2493 codd.
1320 2460 1412 2492 nihil
1437 2460 1545 2500 mali,-

869 2507 1057 2550 jedenl'alls
1082 2506 1302 2549 corrumpirt‚
1332 2506 1373 2537 da
1398 2505 1469 2537 dies
1487 2506 1547 2537 mit

875 2554 947 2585 dem
996 2553 1122 2584 vorher
1170 2551 1393 2593 angel'tihrten
1427 2550 1548 2583 Trost-

875 2599 1002 2640 grunde
1027 2599 1086 2630 des
1105 2598 1286 2631 Cleanthes
1312 2596 1549 2629 iibereinstim·
