1684 2819
576 174 654 206 [ΑΒ.
672 174 723 206 111.
763 173 854 205 CAP.
874 173 925 205 24.
944 175 997 205 25.
1404 176 1483 215 205

89 276 334 316 Promissum
363 276 492 327 potius
518 288 599 315 non
633 276 852 315 faciendum
885 288 1000 326 quam
1034 281 1111 314 tam
1144 282 1303 316 taetrum
1339 277 1484 316 facinus

90 332 367 372 admittendum
388 333 469 371 suit.
506 333 607 383 Ergo
625 338 661 371 et
676 332 872 382 promissa
892 344 973 370 non
996 332 1162 371 facienda
1179 345 1496 384 nonnumquam.

88 401 212 439 neque
233 401 388 439 semper
408 389 582 440 deposita
608 388 811 427 reddenda.
855 388 895 426 Si
916 388 1082 439 gladium
1106 390 1190 439 quis
1214 390 1314 439 apud
1336 395 1372 427 te
1394 402 1484 427 sana

87 450 216 484 mente
238 445 476 495 deposuerit,
502 450 648 496 repetat
667 445 881 485 insaniens.
903 444 1059 482 reddere
1080 451 1277 495 peccatum
1299 446 1366 491 sit,
1398 446 1484 483 offi-

90 501 191 540 cimn
212 513 292 539 non
313 501 483 540 reddere.
506 525 559 529 -—
599 499 727 548 Quid?
759 500 791 539 si
812 501 856 545 is,
879 501 943 551 qui
963 501 1063 550 apud
1085 506 1120 539 te
1141 502 1342 552 pecuniam
1363 502 1484 551 depo—

90 557 221 604 suerit,
242 557 381 596 bellum
402 558 539 597 inferat
559 557 713 608 patriae,
735 557 922 595 reddasne
944 556 1194 607 depositum?
1229 558 1328 603 Non,
1352 558 1484 595 credo:

90 613 203 652 facies
225 613 327 652 enim
345 620 477 653 contra
498 627 580 653 rem
597 613 800 664 publicam,
824 625 918 663 quae
940 613 1049 651 debet
1069 626 1155 651 esse
1177 614 1384 653 carissima.
1424 613 1487 652 Sic
1535 621 1542 628 ’

89 669 224 717 multa,
245 682 341 720 quae
362 671 526 709 honesta
546 676 680 709 natura
701 669 876 707 videntur
896 681 998 713 esse,
1029 669 1268 720 temporibus
1291 670 1386 707 fiunt
1406 681 1487 707 nen

89 726 262 765 honesta.
309 727 448 765 Facere
483 725 695 777 promissa,
731 730 831 763 stare
867 725 1082 771 conventis,
1116 726 1274 764 reddere
1310 725 1486 776 deposita

90 787 324 822 commutata
345 782 504 821 utilitate
525 783 619 820 fiunt
647 794 726 820 non
748 782 920 819 honesta.
962 781 1014 819 Ac
1041 782 1086 819 de
1113 782 1159 819 iis
1188 782 1360 831 quidem,
1391 794 1486 832 quae

88 838 264 877 videntur
290 851 375 877 esse
400 838 577 877 utilitates
607 842 740 876 contra
767 837 950 876 iustitiam
980 837 1223 875 simulatione
1250 838 1485 888 prudentiae,

88 894 180 933 satis
201 894 368 933 arbitror
389 894 543 933 dictum.

201 950 276 989 Sed
309 951 492 1001 quoniam
518 964 538 989 a
566 955 748 1001 quattuor
776 950 947 988 fontibus
983 950 1194 988 honestatis
1228 950 1353 1000 prime
1389 950 1484 988 libro

90 1006 215 1046 officia
236 1007 432 1053 duximus,
462 1007 502 1045 in
529 1007 672 1045 eisdem
700 1018 910 1053 versemur,
937 1019 1024 1045 cum
1053 1006 1275 1044 docebimus
1304 1019 1362 1053 ea,
1392 1019 1487 1056 quae

90 1063 287 1102 videantur
307 1076 394 1102 esse
415 1063 518 1101 utilia
539 1075 664 1114 neque
686 1062 778 1108 sint,
807 1075 919 1112 quam
951 1063 1028 1100 sint
1048 1063 1197 1101 virtutis
1226 1063 1391 1101 inimica.
1434 1063 1487 1100 Ac

88 1120 134 1158 de
154 1119 356 1170 prudentia
378 1119 545 1169 quidem,
568 1131 682 1170 quam
698 1119 776 1157 vult
794 1118 934 1156 imitari
952 1119 1103 1162 malitia,
1125 1119 1290 1169 itemque
1307 1119 1353 1156 de
1375 1118 1486 1156 iusti-

88 1176 156 1222 tia,
183 1188 280 1226 quae
301 1188 454 1226 semper
473 1180 532 1213 est
551 1175 671 1220 utilis,
701 1175 936 1225 disputatum
963 1180 1032 1213 est.
1074 1175 1252 1225 Reliquae
1281 1180 1371 1212 sunt
1393 1175 1488 1212 duae

87 1236 215 1282 partes
238 1232 464 1277 honestatis,
487 1243 648 1282 quarum
670 1231 784 1269 altera
806 1231 844 1268 in
860 1230 977 1268 animi
993 1231 1208 1269 excellentis
1226 1230 1487 1280 magnitudine

89 1293 125 1326 et
145 1288 378 1338 praestantia
406 1288 589 1333 cernitur,
619 1287 732 1326 altera
759 1287 798 1325 in
826 1287 1135 1325 conformatitme
1161 1293 1198 1325 et
1226 1286 1486 1325 moderatione

90 1344 345 1383 continentiae
366 1349 403 1382 et
424 1343 709 1394 temperantiae.

134 1469 227 1499 stare
254 1469 441 1499 conventis:
464 1467 530 1507 vgl.
547 1466 656 1509 l§.32
671 1477 751 1511 pro-

89 1514 203 1544 missis
220 1515 322 1545 stare.

134 1560 339 1589 commutata
356 1558 509 1589 utilitate.
539 1558 618 1588 Hier
636 1558 679 1589 ist
697 1568 751 1588 na-

89 1602 208 1634 tiirlich
239 1613 300 1633 nur
327 1603 386 1633 der
414 1604 523 1634 wahre
541 1602 671 1635 Nutzen
696 1613 751 1642 ge-

89 1647 204 1689 meint,
237 1648 296 1678 der
323 1658 386 1678 von
417 1648 475 1678 der
504 1647 753 1687 Gereehtigkeit

89 1692 179 1724 nicht
196 1703 236 1723 zu
254 1696 392 1723 trcnnen
410 1693 464 1723 ist.

135 1736 188 1768 96.
221 1736 329 1769 Ueber
356 1738 414 1768 das
438 1737 660 1777 Mangelhafte
686 1737 754 1768 die-

89 1792 145 1813 ser
162 1781 374 1822 Eintheilung
391 1783 454 1813 und
472 1782 523 1813 die
541 1782 751 1822 Nachliissig-

89 1827 168 1867 keit,
187 1827 234 1857 sie
253 1832 324 1858 erst
341 1828 411 1858 hier
428 1826 638 1867 heizuffigen,
658 1827 702 1858 ist
719 1827 751 1857 in

90 1872 149 1902 der
165 1871 251 1903 Einl.
270 1872 485 1913 gesprochen.
519 1871 568 1903 Zu
593 1872 751 1903 beachten

90 1916 134 1948 ist
152 1916 275 1955 ferner,
304 1917 380 1948 dass
399 1917 488 1948 diese
506 1917 751 1957 nachtri‘igliche

89 1959 338 2001 Inhaltsangabe
355 1961 420 1992 Cic.
440 1962 573 2002 zwingt,
594 1962 651 1993 das
671 1962 750 1992 oben

90 2005 234 2046 Gesagte
250 2007 302 2037 Ae
319 2006 359 2037 de
375 2007 417 2037 z'z‘s
438 2006 584 2048 quidem,
602 2018 685 2049 quae
705 2008 752 2038 ri-

89 2050 212 2082 dentur
227 2069 282 2090 --,
300 2052 450 2083 arbitror
467 2052 595 2083 dictum.
612 2063 654 2083 zu
671 2052 751 2082 wie-

90 2095 244 2126 derholen
264 2095 293 2125 in
312 2096 373 2126 (len
389 2095 530 2127 VVorten
547 2098 598 2127 Ac·
615 2096 654 2127 de
669 2107 752 2139 pru-

90 2139 203 2171 deutra
220 2139 352 2180 quidem
368 2143 428 2172 cet.
460 2141 518 2171 Die
533 2140 653 2172 lvorte
668 2141 699 2182 ξ.
710 2141 748 2171 71

96 2184 257 2224 Quocirca
269 2186 416 2216 astutiae
431 2185 592 2217 tollendae
605 2189 687 2217 sunt
698 2196 752 2216 ea-

91 2240 152 2271 que
168 2230 312 2269 malitia,
341 2241 425 2271 qaae
448 2230 518 2262 vult
539 2230 596 2262 illa
619 2230 752 2272 quidem

92 2274 198 2306 videri
213 2285 249 2305 se
262 2286 336 2306 esse
345 2274 475 2317 praden
482 2276 564 2306 tiam
581 2276 666 2307 sieht
679 2286 750 2306 man

91 2319 232 2350 zumeist
252 2320 302 2350 als
321 2318 450 2351 Grenze
473 2320 531 2351 des
555 2324 665 2351 ersten
684 2320 751 2351 Ab-

91 2364 248 2403 selinittS,
273 2364 354 2395 iiber
377 2365 427 2395 die
445 2364 568 2396 falsche
586 2363 751 2404 Hlugheit,

90 2419 141 2439 an.
174 2409 263 2440 Doeh
281 2409 395 2440 wiivde
414 2410 481 2440 sich
499 2409 578 2449 Cic„
603 2420 698 2441 wenn
715 2420 752 2441 er

91 2463 129 2484 an
149 2453 247 2493 jener
266 2454 370 2485 Stelle
394 2454 446 2485 die
467 2455 632 2496 Beispiele
661 2455 751 2485 hiitte

93 2508 129 2529 so
160 2508 223 2529 von
251 2498 407 2530 einander
439 2500 592 2530 scheideu
621 2500 751 2539 wollen,

92 2542 157 2573 wol
174 2542 377 2575 bestimmter
391 2544 613 2584 ausgedriickt
626 2544 732 2575 haben
744 2555 752 2582 ς

88 2586 269 2628 jedenfalls
299 2588 388 2629 zeigt
416 2590 483 2621 sich
512 2589 544 2620 in
567 2589 654 2620 allen
677 2590 753 2621 Bei-

824 1466 968 1509 spielen,
999 1478 1049 1498 wo
1070 1468 1128 1499 der
1145 1467 1335 1498 seheinbare
1354 1467 1485 1498 Nutzen

823 1513 882 1543 der
896 1512 1033 1552 Tugend
1045 1523 1254 1552 vorgezogen
1270 1513 1362 1547 wird,
1381 1512 1485 1542 sowol

824 1558 895 1588 eine
920 1557 1211 1597 Ungerechtigkeit
1233 1558 1283 1588 als
1306 1557 1379 1588 eine
1399 1557 1484 1588 Ver—

824 1603 978 1642 kennung·
1006 1603 1062 1633 des
1086 1603 1219 1633 wahren
1243 1601 1392 1633 Nutzens
1421 1602 1485 1632 und

823 1648 937 1678 darum
976 1647 1100 1678 l'alsche
1139 1646 1307 1687 lilugheit,
1352 1646 1486 1677 deshalh

825 1692 933 1723 lassen
953 1692 1019 1722 sich
1038 1692 1205 1723 dieselhen
1231 1692 1317 1722 nicht
1334 1692 1399 1722 wol
1422 1702 1485 1722 von

826 1737 982 1767 einander
1001 1742 1147 1768 trennen.
1175 1737 1238 1767 Das
1254 1737 1297 1767 ist
1309 1737 1389 1767 aber
1403 1737 1483 1767 noch

827 1782 899 1813 kein
920 1781 1047 1821 Grund,
1078 1782 1189 1812 diesen
1208 1781 1239 1822 ξ.
1264 1781 1316 1812 Γίἰι·
1331 1786 1485 1820 unterge-

825 1826 965 1858 schoben
985 1838 1026 1857 zu
1044 1827 1210 1860 erkliiren,
1228 1827 1387 1857 vielmehr
1403 1826 1487 1856 wird

826 1883 853 1902 c.
863 1871 903 1902 33
920 1882 948 1902 z.
960 1871 1034 1902 Ans.
1052 1871 1169 1903 Restat
1184 1874 1305 1913 quarta
1314 1881 1398 1913 pars
1412 1871 1486 1901 dar-

824 1916 883 1948 auf
902 1917 1132 1947 ausdriicklieh
1151 1917 1260 1956 Bezug
1283 1926 1484 1956 genommen.

826 1961 909 1992 will
933 1972 1005 1992 man
1028 1961 1180 1992 vollends
1206 1972 1267 1992 nur
1290 1962 1341 1992 die
1364 1960 1485 1992 worte

826 2017 886 2037 von
901 2007 952 2037 Ac
965 2006 1004 2038 (16
1014 2006 1197 2049 prudentia
1209 2016 1247 2036 an
1266 2006 1438 2045 streichen,
1450 2016 1485 2035 so

825 2052 913 2082 steht
927 2052 985 2082 der
1002 2056 1091 2082 erste
1107 2051 1185 2082 Satz
1199 2050 1266 2082 Sed
1282 2053 1486 2092 quoniam—

824 2098 957 2127 1·z'1·le{lis
971 2097 1104 2127 {ninam
1121 2105 1237 2126 ausser
1250 2095 1334 2125 aller
1348 2094 1488 2125 Verbin-

825 2141 920 2179 dung,
941 2141 1003 2171 und
1019 2141 1075 2171 das
1091 2139 1242 2179 l'olgende
1261 2140 1339 2171 utile
1356 2139 1486 2170 rideba-

827 2188 880 2217 tm·
896 2185 985 2218 Glari
999 2185 1154 2216 sehliesst
1167 2185 1233 2215 sich
1250 2185 1337 2215 nieht
1349 2185 1487 2224 gcho‘rig

825 2231 923 2261 duran
945 2241 995 2261 an.

833 2296 844 2305 2
869 2276 975 2305 (mimi
1004 2275 1196 2307 eam-ellentss
1227 2274 1425 2315 ‘magnitudo
1455 2277 1488 2305 et

822 2321 1050 2363 praestantia,
1079 2321 1107 2351 d.
1129 2320 1146 2350 i.
1170 2320 1221 2350 die
1245 2320 1327 2350 hohe
1352 2320 1415 2350 und
1434 2324 1485 2350 tu-

826 2365 1001 2405 gendhafte
1032 2364 1239 2404 Gesinnung,
1274 2364 1398 2395 welche
1428 2364 1484 2395 be-

824 2409 941 2445 wirkt,
974 2410 1049 2440 dass
1079 2410 1147 2440 sich
1176 2419 1276 2440 unser
1305 2408 1399 2440 G‹·ist
1427 2419 1488 2440 vor

824 2454 957 2485 Andern
975 2456 1196 2485 auszeichnet.
1230 2454 1303 2493 Vgl.
1323 2454 1351 2494 ξ.
1368 2454 1410 2484 24
1428 2466 1487 2486 ea*-

825 2499 959 2530 eelsitas
986 2502 1090 2530 animi
1112 2502 1144 2530 el:
1163 2499 1372 2540 magnitudo.
1418 2498 1430 2530 l
1455 2500 1484 2540 ξ.

829 2544 865 2575 17
884 2546 990 2575 animi
1005 2544 1199 2575 eoecellentm
1212 2543 1486 2586 magnitudoque.

870 2590 1096 2631 conformatio
1120 2592 1151 2620 et
1174 2588 1359 2621 moderatio
1383 2591 1487 2621 eonti-

1515 960 1556 990 ilfi
