1684 2819
59 948 111 987 15

66 1011 107 1042 52

65 1464 107 1496 53

141 163 220 203 134
713 159 769 191 DE
796 158 976 191 OFFICHS

141 270 181 303 ut
208 263 283 302 hoc
311 262 535 314 fugiendum
565 267 644 308 est,
682 261 772 301 item
801 267 859 301 est
892 260 1113 300 habendum
1141 262 1315 313 religioni
1344 267 1550 302 nocentem

141 319 365 371 aliquando,
395 320 514 359 modo
537 331 586 358 ne
608 318 798 358 nefarium
827 318 1084 370 impiumque,
1113 318 1328 359 defendere.
1370 319 1455 358 Vult
1476 319 1551 359 hoc

137 377 353 425 multitudo,
377 376 520 428 patitur
544 375 785 415 consuetudo
799 407 807 423 ,
831 377 903 414 sert
923 375 1035 414 etiam
1057 375 1290 415 humanitas.
1332 376 1470 416 Iudicis
1491 382 1551 415 est

138 446 292 485 semper
321 434 360 472 in
383 433 508 473 causis
537 445 669 472 verum
700 433 830 484 sequi,
862 432 1016 484 patroni
1044 443 1125 471 non
1147 444 1360 484 numquam
1389 433 1467 472 veri
1497 433 1550 472 si-

137 490 244 537 mile,
267 491 379 529 etiam
402 490 434 530 si
458 490 588 529 minus
612 490 663 529 sit
684 501 836 537 verum,
859 489 1078 528 defendere:
1102 489 1204 540 quod
1229 489 1415 537 scribere,
1436 501 1549 540 prae-

137 547 271 586 sertim
299 560 385 586 cum
411 547 456 586 de
484 547 733 599 philosophia
764 546 994 591 scriberem,
1024 558 1105 584 non
1127 546 1327 593 auderem,
1349 546 1426 585 nisi
1447 546 1550 585 idem

136 604 303 655 placeret
324 604 557 654 gravissimo
577 603 798 642 Stoicorum
817 603 1010 643 Panaetio.
1049 603 1209 641 Maxime
1231 609 1357 642 autem
1379 608 1415 642 et
1432 603 1551 654 gloria

136 661 284 712 paritur
305 666 341 699 et
358 661 478 711 gratia
505 660 794 699 defensionibus
817 673 939 711 eoque
959 660 1095 706 maior,
1120 660 1151 698 si
1174 660 1327 711 quando
1352 659 1490 699 accidit
1509 664 1552 699 ut

137 718 170 756 ei
193 717 465 765 subveniatur,
490 718 555 769 qui
577 717 747 769 potentis
771 717 930 756 alicuius
955 716 1094 768 opibus
1117 716 1384 756 circumveniri
1408 728 1548 767 urgue-

136 775 246 826 rique
273 774 463 822 videatur,
491 780 534 814 ut
561 786 634 813 nos
669 780 705 813 et
732 787 846 826 saepe
874 774 964 813 alias
994 780 1030 812 et
1058 773 1321 813 adulescentes
1351 778 1485 813 contra
1506 773 1547 812 L.

138 832 262 871 Sullae
283 831 518 871 dominantis
541 844 636 883 opes
659 843 730 883 pro
758 832 843 871 Sex.
866 830 1008 870 Roscio
1032 831 1214 869 ,1111011110
1238 831 1416 879 fecimus,
1440 843 1548 882 quae.

136 894 179 928 ut
200 889 288 936 scis,
310 893 411 928 extat
433 888 568 928 oratio,

252 946 326 984 Sed
349 946 536 997 expositis
559 945 858 984 adulescentium
879 944 1016 983 officiis
1036 956 1130 995 quae
1151 944 1296 984 valeant
1320 944 1365 983 ad
1389 945 1548 996 gloriam

138 1002 445 1054 adipiscendam,
476 1002 657 1053 deinceps
688 1002 734 1039 de
761 1001 1082 1040 beneficentia
1112 1013 1156 1040 ac
1183 1001 1228 1039 de
1258 1001 1548 1040 liberalitate

137 1059 341 1098 dicendum
371 1065 446 1098 est:
478 1059 585 1098 cuius
615 1064 673 1097 est
700 1059 796 1097 ratio
831 1058 980 1110 duplex.
1022 1057 1119 1096 Nam
1150 1063 1214 1097 aut
1242 1061 1359 1109 opera
1386 1057 1549 1109 henigne

136 1118 178 1155 lit
197 1116 458 1167 indigentibus
482 1122 546 1156 aut
563 1115 736 1167 pecunia.
774 1115 937 1154 Facilior
958 1120 1016 1154 est
1032 1115 1125 1153 haec
1141 1115 1347 1166 posterior,
1368 1114 1549 1166 locupleti

136 1173 385 1225 praesertim,
415 1173 480 1211 sed
511 1173 570 1211 illa
599 1173 740 1212 lautior
762 1185 804 1210 ac
834 1171 1072 1224 splendidior
1100 1177 1136 1210 et
1156 1171 1238 1211 viro
1261 1172 1349 1211 forti
1371 1172 1548 1223 claroque

139 1230 302 1281 dignior.
345 1232 589 1281 Quamquam
618 1229 720 1268 enim
752 1229 789 1267 in
812 1235 977 1280 utroque
1006 1229 1105 1267 inest
1125 1229 1363 1279 gratificandi
1384 1228 1548 1268 liberalis

136 1287 326 1334 voluntas,
351 1293 476 1326 tamen
500 1287 613 1325 altera
636 1300 679 1325 ex
703 1298 807 1332 arca,
832 1286 947 1325 altera
969 1298 1014 1324 ex
1036 1285 1173 1324 virtute
1195 1285 1449 1337 depromitur,
1471 1286 1547 1324 lar-

137 1343 324 1395 gitioque,
358 1357 453 1395 quae
481 1344 523 1382 fit
545 1356 588 1382 ex
611 1356 651 1382 re
675 1343 866 1390 familiari,
894 1345 1039 1382 fontem
1062 1342 1189 1394 ipsum
1213 1342 1460 1394 benignitatis
1481 1356 1547 1382 ex—

137 1401 274 1439 haurit..
312 1401 365 1439 Ita
383 1400 616 1451 benignitate
632 1399 851 1450 benignitas
871 1400 1024 1446 tollitur,
1047 1412 1119 1450 qua
1143 1412 1218 1450 quo
1243 1400 1280 1437 111
1303 1399 1431 1451 plures
1453 1412 1548 1438 usus

140 1457 206 1505 sis,
230 1470 274 1496 eo
298 1458 427 1496 minus
450 1458 489 1496 in
511 1457 654 1496 multos
677 1456 732 1495 uti
755 1456 899 1509 possis.
941 1457 989 1495 At
1011 1456 1074 1507 qui
1097 1468 1232 1507 opera,
1257 1456 1292 1494 id
1315 1462 1390 1503 est,
1410 1456 1549 1495 11111110

134 1520 171 1553 et
187 1514 388 1561 industria,
411 1514 569 1554 benefici
588 1520 624 1553 et
639 1513 811 1553 liberales
830 1519 956 1559 eruut,
979 1513 1149 1565 primum
1168 1526 1243 1564 quo
1261 1513 1436 1564 pluribus
1454 1525 1547 1565 pro-

135 1571 290 1619 fuerint,
312 1584 356 1610 eo
380 1571 510 1623 plures
533 1572 578 1610 ad
601 1570 765 1621 benigne
783 1571 1001 1610 faciendum
1019 1570 1213 1609 adiutores
1233 1569 1436 1615 habebunt,
1458 1570 1545 1609 dein

135 1628 414 1668 consuetudine
434 1628 647 1680 paratiores
679 1634 793 1667 erunt
814 1633 850 1666 et
871 1633 1069 1678 tamquam
1087 1627 1371 1666 exercitatiores
1389 1627 1435 1666 ad
1452 1627 1549 1665 bene

137 1686 183 1725 de
204 1685 334 1725 multis
357 1685 672 1737 promerendum.
716 1685 913 1724 Praeclare
943 1684 981 1723 iu
1008 1684 1170 1735 epistula
1199 1684 1361 1735 quadam
1383 1684 1546 1722 Alexan-

179 1787 232 1819 51.
249 1786 522 1831 (le-philosophia:
537 1786 804 1818 (lieselbeSchei-

133 1833 220 1873 dung
247 1833 412 1864 zwischen
431 1832 572 1864 Theoric
595 1833 659 1863 und
685 1832 803 1863 Praxis

133 1879 196 1910 wie
214 1877 246 1920 ξ.
266 1877 318 1909 35.

180 1926 297 1956 eontra
309 1922 345 1955 L.
361 1922 472 1955 Sullae
488 1923 695 1955 dominantis
713 1933 803 1967 opes.

136 1969 202 2000 Der
219 1968 360 2000 Process
385 1969 498 2000 wurde
518 1968 581 1999 674
602 1968 667 2007 (80)
689 1968 728 1999 im
750 1968 802 1998 27.

134 2013 359 2055 Lebensjahre
385 2014 449 2046 Cic.
474 2014 618 2054 gcfiihrt.
654 2013 802 2045 lnsol'eru

135 2059 386 2102 Chrysogonus,
429 2060 488 2090 der
521 2058 700 2099 Giinstling
739 2058 803 2089 und

133 2104 367 2145 Freigelassue
391 2105 449 2136 des
472 2104 580 2143 Sulla,
610 2104 669 2135 mit
692 2104 802 2135 (larcin

132 2150 328 2182 verwickelt
359 2161 445 2189 war,
479 2149 702 2190 vertheidigte
735 2149 802 2180 Cic.

133 2196 271 2228 Roscius
290 2206 392 2237 gegen
412 2196 522 2228 Sullas
541 2194 768 2227 [febermncht.

180 2236 247 2274 15.
274 2241 325 2272 52.
354 2241 393 2273 (le
406 2241 631 2284 beneficentia.
659 2240 730 2273 von
747 2241 806 2271 der

134 2287 414 2327 wohlthatigkeit
428 2287 471 2319 ist
486 2287 505 2325 l,
525 2287 573 2328 14,
589 2286 630 2317 42
646 2286 667 2318 f.
683 2286 732 2317 als
747 2286 806 2317 der

135 2332 432 2373 Unterabtheilung
449 2333 508 2363 der
523 2332 663 2363 zweiten
681 2332 805 2373 Haupt-

135 2379 256 2418 tugend
287 2379 507 2420 gcsprochem
542 2377 612 2408 hier
645 2377 726 2408 wird
758 2377 804 2408 sie

135 2425 213 2455 nach
228 2424 288 2455 der
301 2423 332 2465 ς’.
348 2423 385 2454 21
404 2422 640 2464 aufgestellten
656 2422 804 2454 Eintliei-

134 2470 211 2510 luug
224 2469 410 2508 hehaudelt,
429 2469 509 2500 aber
522 2468 602 2499 auch
617 2468 690 2499 hier
705 2467 807 2508 ledig-

135 2514 195 2545 lich
220 2514 277 2545 mit
296 2513 476 2545 Riictsicht
493 2513 552 2545 auf
565 2514 626 2544 den
647 2514 724 2544 uach
744 2513 805 2544 deu

136 2560 293 2591 hochstcn
325 2559 575 2591 Staatswiirden
607 2558 803 2590 strebcndeu

134 2603 252 2635 Rumor
270 2605 330 2635 und
350 2605 408 2635 auf
425 2605 476 2636 die.
497 2604 677 2645 damaligen
695 2603 805 2646 politi-

876 1787 974 1818 schcn
999 1785 1231 1819 Verhiiltnisse
1261 1785 1370 1817 Roms.
1412 1785 1466 1817 Sic
1490 1786 1547 1817 be-

876 1833 966 1864 steht
988 1832 1158 1863 eutwedcr
1182 1832 1211 1862 in
1238 1831 1392 1863 Thaten
1420 1832 1499 1863 oder
1516 1831 1546 1863 iu

878 1877 1156 1909 Geschenken.
1199 1876 1233 1908 C.
1256 1877 1293 1908 15
1314 1877 1479 1919 bespricht
1496 1877 1547 1908 die

878 1922 996 1963 Frage,
1022 1923 1145 1953 welche
1165 1922 1225 1953 Art
1243 1923 1303 1953 der
1321 1922 1548 1962 thltha'tig-

877 1968 946 1999 keit
964 1967 1186 1998 vorzuziehen
1207 1968 1265 1998 sei.
1292 1967 1350 1998 Die
1365 1967 1466 1998 durch
1483 1966 1547 1998 Ge-

878 2012 1019 2044 schenkc
1049 2012 1297 2053 Wolilthiitigen
1325 2012 1396 2043 sind
1420 2017 1547 2044 0111111·-

877 2059 936 2089 der
958 2057 1284 2089 verschwenderisch
1317 2058 1495 2100 (prodigi)
1520 2070 1546 2089 ‹·.

881 2104 929 2135 lo.
951 2103 1001 2142 17,
1029 2104 1109 2134 oder
1125 2102 1289 2143 l'rcigebig
1306 2103 1502 2143 (liberales)
1519 2114 1547 2135 e.

882 2148 929 2180 18.
962 2148 1020 2179 Die
1039 2148 1069 2179 in
1085 2148 1211 2180 Thatcn
1232 2149 1299 2179 sich
1319 2149 1406 2180 kund
1423 2149 1547 2190 geben-

877 2195 916 2226 de
932 2193 1216 2234 Wohlthiitigkeit
1233 2195 1353 2226 richtet
1367 2195 1434 2225 sich
1451 2194 1548 2226 theils

877 2250 980 2281 gcgeu
1005 2239 1166 2271 Einzelne.
1193 2251 1219 2270 c.
1250 2239 1288 2270 111
1312 2251 1342 2271 11.
1364 2239 1422 2281 20,
1451 2240 1547 2271 theils

878 2296 982 2327 gegen
1003 2286 1063 2316 deu
1083 2284 1177 2317 Staat
1195 2296 1221 2316 c.
1240 2284 1277 2316 21
1302 2285 1332 2316 lf.

923 2347 1097 2390 deinceps:
1116 2357 1142 2378 s.
1161 2345 1191 2388 ξ.
1214 2346 1253 2378 16
1272 2346 1399 2378 deinde.

880 2430 891 2444 2
923 2410 954 2440 ιή
975 2411 1116 2450 utroque
1135 2407 1232 2439 niiml.
1257 2408 1384 2438 homine
1409 2407 1547 2447 benigne

880 2454 1030 2485 faciente.
1066 2453 1186 2494 altera,
1204 2453 1234 2484 d.
1254 2453 1273 2483 i.
1294 2452 1436 2492 largitio.

924 2514 977 2545 53.
999 2513 1176 2546 Praeclare
1189 2514 1220 2544 1⁴71
1237 2513 1391 2557 epistula.
1414 2513 1473 2545 Die
1484 2514 1546 2545 Er-

880 2560 1021 2599 z'ahlung
1037 2559 1131 2590 leitet
1146 2559 1206 2590 den
1222 2559 1343 2590 dritten
1355 2559 1468 2591 Grund
1482 2559 1545 2599 ein,

878 2605 1024 2636 weshalb
1042 2605 1093 2636 die
1113 2605 1142 2635 in
1158 2603 1284 2637 Thaten
1305 2605 1372 2637 sich
1387 2604 1474 2636 kund
1488 2614 1546 2646 ge-
