1684 2819
624 187 703 219 LIB.
722 187 745 219 Ι.
784 187 877 220 CAP.
896 187 950 221 32.
969 187 1022 220 33.
1478 187 1529 226 79

123 293 234 343 piose
256 294 319 340 (ut
340 290 433 328 mihi
455 290 608 341 quidem
629 290 808 328 admirari
828 290 979 336 liberet,
1008 290 1047 328 in
1068 289 1225 328 homine
1247 301 1332 327 esse
1352 288 1530 328 Romano

122 353 266 387 tantam
288 346 523 395 scientiam,)
545 359 669 397 usque
689 360 709 385 a
730 346 848 384 Thale
870 347 1015 385 Milesio
1039 347 1085 385 de
1106 346 1264 384 deorum
1287 350 1419 384 natura
1441 345 1531 396 phi-

122 404 380 454 losophorum
410 403 631 441 sententias.
674 403 869 441 Omnesne
895 403 963 441 tibi
985 402 1034 441 illi
1057 402 1215 441 delirare
1235 401 1305 440 visi
1326 407 1434 447 sunt,
1464 401 1529 452 qui

122 460 204 498 sine
226 459 404 498 manibus
434 464 469 497 et
494 459 654 509 pedibus
678 464 857 498 constare
878 460 993 498 deum
1015 471 1134 509 posse
1156 455 1433 497 decreverunt?
1474 457 1530 496 Ne

120 517 196 555 hoc
223 516 377 567 quidem
405 528 474 553 vos
503 521 630 553 movet
658 516 965 561 considerantes,
996 528 1093 565 quae
1125 515 1175 553 sit
1194 514 1335 554 utilitas
1358 526 1530 565 quaeque

122 572 392 623 opportunitas
422 572 460 610 in
482 572 642 610 homine
664 572 948 617 membrorum,
975 577 1018 609 ut
1046 570 1219 609 iudicetis
1247 570 1432 609 membris
1454 571 1528 609 hu—

120 629 247 667 manis
282 629 375 667 deos
410 640 490 666 non
519 626 658 677 egere?
700 627 799 674 Quid
826 627 929 665 enim
957 627 1119 677 pedibus
1149 639 1248 677 opus
1276 633 1333 665 est
1361 627 1442 665 sine
1470 626 1530 664 in-

121 683 285 735 gressu?
313 684 403 735 quid
424 683 617 729 manibus,
640 683 671 721 si
694 683 786 721 nihil
808 683 1217 732 comprehendendum
1240 681 1327 721 est?
1357 682 1448 733 quid
1469 695 1530 721 re-

120 741 222 791 liqua
244 740 503 790 descriptione
525 739 700 778 omnium
724 739 901 789 corporis
923 739 1112 790 partium,
1134 739 1174 777 in
1196 751 1268 789 qua
1290 739 1385 776 nihil
1408 739 1530 785 inane,

121 797 214 835 nihil
237 797 320 835 sine
338 807 486 841 caussa,
509 796 602 834 nihil
624 807 949 845 supervacaneum
973 793 1062 833 est?
1093 794 1223 845 Itaque
1244 795 1346 833 nulla
1363 807 1424 833 ars
1442 795 1530 833 imi-

120 854 193 891 tari
221 852 426 890 sollertiam
453 857 612 890 naturae
640 856 779 901 potest.
817 851 978 889 Habebit
1004 850 1119 901 igitur
1145 851 1314 900 linguan]
1345 851 1459 896 deus,
1496 857 1532 888 et

118 920 200 946 non
221 908 415 958 loquetur:
440 907 587 954 dentes,
610 907 792 958 palatum,
815 908 942 946 fauces
965 907 1110 945 nullum
1134 907 1179 945 ad
1200 919 1335 945 usum:
1359 919 1531 957 quaeque

119 964 398 1015 procreationis
428 976 564 1002 caussa
590 969 723 1002 natura
753 964 907 1014 corpori
937 963 1102 1010 affinxit,
1135 976 1178 1001 ea
1206 963 1347 1001 frustra
1376 962 1532 1001 habebit

119 1021 235 1066 deus,
252 1032 324 1059 nec
341 1025 495 1058 externa
513 1022 634 1071 magis
653 1033 768 1070 quam
787 1020 979 1066 interiora,
999 1032 1076 1064 cor,
1094 1020 1311 1069 pulmones,
1331 1019 1448 1065 iecur,
1468 1031 1530 1057 ce-

119 1082 218 1124 tera,
245 1090 339 1128 quae
367 1077 531 1114 detracta
563 1077 718 1114 utilitate
740 1077 829 1127 quid
851 1074 1256 1114 1111116111ν611115ῑε1115Ῥ
1285 1075 1530 1126 quandoqui-

120 1134 206 1171 dem
235 1133 328 1171 haec
355 1145 440 1171 esse
468 1133 504 1170 in
534 1133 604 1171 deo
627 1138 788 1183 propter
809 1132 1133 1183 pulchritudinem
1157 1131 1282 1169 vultis.
1323 1131 1462 1170 Istisne
1484 1131 1529 1169 fi-

120 1190 252 1227 dentes
281 1188 443 1227 somniis
471 1201 551 1227 non
580 1190 696 1227 modo
724 1189 916 1239 Epicurus
947 1193 982 1226 et
1009 1188 1253 1226 Metrodorus
1283 1193 1319 1226 et
1347 1187 1529 1226 Hermar-

121 1246 216 1283 chus
255 1250 387 1284 contra
417 1245 693 1296 Pythagoram,
731 1245 932 1283 Platonem
953 1244 1305 1294 Empedoclemque
1340 1244 1528 1290 dixerunt,

119 1301 186 1339 sed
214 1302 456 1339 meretricula
484 1301 596 1340 etiam
626 1301 831 1340 Leontium
860 1307 992 1339 contra
1020 1301 1332 1351 Theophrastum
1363 1300 1530 1338 scribere

119 1370 211 1396 ausa
238 1356 324 1396 est?
363 1357 457 1396 scito
487 1358 547 1396 illa
575 1358 728 1408 quidem
758 1369 939 1396 sermone
968 1363 1004 1395 et
1031 1357 1175 1402 Attico,
1206 1357 1272 1395 sed
1311 1362 1439 1395 tamen
1461 1379 1525 1394 ——.

119 1414 286 1452 Tantum
309 1414 463 1464 Epicuri
491 1414 628 1452 hortus
650 1414 782 1453 habuit
803 1414 988 1452 licentiae.
1026 1413 1072 1451 Et
1094 1413 1224 1451 soletis
1246 1410 1383 1462 queri‘?
1426 1413 1527 1450 Zeno

120 1470 273 1520 quidem
309 1470 421 1508 etiam
452 1470 632 1520 litigabat.
675 1470 773 1517 Quid
804 1470 927 1509 dicam
954 1467 1190 1508 Albucium?
1231 1468 1328 1506 Nam
1350 1468 1526 1506 Phaedro

119 1580 142 1599 xx
157 1579 198 1600 as
216 1580 445 1609 vergessen
464 1570 677 1610 zuhaben,
703 1571 784 1601 wel—

120 1615 178 1645 che
205 1614 396 1654 Bedeutung·
419 1615 551 1654 Madvig
579 1625 619 1645 zu
649 1614 715 1646 Cic.
745 1616 784 1646 de

118 1658 214 1690 Finn.
234 1670 264 1700 p.
285 1659 326 1690 74
341 1661 504 1690 erwiesen
523 1660 588 1690 hat.

164 1703 217 1735 93.
259 1704 486 1736 Hermarchus
518 1715 575 1735 aus
609 1704 783 1746 Mitylene,

118 1749 262 1790 Epikurs
296 1749 435 1780 Schiiler
475 1750 539 1780 und
571 1749 783 1789 Nachfolger.

119 1793 223 1825 Uuter
246 1794 358 1825 seinen
389 1805 451 1825 von
478 1794 569 1834 Diog.
596 1794 631 1825 L.
662 1794 711 1835 X,
742 1794 782 1825 25

118 1838 348 1879 aufgel‘iihrten
373 1838 537 1870 Schriften
563 1848 674 1869 waren
699 1838 782 1870 ἔπι.-

117 1880 265 1914 arolam}
284 1884 365 1927 περὶ
380 1880 673 1927 Ἐλιιπεὸοκ).εὀι’ς
687 1885 782 1915 εἴκο-

117 1937 151 1959 σι
178 1929 234 1958 καὶ
262 1925 328 1959 δύο
352 1929 417 1959 und
447 1928 518 1959 eine
544 1928 665 1960 Schrist
690 1925 783 1970 πρὸς

115 1969 306 2011 Πλάτωνα,
326 1974 389 2004 und
409 1973 518 2004 seiner
537 1973 661 2004 Schrift
678 1984 781 2013 gegen

115 2018 337 2060 Pythagoras,
363 2018 555 2049 namentlich
576 2018 782 2049 hinsichtlich

116 2063 174 2094 der
189 2063 390 2104 Enthaltung
407 2074 470 2094 von
485 2063 681 2094 thierischer
695 2063 783 2094 Nah-

116 2118 210 2149 rung,
243 2109 386 2148 gedenkt
409 2108 569 2150 Porphyr.
596 2109 634 2139 dc
662 2108 781 2140 abstin.

116 2152 137 2183 Ι.
156 2152 209 2184 26.

160 2197 348 2229 Leontium.
370 2194 507 2238 Ἀττικὴ
534 2197 659 2242 ἑταίρα
678 2198 783 2229 heisst

116 2243 162 2273 sie
181 2243 231 2273 bei
250 2243 342 2283 Diog.
357 2242 394 2273 L.
414 2243 455 2284 X,
477 2242 516 2273 23
532 2244 597 2273 und
616 2240 781 2283 παλλακή

115 2287 269 2329 Epikurs.
296 2288 357 2318 Ein
373 2298 451 2329 paar
466 2287 586 2318 worte
600 2298 659 2318 aus
674 2288 780 2318 61116111

115 2332 222 2364 Bricl'e
252 2333 426 2364 desselben
452 2343 490 2364 an
517 2333 564 2363 516
596 2333 711 2363 stchen
738 2333 779 2363 ib.

115 2376 146 2417 ξ.
165 2378 200 2415 5,
224 2378 289 2408 und
313 2378 403 2409 eines
428 2378 608 2409 Bildnisses
633 2378 692 2408 der
715 2377 779 2408 Le-

116 2422 226 2453 ontion
251 2423 308 2454 mit
332 2423 391 2453 der
408 2422 517 2454 Miene
543 2422 643 2454 tiefen
670 2421 780 2453 Nach-

117 2466 271 2507 denkens,
290 2478 352 2498 von
369 2468 439 2498 (16111
454 2468 561 2499 Maler
575 2467 778 2508 Theodorus,

117 2512 265 2542 e1*xv{ihnt
288 2512 412 2543 Plinius
432 2513 468 2543 H.
488 2512 528 2544 N.
548 2512 699 2552 XXXV,
729 2512 780 2543 11.

119 2554 211 2586 1116111·
239 2556 319 2587 iiber
348 2558 396 2588 sic
427 2568 453 2588 s.
483 2558 533 2588 hei
564 2556 700 2597 Menage
727 2557 783 2587 Hi-

119 2599 221 2631 storia
238 2601 406 2633 mulierum
426 2603 690 2644 philosopharum
710 2602 780 2633 hin-

859 1575 912 1600 ter
936 1570 995 1600 der
1014 1569 1114 1609 Ausg.
1130 1570 1187 1600 des
1203 1569 1297 1608 Diog.
1313 1568 1349 1600 L.
1368 1568 1395 1600 II
1413 1580 1442 1610 p.
1462 1568 1526 1600 618

859 1614 962 1645 Hiihn.

904 1659 965 1690 secl
987 1662 1096 1690 tamen
1123 1659 1192 1690 scil.
1218 1669 1302 1689 ausa
1325 1662 1390 1699 est,
1421 1659 1525 1690 werin

860 1704 941 1734 eben
966 1703 1064 1744 liegt,
1095 1704 1171 1735 dass
1201 1704 1287 1745 dies,
1317 1707 1406 1734 trotz
1437 1704 1527 1735 ihrer

857 1749 1077 1789 geistreichen
1102 1749 1167 1779 und
1185 1748 1348 1780 attischen
1368 1748 1525 1779 Schreib-

857 1798 919 1831 art,
935 1794 1017 1824 doch
1034 1794 1084 1824 als
1103 1794 1176 1824 eine
1196 1793 1297 1824 kecke
1316 1793 1524 1833 Verwcgen—

857 1839 925 1869 heit
944 1849 983 1869 zu
1002 1839 1200 1869 bezeichnen
1218 1838 1278 1868 sei.

900 1883 1040 1926 Epicuri
1068 1884 1205 1921 hortus,
1234 1882 1311 1913 weil
1342 1882 1379 1913 E.
1410 1883 1440 1914 iu
1467 1883 1526 1914 der

855 1927 949 1959 Nahe
973 1939 1037 1960 von
1062 1928 1169 1959 Athen
1195 1928 1225 1958 in
1251 1927 1373 1959 seinem
1399 1927 1524 1959 Garten

857 1973 945 2004 lebte
978 1974 1042 2004 und
1075 1973 1193 2004 lehrte.
1242 1972 1363 2004 Diescn
1399 1972 1523 2004 Garten

857 2019 1046 2050 verinachte
1077 2028 1113 2049 61·
1142 2019 1183 2049 1111
1208 2017 1422 2049 Testamente
1452 2018 1524 2049 dem

856 2063 1076 2094 Hermarchus
1106 2064 1170 2094 und
1204 2063 1322 2093 dessen
1353 2062 1524 2103 kiinftigen

854 2108 1077 2148 Nachfolgern
1096 2108 1155 2139 auf
1175 2107 1297 2139 seineln
1314 2107 1524 2139 Lehrstuhle.

856 2153 948 2193 Diog.
970 2153 1007 2184 L.
1025 2152 1067 2193 X,
1092 2153 1142 2183 17.

900 2197 1002 2229 Zeno.
1029 2198 1096 2228 Der
1111 2197 1229 2228 chene.
1245 2196 1297 2238 21,
1311 2197 1352 2228 59
1367 2197 1519 2228 erwiihn-

856 2247 887 2274 te
908 2243 1102 2283 Epikureer.

905 2286 940 2319 T.
970 2287 1136 2318 Albucius
1170 2287 1274 2317 heisst
1306 2287 1377 2317 dem
1406 2286 1520 2318 Cicero

855 2331 1045 2371 Brute-35,
1063 2332 1120 2362 131
1136 2333 1309 2374 pei-sectas
1323 2331 1519 2374 Epicureus.

855 2376 900 2408 Er
918 2377 1005 2408 lebte
1023 2377 1118 2417 lange
1144 2378 1173 2407 in
1193 2377 1300 2407 Athen
1324 2377 1388 2407 und
1407 2378 1520 2408 wurde

854 2432 928 2453 vom
947 2422 1093 2453 Lucilius
1111 2432 1225 2461 wegen
1246 2421 1355 2452 seiner
1373 2420 1520 2453 Graeco-

854 2467 959 2498 mauie
979 2472 1177 2508 verspottet.
1213 2467 1245 2497 S.
1265 2466 1304 2497 de
1324 2466 1416 2497 Finn.
1434 2466 1462 2507 I,
1488 2466 1518 2507 3,

855 2512 885 2543 9.
919 2512 979 2543 Als
994 2512 1196 2553 propraetor
1210 2522 1272 2542 von
1290 2510 1461 2542 Sardinien
1477 2512 1519 2543 im

857 2557 885 2588 J.
910 2556 974 2587 650
1005 2557 1084 2588 liess
1108 2567 1145 2587 cr
1175 2557 1239 2587 sich
1266 2556 1518 2597 Erpressungen

857 2612 897 2633 zu
915 2602 1078 2633 Schulden
1097 2601 1258 2643 konunen,
1276 2611 1465 2641 weswegen
1483 2611 1520 2632 61·

1559 407 1600 439 92

1559 1137 1600 1169 93
