1684 2819
632 172 710 205 ΜΒ.
729 172 752 205 1.
790 172 881 205 CAP.
900 172 953 204 43.
971 172 1025 204 44.
1450 174 1525 212 101

126 291 199 330 qua
222 277 440 317 continetur
462 275 624 314 deorum
646 281 682 314 et
698 275 902 314 hominum
921 275 1176 314 communitas
1195 280 1232 313 et
1248 275 1411 313 societas
1431 275 1532 313 inter

126 336 246 386 ipsos.
289 334 341 372 Ea
364 332 395 371 si
417 332 584 370 maxima
606 338 675 378 est,
696 338 739 371 nt
760 337 830 379 est,
854 338 954 370 certe
976 344 1135 370 necesse
1158 337 1226 378 est,
1249 332 1353 382 quod
1376 345 1396 370 a
1419 344 1528 370 com—

125 389 311 429 munitate
334 390 495 428 (lucatur
523 388 712 435 officium,
739 389 775 427 id
803 401 888 427 esse
916 388 1140 426 maximum.
1181 388 1332 427 Etenim
1361 388 1528 437 cognitio

124 445 475 497 contemplatioque
508 450 666 484 naturae
698 457 832 483 manca
861 445 1027 495 quodam
1060 445 1179 482 modo
1207 450 1318 495 atque
1352 443 1531 482 incohata

124 503 191 549 sit,
214 503 245 541 si
267 502 367 541 nulla
389 501 487 540 actio
511 514 643 540 rerum
666 507 938 552 consequatur.
979 501 1031 539 Ea
1059 507 1185 539 autem
1209 501 1306 539 actio
1335 500 1373 538 in
1400 499 1529 538 homi-

122 572 215 598 num
239 558 456 597 commodis
484 558 637 596 tuendis
660 558 826 596 maxime
854 557 1038 596 cernitur:
1069 557 1231 608 pertinet
1258 557 1372 608 igitur
1393 557 1438 595 ad
1462 569 1528 595 so—

123 616 295 654 cietatem
320 615 470 665 generis
492 614 669 652 humani:
703 626 793 664 ergo
817 615 910 652 haee
933 613 1144 663 cognitioni
1166 614 1436 664 anteponenda
1457 618 1526 651 est.

122 673 245 723 Atque
267 671 304 710 id
327 671 499 722 optimus
522 670 685 721 quisque
707 683 748 708 re
769 671 853 720 ipsa
875 670 1044 709 ostendit
1064 675 1100 708 et
1116 670 1268 708 iudicat.
1305 670 1400 716 Quis
1423 669 1525 708 enim

123 734 182 767 est
203 734 280 767 tam
303 727 465 778 cupidus
488 727 526 764 in
553 725 823 777 perspicienda
852 726 1197 776 cognosce-mlaque
1225 739 1354 764 rerum
1381 732 1529 769 natura,

121 790 181 831 ut,
217 785 249 822 si
276 784 308 822 ei
336 782 514 822 tractanti
543 783 895 833 contemplantique
927 795 988 820 res
1026 782 1245 832 cognitione
1279 782 1528 833 dignissimas

122 840 250 879 subito
274 839 323 878 sit
344 839 496 878 allatum
519 838 733 888 periculum
755 839 1039 889 discrimenque
1060 839 1221 889 patriae,
1246 839 1305 877 cui
1327 838 1530 876 subvenire

121 895 377 946 opitularique
397 894 535 946 possit,
557 906 638 933 non
658 894 717 933 illa
741 895 869 933 omnia
892 895 1081 945 relinquat
1102 900 1214 945 atque
1238 894 1392 940 abiciat,
1416 894 1527 932 etiam

119 952 153 991 si
181 952 424 990 dinumerare
452 964 493 989 se
521 951 645 989 stellas
675 956 739 989 aut
766 951 891 990 metiri
918 951 1052 989 mundi
1079 950 1384 1001 magnitudinem
1411 963 1530 1001 posse

120 1007 354 1047 arbitretur?
394 1008 516 1058 Atque
537 1008 613 1045 hoc
634 1007 736 1045 idem
757 1008 796 1046 in
818 1009 998 1059 parentis,
1021 1008 1059 1045 in
1080 1007 1191 1045 amici
1212 1019 1252 1045 re
1274 1013 1338 1045 aut
1358 1007 1528 1057 periculo

120 1065 261 1104 fecerit.
293 1064 441 1110 Quibus
458 1063 574 1101 rebus
589 1064 819 1114 intellegitur
836 1064 974 1102 studiis
991 1064 1204 1114 officiisque
1219 1063 1398 1102 scientiae
1412 1075 1527 1114 prae-

120 1122 303 1172 ponenda
326 1134 412 1159 esse
434 1120 558 1158 officia
580 1120 762 1167 iustitiae,
794 1134 889 1171 quae
912 1121 1105 1171 pertinent
1133 1120 1180 1158 ad
1202 1120 1407 1158 hominum
1431 1120 1527 1158 cari-

119 1183 247 1225 tatem,
269 1190 341 1228 qua
363 1177 457 1215 nihil
479 1176 628 1214 homini
650 1189 736 1214 esse
755 1176 868 1215 debet
889 1177 1097 1227 antiquius.
1135 1177 1257 1227 Atque
1274 1176 1336 1221 illi,
1361 1188 1527 1227 quorum

120 1234 246 1272 studia
268 1234 418 1284 vitaque
440 1232 569 1270 omnis
598 1233 637 1270 in
660 1245 789 1270 rerum
813 1233 1032 1283 cognitione
1060 1238 1207 1271 versata
1229 1238 1303 1279 est,
1331 1237 1461 1270 tamen
1483 1231 1529 1270 ab

119 1289 303 1340 augendis
337 1290 542 1327 hominum
579 1288 805 1327 utilitatibus
834 1295 870 1328 et
906 1289 1124 1328 commodis
1156 1301 1236 1327 non
1271 1294 1529 1327 recesserunt.

119 1346 217 1384 Nam
238 1352 274 1384 et
296 1346 541 1384 erudiverunt
570 1345 734 1392 multos,
764 1358 839 1396 quo
863 1346 1045 1384 meliores
1076 1345 1176 1383 cives
1198 1345 1446 1395 utilioresque
1467 1357 1529 1383 re—

118 1402 190 1441 bus
213 1403 293 1441 suis
316 1401 477 1452 publicis
501 1408 652 1449 essent,
674 1407 716 1440 ut
738 1401 965 1441 Thebanum
988 1402 1300 1453 Epaminondam
1322 1401 1432 1452 Lysis
1454 1401 1529 1451 Py-

860 1515 918 1545 ‹las
932 1514 1080 1545 Handeln
1102 1513 1349 1552 unvollstiindig
1368 1513 1426 1544 sei.
1466 1512 1535 1544 Aut·

159 1515 194 1545 in
205 1524 269 1556 qua
282 1516 481 1555 contentetur,
499 1514 549 1545 die
559 1514 626 1545 sich
635 1513 787 1545 besch'a'f-

860 1559 1013 1589 dasselbe
1045 1559 1228 1598 Argument
1256 1559 1379 1590 kommt
1409 1558 1473 1589 Cic.
1498 1556 1530 1598 ξ.

116 1558 180 1599 tigt
208 1559 277 1590 mit.
307 1577 350 1580 ——
380 1558 441 1589 Die
472 1557 594 1591 Giitter
622 1559 694 1589 sind
724 1559 785 1589 den

117 1603 273 1635 Stoikern
293 1603 414 1634 ebenso
433 1603 485 1634 ein
496 1603 591 1635 Glied
605 1604 662 1634 des
672 1603 786 1635 welt-

115 1658 241 1688 ganzen
259 1649 321 1679 wie
346 1649 397 1679 die
422 1648 612 1680 Menschen.
646 1648 679 1679 S.
700 1648 786 1679 Einl.

113 1704 146 1725 u,
166 1704 194 1725 z.
212 1692 243 1735 ξ.
264 1693 326 1731 2ος
357 1693 396 1724 de
416 1692 469 1724 fin.
488 1692 539 1731 III,
562 1694 609 1734 19,
630 1693 671 1724 64
689 1704 786 1725 mun—

114 1737 194 1770 dum
210 1741 322 1770 autem
341 1741 478 1769 censent
489 1740 566 1780 regi
578 1740 717 1770 numine
730 1739 785 1770 de-

115 1794 222 1823 orum,
241 1794 380 1825 eumque
391 1794 464 1814 esse
470 1786 568 1825 quase?
578 1794 784 1816 communem

112 1830 232 1860 ‘ul-bem
249 1831 283 1859 et
294 1830 460 1860 civitatem
474 1830 647 1861 homiuum
662 1832 695 1860 et
707 1829 788 1860 deo-

113 1883 191 1905 rum
208 1876 241 1905 et
257 1884 524 1915 ummtquemque
539 1878 694 1906 nostrum
712 1875 785 1906 eius

112 1918 232 1950 mundi
247 1930 321 1950 esse
334 1921 479 1962 partem.

157 1963 207 1995 Ea
223 1966 255 1994 sc·
274 1966 427 1995 ¹maiz'e'sma
445 1966 509 2006 est,
533 1964 563 1995 d.
581 1964 600 1995 i.
622 1964 785 2006 sapientia

112 2008 139 2039 si
163 2009 314 2050 princeps
336 2009 497 2041 virtutum
515 2013 576 2040 est.
610 2009 669 2040 Die
683 2010 783 2040 haich-

111 2058 163 2088 εἴθ
179 2053 317 2094 Tugend
335 2054 379 2085 ist
396 2054 448 2085 (lie
464 2053 640 2093 Weisheit,
660 2054 784 2086 ihrOb-

107 2098 180 2139 jeet
196 2099 247 2130 die
266 2098 512 2131 Gemeinschaft
535 2099 594 2130 der
611 2098 733 2130 Gotter
749 2110 780 2131 u.

111 2143 302 2175 Mensehen.
327 2144 449 2175 Darum
464 2154 553 2175 muss
561 2145 642 2175 auch
652 2144 703 2175 die
717 2155 781 2175 von

112 2189 171 2220 der
188 2188 355 2220 &Veisheit
377 2188 595 2229 abgeleitete,
626 2189 656 2220 d.
674 2190 704 2220 h.
731 2189 782 2220 die

110 2232 230 2264 aufihr
243 2233 363 2273 Object
377 2233 570 2274 beziigliche
584 2233 711 2275 Pssicht,
730 2234 782 2265 ‹lie

112 2279 249 2310 ho'chste
268 2278 351 2310 sein.

155 2323 299 2362 Etenim,
315 2323 437 2354 l‘erner.
456 2323 500 2354 Es
510 2324 783 2355 leitethiernieht

111 2368 163 2399 die
173 2369 393 2409 Begriindung
406 2369 463 2399 des
477 2369 691 2400 unmittelbar
704 2379 782 2400 vor-

111 2414 339 2453 hergehenden
358 2414 421 2454 ein,
441 2414 582 2445 sondern
602 2414 706 2445 bildet
720 2415 781 2445 den

111 2457 307 2499 Uebergang
336 2469 378 2490 zu
407 2463 511 2490 etwas
541 2458 681 2499 Neuem,
715 2459 781 2499 vgl.

112 2502 245 2543 Madvig
262 2515 304 2535 zu
321 2505 360 2535 de
380 2504 434 2535 fin.
453 2504 476 2547 l,
495 2505 523 2543 1,
541 2504 572 2536 3.
603 2504 674 2537 Und
693 2514 785 2535 zwar

67 2562 69 2564 ·
111 2548 194 2579 wird
211 2548 283 2580 hier
306 2550 365 2580 der
381 2549 482 2581 dritte
500 2548 615 2581 Grund
639 2560 783 2590 angege—

112 2593 191 2634 ben,
216 2594 355 2626 n‘amlich
374 2595 449 2626 dass
468 2595 525 2627 das
544 2594 682 2627 NVissen
700 2595 783 2625 ohne

863 1604 923 1634 157
940 1605 1021 1634 noch
1036 1604 1154 1634 einmal
1170 1603 1295 1634 zuriick
1309 1603 1374 1634 und
1386 1603 1531 1643 begriin-

860 1649 916 1680 det
933 1659 969 1680 es
988 1649 1118 1679 weiter.

905 1694 1080 1735 incohata,
1118 1694 1147 1724 d.
1174 1694 1195 1725 i.
1224 1693 1388 1733 unfertig3
1424 1693 1463 1724 (le
1482 1704 1530 1724 or.

859 1738 882 1778 I,
901 1739 930 1780 2,
950 1739 969 1769 4
998 1750 1081 1780 quae
1096 1741 1213 1782 pueris
1236 1741 1297 1770 aul·
1312 1738 1533 1769 adulescenti-

860 1786 921 1815 bus
949 1786 1045 1815 uobis
1065 1795 1110 1815 em
1127 1786 1376 1815 commentariis
1403 1785 1532 1815 uostris

859 1829 1015 1860 incohata
1032 1832 1065 1859 et
1081 1829 1179 1861 rudia
1196 1828 1377 1860 &wider-un
1384 1831 1405 1860 t.

904 1877 1147 1915 consequatur:
1172 1874 1201 1915 ἓ.
1224 1873 1297 1905 117.

907 1919 980 1950 154.
1017 1919 1158 1962 cupidus
1180 1920 1214 1950 iu
1237 1918 1471 1962 perspicienda
1487 1933 1531 1945 =

857 1964 1016 2001 intentus,
1033 1969 1222 2006 occupatus,
1240 1964 1390 2004 hegierig
1404 1964 1456 1994 hei
1471 1964 1530 1995 der

856 2008 1093 2049 Erforschung.

904 2057 1092 2087 caritatem.
1129 2055 1188 2086 Die
1212 2054 1329 2086 besten
1355 2054 1452 2085 Hdss.
1471 2055 1528 2085 lia-

857 2100 918 2131 ben
937 2099 1127 2139 utilitatem,
1145 2109 1215 2130 was
1234 2100 1322 2130 nicht
1339 2100 1468 2140 angeht,
1489 2099 1528 2130 da

856 2145 907 2175 die
932 2144 1066 2175 Stoikei·
1094 2145 1146 2175 die
1174 2143 1346 2174 Psslichten
1377 2144 1436 2176 der
1460 2142 1527 2175 Ge-

856 2189 1056 2228 reclltigkeit
1073 2189 1161 2220 nicht
1175 2198 1249 2220 vom
1263 2188 1393 2220 Nutzen
1407 2189 1529 2220 herlei-

855 2238 929 2272 ten,
964 2235 1140 2265 earc‘tatmn
1164 2233 1325 2274 bestiitigt
1346 2234 1385 2264 de
1409 2234 1464 2265 fin.
1488 2233 1527 2275 V,

856 2279 910 2319 23,
930 2278 970 2309 65
994 2279 1076 2311 m‘lu'l
1092 2282 1144 2310 est
1168 2281 1236 2310 tam
1252 2279 1398 2320 illustre,
1429 2289 1527 2321 quam

855 2325 1043 2356 coniunctio
1068 2325 1157 2356 inter
1181 2324 1334 2355 homines
1356 2324 1526 2355 hominum

854 2387 899 2392 —
914 2373 947 2401 et
968 2371 1043 2412 ipsa
1065 2371 1189 2401 caritas
1216 2371 1354 2409 generis
1382 2369 1529 2409 humani,

856 2425 940 2456 quae
952 2417 1034 2446 mlta
1047 2426 1067 2446 α
1077 2417 1188 2458 primo
1196 2417 1275 2445 satu
1284 2415 1392 2456 serpit?
1403 2415 1527 2445 sensim

847 2460 956 2502 sorus
973 2463 1033 2491 cet.

904 2499 972 2536 44-
1001 2505 1074 2536 155.
1095 2504 1183 2537 Num
1197 2507 1244 2536 et:
1260 2504 1332 2535 (lem
1346 2503 1529 2545 entspriclit

857 2550 889 2592 ξ.
911 2549 973 2581 156
990 2562 1095 2592 neque
1113 2549 1222 2581 solum.
1238 2568 1282 2572 —-
1299 2548 1360 2580 sed
1374 2550 1488 2580 etiam.

903 2594 1025 2638 Lysis:
1041 2595 1092 2627 bei
1106 2596 1166 2626 der
1178 2594 1384 2635 Verfolgung
1398 2592 1529 2636 derPy-

1561 675 1622 705 1:34

1562 1068 1622 1100 155

1555 1175 1607 1212 44
