1684 2819
141 1414 197 1458 15

213 163 292 202 132

721 159 882 193 mann
905 160 961 194 111.
984 162 1114 201 15‚:51.

211 277 440 317 mortalem.
489 274 597 325 Quae
628 287 709 314 vox
743 274 941 325 declarat,
973 275 1022 316 iis
1045 289 1133 317 esse
1165 276 1263 316 haee
1285 275 1451 326 acerba,
1485 275 1625 329 quibus

213 347 291 373 non
315 332 461 372 fuerint
483 330 670 384 cogitata.

325 389 430 441 Ergo
461 387 500 427 id
523 386 677 439 quidem
709 400 787 426 non
809 386 989 436 dubium,
1015 388 1108 440 quin
1131 390 1260 430 omnia
1275 420 1285 439 ,
1311 402 1410 443 quae
1431 388 1535 428 mala
1557 402 1627 442 pu-

212 452 360 493 tentur,
396 443 476 485 sint
505 442 719 498 improvisa
750 443 954 497 graviora.
997 443 1130 497 Itaque
1162 460 1393 499 quamquam
1423 459 1503 486 non
1531 445 1627 485 haec

213 515 288 540 una
311 513 376 541 res
399 500 516 541 efficit
546 500 761 542 maximam
783 499 1070 553 aegritudinem
1086 530 1096 550 ,
1131 509 1284 553 tamen,
1320 503 1505 556 quoniam
1527 501 1627 542 mul-

211 564 293 597 tum
325 565 454 611 potest
482 557 660 612 provisio
683 557 803 598 animi
835 564 875 597 et
905 558 1151 611 praeparatio
1174 558 1221 598 ad
1245 559 1495 600 minuendum
1517 559 1628 599 dolo-

214 626 313 662 rem,
338 614 417 654 sint
437 627 593 669 semper
615 614 746 654 omnia
768 613 916 654 homini
938 615 1104 655 humana
1127 615 1329 656 meditata.
1371 615 1423 654 Et
1443 615 1628 655 nimirum

213 670 307 710 haec
329 678 388 711 est
409 671 475 711 illa
497 678 704 725 praestans
727 678 766 711 et
787 670 920 711 divina
944 671 1136 725 sapientia
1150 702 1160 720 ,
1187 678 1227 712 et
1248 679 1450 726 perceptas
1473 672 1628 726 penitus

212 733 250 766 et
273 734 533 780 pertractatas
556 741 620 768 res
644 727 834 768 humanas
857 727 1024 777 habere,
1058 729 1153 769 nihil
1177 729 1388 780 admirari,
1423 742 1541 782 quum
1563 741 1629 768 ac-

213 782 368 833 ciderit,
395 784 508 835 nihil,
534 792 742 838 antequam
765 785 961 834 evenerit,
987 798 1064 825 non
1083 786 1244 826 evenire
1267 799 1383 839 posse
1405 785 1606 826 arbitrari.

272 852 541 904 Quamobrem
564 851 713 901 omnes,
735 867 857 908 qaum
880 852 1087 892 secandae
1107 866 1174 893 res
1194 860 1294 893 sunt
1312 851 1519 901 maxume,
1545 859 1628 892 cum

1240 908 1434 950 ma'oeume

268 963 480 1005 Medicari
506 981 645 1006 Secum
668 964 854 1020 oportet,
888 980 965 1020 qao
990 971 1118 1019 pacto
1154 964 1369 1005 (idom-sam
1392 963 1627 1005 aerumnam

1232 1021 1403 1074 soram.

271 1074 456 1124 Ρθνίεία,
482 1077 632 1118 damna
650 1077 833 1132 peregre
853 1076 1018 1117 rediens
1039 1078 1201 1133 semper
1222 1092 1355 1117 secam
1380 1076 1538 1132 cogitet

269 1131 458 1190 Aatfilz'
473 1141 693 1188 peecatum
716 1134 789 1174 mit
812 1135 959 1173 aza-oris
980 1132 1150 1174 mortem
1172 1140 1246 1174 aut
1266 1131 1608 1186 morbumsz'lz'ae,

270 1188 510 1231 Commaim'a
543 1205 629 1231 esse
663 1190 790 1239 leaeo,
831 1189 884 1230 ne'
912 1191 1014 1245 qaid
1043 1190 1187 1230 lzorum
1218 1205 1406 1245 amquam
1438 1189 1602 1230 decidat

1243 1245 1378 1287 am'mo'
1402 1260 1558 1287 novom.

276 1301 486 1359 Quicquid
506 1310 684 1358 praeter
703 1317 812 1358 spem
835 1302 1019 1351 eveniat,
1052 1317 1167 1343 omne
1188 1303 1233 1344 id
1260 1303 1457 1357 de'patare
1478 1316 1566 1343 esse
1587 1299 1629 1341 in

1244 1360 1359 1399 lucro
1367 1389 1376 1398 .

328 1416 436 1470 Ergo
477 1416 551 1456 hoc
577 1416 788 1457 Terentius
821 1430 842 1456 a
884 1415 1130 1470 philosophia
1167 1422 1362 1469 sumptum
1395 1428 1511 1468 quum
1551 1421 1631 1454 tam

147 1479 187 1510 31
215 1473 417 1513 commode
439 1473 613 1522 dixerit,
638 1487 725 1523 nos,
752 1487 772 1513 e
794 1487 961 1526 quorum
983 1472 1156 1512 fontibus
1179 1472 1215 1512 id
1238 1472 1418 1512 haustum
1443 1478 1525 1520 est,
1552 1485 1631 1511 non

255 1603 298 1632 iis
318 1602 581 1644 restringirend=
603 1612 696 1643 „nur
714 1602 864 1634 denen“.

255 1646 455 1688 meditata,
493 1648 625 1690 passiv,
670 1648 732 1679 wie
763 1648 824 1687 11,
846 1648 887 1679 24

211 1694 393 1733 opinatus,
410 1693 454 1725 ist
468 1693 522 1725 bei
535 1693 654 1725 Cicero
669 1694 748 1724 sehr
762 1693 887 1734 hiiufig,

211 1747 242 1767 z.
258 1737 293 1768 B.
322 1738 361 1769 de
382 1750 453 1770 sen.
475 1739 530 1779 20,
554 1740 614 1770 74:
647 1740 713 1770 leae
738 1739 889 1771 medila-

212 1786 284 1813 tum
320 1785 363 1814 ab
392 1784 634 1816 adole-sceatta
669 1785 772 1817 debet
801 1795 885 1816 esse.

211 1827 254 1858 So
274 1829 357 1859 auch
383 1829 436 1868 15,
457 1830 497 1861 32
515 1830 814 1871 praemeditatus.

253 1878 444 1915 perceptas
476 1878 621 1916 penitus
648 1880 683 1906 et
704 1879 883 1917 pertract.

210 1918 281 1949 Den
309 1919 435 1960 Begritf
464 1930 526 1951 von
559 1923 705 1962 ponitus
747 1920 798 1962 (in
833 1921 885 1952 die

209 1962 307 1995 Tiefe
326 1964 456 2007 hinein)
476 1965 649 1997 verstarkt
667 1966 786 1997 Cicero
805 1976 885 2007 gern

210 2009 313 2040 durch
327 2009 520 2053 Composita
539 2012 597 2043 mit
613 2022 698 2053 per:
718 2021 753 2043 so
773 2012 813 2043 de
828 2012 882 2042 fin.

209 2053 250 2086 V.
286 2055 338 2093 16,
358 2057 401 2087 44
438 2059 582 2099 penitus
604 2057 809 2098 pervitlore;
847 2057 886 2087 de

212 2105 298 2131 orat.
329 2100 354 2132 l.
376 2102 409 2142 ι’),
432 2103 469 2134 17
493 2112 725 2144 μονηοεοενιῃ·
760 2103 816 2143 20,
843 2102 885 2133 92

209 2148 422 2187 perspicere.

256 2192 351 2222 nihil
367 2193 547 2225 admirari
558 2208 603 2219 =
623 2194 723 2225 nulla
742 2204 798 2233 re,
819 2197 889 2225 sive

211 2236 306 2267 laeta
321 2240 391 2268 sive
407 2241 521 2279 tristi,
541 2239 763 2271 vehementer
778 2240 886 2280 affici.

212 2281 293 2313 Hor.
314 2283 414 2323 epist.
440 2284 464 2316 1.
485 2286 517 2324 6,
544 2286 580 2316 1:

211 2325 273 2358 Nil
297 2328 479 2360 admirari
500 2340 613 2372 prope.
639 2341 695 2361 res
725 2334 778 2362 ost>
805 2341 886 2367 una.

492 2375 530 2407 N
529 2386 549 2405 u
555 2387 583 2406 m
591 2378 647 2413 ἰοί,

210 2417 379 2460 Solaque,
398 2430 488 2461 quaa
499 2422 753 2462 posse'lsaeere
769 2425 802 2453 et
816 2432 889 2453 ser-

492 2476 575 2497 vare
594 2467 746 2497 beatum.

213 2508 297 2539 Eine
313 2509 372 2540 der
385 2509 503 2551 obigen
520 2521 604 2553 ganz
617 2511 772 2543 'zihnlichc
783 2512 888 2544 stelle

211 2554 253 2584 ist
266 2553 369 2586 Tusc.
381 2554 422 2586 V.
439 2556 494 2595 28,
508 2557 563 2588 81.
577 2574 623 2581 —
642 2556 692 2588 Zu
711 2558 892 2590 admirari

211 2623 233 2633 η
248 2599 316 2630 sich
353 2602 576 2634 verwundern
590 2603 612 2619 “
646 2603 712 2643 vgt.
743 2605 825 2636 auch
846 2603 887 2634 V.

960 1602 992 1642 3,
1019 1602 1060 1633 S:
1094 1602 1317 1633 admiratum.
1344 1604 1543 1634 novitatem
1572 1611 1634 1633 no-

959 1650 1091 1687 mz’nz's;
1120 1648 1160 1679 de
1181 1651 1267 1679 orat.
1290 1647 1317 1679 1.
1338 1648 1394 1687 56,
1414 1646 1499 1678 237:
1519 1649 1633 1688 impu-

960 1693 1117 1725 dentiam
1145 1693 1348 1725 admiratus
1375 1703 1409 1724 es
1434 1702 1570 1724 eorum.

1004 1749 1073 1770 non
1101 1741 1238 1770 evenire
1259 1749 1384 1781 posse,
1415 1737 1470 1769 fiir
1495 1740 1632 1769 evenire

959 1795 1025 1816 non
1041 1794 1165 1826 posse,
1187 1794 1303 1825 wegen
1323 1784 1382 1815 des
1402 1792 1633 1825 vorangegan-

958 1840 1063 1871 genet·
1090 1830 1200 1867 m'lzil,
1231 1839 1273 1861 an
1299 1829 1444 1861 welches
1469 1829 1538 1860 sich
1564 1839 1633 1860 non

957 1876 1135 1915 iniiglichst
1155 1875 1239 1906 nahe
1258 1875 1474 1906 anschtiesst.
1513 1873 1555 1905 So
1577 1874 1630 1914 16,

957 1922 996 1951 34
1013 1932 1019 1951 :
1050 1920 1144 1951 nihil
1160 1931 1245 1959 esse,
1273 1920 1369 1961 quod
1386 1930 1453 1950 non
1474 1919 1633 1950 accidere

954 1968 1092 2007 possit,
1131 1966 1223 1996 Brut.
1247 1964 1301 2003 37,
1326 1965 1410 1995 140:
1448 1964 1541 1995 nihil
1564 1975 1634 1996 non

958 2011 1005 2042 ad
1025 2013 1198 2042 rationem
1219 2028 1262 2033 —-
1283 2011 1473 2052 dirigebat.
1501 2008 1577 2050 Vgt.
1599 2020 1630 2051 p.

958 2056 1073 2087 Plane.
1094 2058 1132 2095 ἒ),
1154 2056 1214 2086 22;
1247 2055 1356 2087 Nemo
1381 2056 1540 2098 Arpinas
1565 2065 1634 2087 non

958 2102 1101 2133 Flam-lo
1120 2101 1274 2132 studuit.

1006 2148 1238 2188 Quamobrem
1267 2151 1354 2185 οἱα,
1389 2145 1468 2178 Ter.
1497 2145 1630 2178 Phorm.

961 2192 1049 2226 113,
1070 2194 1100 2223 ll
1119 2204 1205 2234 sqq„
1227 2202 1290 2222 von
1311 2191 1430 2224 Cicero
1445 2191 1570 2233 jedoch
1589 2191 1633 2222 im

961 2241 991 2270 3.
1006 2237 1110 2270 Verso
1130 2239 1222 2269 nicht.
1241 2237 1394 2269 wiirtlich
1414 2237 1518 2269 citirt.

1005 2284 1196 2326 cle-potare,
1238 2288 1325 2315 trotz
1353 2283 1410 2315 des
1437 2282 1634 2314 Zwischen-

959 2330 1114 2361 verbums
1135 2331 1284 2371 rogitet,
1303 2328 1431 2360 wieder
1447 2338 1510 2360 von
1531 2338 1635 2370 opor-

961 2379 1012 2406 tet
1030 2375 1209 2415 abhiingig.

1007 2418 1067 2456 15.
1098 2421 1153 2452 351.
1183 2421 1279 2461 Ergo
1296 2437 1337 2443 —-
1353 2429 1459 2461 quum
1475 2437 1518 2441 —
1533 2418 1634 2450 dixe-

962 2469 1023 2498 rit.
1054 2466 1190 2498 Ciceros
1209 2465 1437 2507 gewiihnliche
1456 2463 1636 2505 W'endung

960 2512 1075 2543 wiirde
1105 2512 1196 2543 sein:
1235 2512 1333 2552 Ergo
1362 2511 1427 2542 hoc
1449 2509 1634 2541 Terentius

962 2575 1004 2580 —
1025 2557 1110 2588 dic-il
1126 2571 1133 2587 ,-
1162 2567 1223 2589 nos
1241 2575 1286 2579 —-
1304 2566 1372 2588 non
1390 2573 1435 2578 -—
1453 2555 1608 2587 dicemus
1621 2559 1636 2584 ἓ

962 2602 996 2634 S.
1018 2613 1058 2634 zu
1079 2602 1118 2634 ΙΙ,
1145 2603 1196 2634 17.
1220 2602 1272 2633 39.
