1684 2819
184 170 262 208 115
652 168 707 198 ni:
734 168 912 202 NATURA
939 170 1118 202 neonem

179 270 283 308 enim
312 270 430 309 ullum
452 282 539 307 esse
561 268 689 307 cilium
713 275 790 307 tam
813 282 976 319 gravem,
1000 271 1092 321 quin
1115 271 1146 309 is
1169 277 1281 310 nocte
1303 277 1338 309 et
1360 271 1419 309 (lie
1442 282 1586 309 conco-

179 333 335 377 quatur3
363 326 470 364 cuius
499 324 614 363 etiam
643 324 683 362 in
710 324 880 375 reliquiis
910 326 1009 364 inest
1037 327 1139 365 calor
1160 327 1222 374 iis,
1251 340 1346 377 quas
1369 333 1503 366 natura
1523 340 1586 365 re—

178 382 336 433 spuerit.
378 381 458 419 Iam
486 392 576 418 vero
598 393 715 418 venae
743 388 779 419 et
805 381 963 420 arteriae
991 382 1130 421 micare
1152 396 1230 421 non
1254 384 1450 430 desinunt,
1480 383 1588 434 quasi

180 438 347 488 quodam
370 437 482 486 igneo
504 442 627 483 motu,
652 437 1039 487 animadversumque
1061 451 1174 489 saepe
1191 445 1259 486 cst,
1282 452 1400 490 quum
1419 452 1487 478 cor
1504 439 1587 478 ani-

177 493 318 531 mantis
355 493 512 532 alicuius
548 493 723 531 evulsum
757 493 804 532 ita
832 493 1027 532 mobiliter
1054 494 1270 544 palpitaret,
1304 502 1346 534 ut
1375 496 1588 535 imitaretur

177 549 327 599 igneam
365 549 608 588 celeritatem.
664 549 789 588 Omne
816 550 932 601 igitur
959 550 1063 600 quod
1091 550 1198 597 vivit,
1236 551 1316 589 sive
1344 551 1482 591 animal
1510 552 1588 590 sive

178 611 279 643 terra
308 605 472 651 editum,
502 606 536 643 id
569 605 656 644 vivit
684 612 844 657 propter
872 606 1062 645 inclusum
1085 607 1124 644 in
1145 620 1190 645 co
1214 607 1391 645 calorem.
1434 607 1490 646 Ex
1511 621 1588 659 quo

180 661 333 712 intelligi
357 661 480 707 debet,
504 674 586 700 eam
609 662 745 701 caloris
768 670 944 701 naturam
968 663 1043 700 vim
1065 663 1205 701 habere
1228 663 1266 701 in
1289 676 1330 701 se
1351 663 1500 701 vitalem
1522 676 1592 714 per

109 723 149 754 25
181 730 337 756 omnem
365 718 553 756 mundum
580 719 848 769 pertinentem.
891 720 1015 769 Atque
1043 719 1079 757 id
1105 719 1249 758 facilins
1277 732 1480 758 cernemus
1508 726 1589 758 toto

179 787 319 824 genere
340 774 416 812 hoc
432 775 556 824 igneo,
579 775 681 825 quod
701 781 825 813 tranat
843 776 984 821 omnia,
1007 775 1185 814 subtilius
1203 775 1402 826 explicato.
1444 776 1590 814 Omnes

179 830 294 880 igitur
315 836 444 881 partes
465 831 599 869 mundi
624 837 790 881 (tangam
814 838 940 870 autem
963 831 1165 873 maximas»
1190 833 1314 870 calore
1338 832 1450 870 fultae
1472 832 1591 870 susti-

179 892 335 934 nentur3
358 887 460 937 quod
483 887 652 937 primum
674 888 712 925 in
737 894 885 926 terrena
908 893 1043 926 natura
1065 888 1233 938 perspici
1255 894 1396 938 potest.
1438 888 1533 927 Nam
1556 894 1591 926 et

180 943 351 994 lapidum
375 943 555 981 conflictu
577 949 689 993 atque
710 945 803 982 tritu
824 944 905 982 elici
929 945 1056 993 ignem
1081 944 1264 990 videmus,
1287 950 1321 982 et
1343 944 1486 982 recenti
1509 947 1591 982 fos-

180 999 290 1037 sione
326 1005 467 1037 terram
506 1001 651 1037 fumare
688 1001 892 1046 calentem,
930 1006 1041 1050 atque
1074 1000 1186 1037 ctiam
1214 1013 1258 1038 ex
1287 1000 1412 1050 puteis
1440 1000 1591 1052 iugibus

179 1068 317 1105 aquam
355 1055 513 1094 calidam
552 1055 666 1101 trahi,
705 1062 742 1093 et
770 1055 806 1093 itl
835 1055 1002 1093 maxime
1031 1055 1111 1093 lieri
1140 1056 1381 1106 temporibus
1406 1054 1590 1101 hibernis,

180 1111 284 1162 quod
313 1124 450 1161 magna
478 1111 533 1149 vis
565 1111 701 1150 caloris
732 1117 853 1150 terrae
883 1112 1052 1151 cavernis
1076 1111 1305 1158 continetur,
1328 1124 1446 1162 eaque
1468 1112 1593 1150 hieme

181 1169 221 1205 tit
243 1167 412 1213 densior,
442 1167 491 1205 ob
514 1180 674 1218 «Jamque
696 1181 873 1207 caussam
897 1168 1062 1206 calorem
1085 1168 1243 1207 insitum
1267 1168 1308 1206 in
1329 1169 1442 1206 terris
1466 1168 1593 1207 conti-

104 1226 156 1264 10
180 1229 245 1262 net
265 1223 418 1262 arctius.
461 1224 592 1273 Longa
615 1230 671 1262 est
695 1225 816 1263 oratio
840 1224 1060 1274 multaeque
1082 1225 1270 1271 rationes,
1299 1224 1437 1275 quibus
1461 1224 1593 1263 doceri

109 1286 151 1319 26
180 1280 326 1331 possit,
359 1280 488 1318 omnia
517 1293 612 1330 quae
643 1286 741 1319 terra
771 1281 962 1331 concipiat
990 1281 1154 1325 semina,
1186 1293 1358 1331 quaeque
1381 1281 1463 1331 ipsa
1486 1293 1530 1319 ex
1552 1294 1593 1319 se

180 1341 358 1386 generata
391 1336 575 1387 stirpibus
612 1336 726 1374 intixa
765 1337 976 1381 contineat,
1016 1350 1057 1375 ea
1090 1337 1366 1388 temperatione
1394 1337 1528 1375 caloris
1558 1343 1593 1374 et

225 1461 302 1501 quin
320 1461 359 1490 is.
395 1459 427 1490 S.
447 1470 489 1490 zu
508 1458 559 1498 1111
581 1460 631 1495 13,
651 1460 704 1491 34.

226 1514 329 1535 venae
365 1507 399 1535 et
426 1506 584 1536 arteriae.
637 1504 703 1535 Der
731 1505 850 1536 zweite

924 1460 1013 1499 kung
1045 1461 1117 1491 eine
1150 1459 1385 1491 Dictaei-stelle
1416 1459 1595 1498 angel'iilirt

927 1504 1030 1535 haben
1058 1505 1174 1542 sollte,
1201 1505 1244 1535 ist
1262 1505 1358 1535 kaum
1376 1515 1417 1534 zu
1435 1503 1594 1544 glauben:

180 1549 355 1580 Ausdruck
380 1549 469 1580 dient
489 1559 550 1580 zur
567 1550 691 1581 niihern
711 1550 851 1581 Bestim-

181 1604 280 1633 mung
298 1594 379 1625 oder
396 1594 631 1634 Bericlitigung
648 1595 706 1625 des
726 1599 851 1626 ersten.

181 1638 274 1670 Demi
304 1649 365 1670 nur
394 1639 445 1670 (lie
475 1640 650 1679 Arterien,
683 1640 771 1671 nieht
800 1640 851 1671 die

181 1684 297 1715 Veneti
316 1684 480 1726 pulsiren:
506 1684 655 1724 obgleieli
678 1685 726 1716 ot't
744 1695 853 1725 genug

183 1739 265 1760 rena
287 1730 369 1760 aueli
388 1729 450 1760 wie
476 1729 585 1760 Adei·
601 1730 651 1761 als
671 1729 853 1769 Gattungs-

183 1784 275 1805 name
292 1774 475 1814 gebraucht
491 1774 584 1814 wir-(l,
604 1786 640 1806 so
658 1776 735 1806 (lass
750 1785 785 1806 es
800 1775 851 1806 die

181 1818 339 1849 Arterien
368 1819 427 1850 mit
456 1820 487 1849 in
519 1820 586 1851 sicli
610 1820 770 1860 begreist,
800 1830 851 1850 wo

182 1863 267 1894 deun
298 1863 536 1894 unbcdenklicll
561 1866 640 1895 ancli
666 1875 767 1895 venae
789 1866 853 1895 mi-

183 1910 277 1947 eant,
303 1918 404 1939 renas
431 1911 570 1949 tangere
592 1920 623 1940 u.
649 1909 714 1947 «igi.
735 1914 853 1949 gosagt

185 1952 852 1994 werdeiikaiiii,obgleieliGelliusXVlll,

186 1997 225 2028 10
249 1998 318 2029 dies
344 1997 394 2028 als
419 1998 490 2029 eine
507 1998 664 2040 loquendi
682 1999 853 2041 Imperitia

183 2042 299 2074 tadelt.
336 2042 410 2081 Vgt.
429 2053 470 2073 zu
488 2054 515 2074 c.
535 2043 588 2082 52,
610 2042 682 2074 1:38.

228 2098 301 2119 cam
337 2087 459 2119 caloris
491 2091 670 2120 naturam:
708 2089 851 2127 „diesen

183 2131 438 2164 warmestoirf‘
474 2132 565 2164 Denn
589 2133 638 2164 als
664 2133 715 2164 cin
738 2132 859 2164 stass

184 2177 266 2208 wird
291 2177 343 2208 die
362 2176 501 2208 WViirme
520 2188 583 2208 von
602 2179 661 2209 der
680 2178 852 2209 Stoisclien

183 2222 307 2264 Physik
332 2222 533 2254 betrachtet:
558 2225 685 2255 natura
707 2223 797 2264 aber,
823 2223 853 2254 in

184 2272 362 2298 concreter
379 2267 585 2308 Bedentung,
606 2267 650 2299 ist
662 2268 759 2308 jedes
778 2267 855 2299 sub-

184 2312 352 2344 stautielle
383 2312 622 2354 Nemi-wesen,
653 2313 715 2343 wic
748 2313 854 2353 gleich

184 2361 285 2388 unten
304 2357 361 2388 das
379 2357 594 2389 Erdelenient
608 2361 744 2390 ter-rena
755 2361 854 2390 uatu-

184 2411 226 2433 να
244 2402 360 2433 heisst.

231 2446 285 2478 25.
335 2449 464 2479 terram
492 2448 642 2489 fumare
682 2448 854 2480 calentem.

185 2491 244 2523 Die
264 2491 385 2524 &Verte
406 2492 516 2523 bilden
536 2493 587 2524 die
605 2493 724 2524 zweite
743 2494 854 2525 Hiill'te

185 2537 276 2568 eines
306 2537 536 2570 llexameters.
582 2538 665 2569 Dass
696 2538 777 2569 aber
801 2539 855 2570 Ci-

186 2592 262 2613 cero
284 2581 340 2614 fiir
363 2583 435 2615 eine
461 2593 497 2614 so
514 2583 704 2624 alltiigliclie
722 2583 856 2616 Beiuer-

925 1550 984 1580 der
1002 1549 1164 1581 llalbvers
1184 1549 1227 1580 ist
1244 1549 1306 1580 ihm
1325 1559 1386 1580 nur
1407 1548 1546 1589 zul'iillig
1564 1548 1595 1579 in

926 1595 977 1625 (lie
1003 1594 1113 1625 Feder
1142 1594 1344 1635 gekommen.
1392 1593 1471 1625 wie
1496 1593 1597 1624 leielit

926 1639 1138 1678 ‹lcrgleichen
1167 1639 1352 1679 geschehcn
1382 1639 1508 1677 kenne,
1538 1638 1596 1669 be-

926 1684 1035 1715 merkt
1052 1695 1089 1715 er
1103 1684 1209 1715 selbst
1223 1684 1314 1715 Orat.
1331 1694 1357 1714 c.
1373 1684 1425 1721 56,
1445 1682 1516 1717 189.
1531 1683 1597 1714 und

926 1729 1088 1770 Bcispiele
1123 1730 1182 1760 der
1211 1730 1274 1760 Art
1303 1739 1362 1760 aus
1392 1729 1452 1759 deu
1479 1728 1595 1759 besten

928 1774 1193 1806 Schril'tstellern
1217 1774 1290 1805 sind
1314 1784 1377 1805 von
1396 1773 1513 1805 Vielen
1538 1783 1596 1813 ge-

928 1820 1089 1850 sammelt.
1149 1818 1223 1859 x'gl.
1260 1829 1301 1850 zu
1330 1830 1356 1850 c.
1388 1818 1438 1859 60,
1473 1817 1532 1850 151
1564 1828 1596 1848 u.

927 1864 1025 1894 Wolf
1039 1875 1079 1894 zu
1098 1863 1202 1895 Tacit.
1222 1864 1308 1894 Anu.
1326 1863 1350 1902 l,
1374 1863 1401 1894 l.

972 1919 1073 1949 eaque
1085 1909 1114 1939 d.
1131 1909 1157 1939 li.
1175 1911 1274 1948 terra,
1289 1909 1387 1945 nicht,
1402 1907 1465 1938 wie
1480 1907 1596 1947 Einige

927 1953 1070 1993 gemeint
1099 1953 1220 1992 haben,
1255 1955 1304 1984 vis
1335 1952 1467 1983 caloris.
1512 1951 1597 1983 Dass

927 1998 1070 2028 naclilier
1087 2002 1169 2029 statt
1187 1998 1244 2028 des
1262 1997 1360 2028 Pron.
1378 1999 1448 2028 rell.
1474 1999 1506 2028 ιἰι
1525 2007 1598 2028 sese

928 2043 1008 2073 (loch
1021 2043 1079 2073 (las
1094 2042 1218 2073 Nomen
1234 2044 1265 2073 in
1282 2045 1382 2074 terris
1395 2046 1528 2081 gesetzt
1542 2042 1596 2081 ist,

928 2087 1003 2119 ‹larl'
1019 2088 1107 2119 niclit
1125 2088 1190 2118 irrc
1209 2088 1354 2119 macheu.
1386 2086 1459 2127 x‘gl.
1476 2086 1527 2125 lll,
1546 2087 1595 2127 ll,

927 2132 969 2163 25
1002 2132 1058 2164 illa
1088 2135 1230 2171 (natura)
1266 2133 1420 2164 cohaeret
1452 2134 1598 2164 naturae

929 2178 1067 2209 viribus.
1101 2177 1196 2209 Caes.
1215 2178 1249 2208 Β.
1271 2177 1357 2209 Gall.
1378 2177 1405 2217 l,
1432 2176 1491 2208 38:
1518 2177 1595 2209 reli-

927 2234 1027 2264 quum
1041 2224 1191 2265 spatium
1198 2233 1230 2254 711
1237 2234 1294 2255 ons
1309 2233 1368 2254 con
1375 2225 1458 2254 tinet
1469 2232 1596 2263 magna

927 2267 1118 2308 altitudine,
1143 2270 1191 2299 ila
1209 2271 1245 2300 ut
1262 2268 1394 2300 radices
1412 2269 1483 2299 eius
1499 2277 1595 2298 mon-

929 2314 972 2345 tis
991 2324 1036 2345 ιη’
1053 2316 1197 2355 utraque
1210 2316 1310 2357 parte
1326 2314 1422 2357 ripae
1433 2311 1595 2354 fluminis

927 2368 943 2390 e
948 2369 986 2390 οη
992 2360 1106 2400 liugan
1113 2361 1134 2389 t.

976 2397 1041 2435 10.
1074 2403 1126 2433 215.
1159 2414 1204 2435 eae
1233 2415 1269 2435 se
1293 2404 1475 2445 generata,
1509 2402 1540 2433 d.
1564 2402 1595 2432 h.

928 2449 1011 2479 ohne
1031 2448 1165 2486 Samen,
1191 2448 1262 2479 also
1287 2448 1387 2479 durch
1406 2447 1478 2478 eine
1497 2456 1595 2487 soge-

928 2498 1048 2525 nannte
1070 2495 1249 2535 generatio
1269 2493 1468 2534 maginario.
1502 2492 1537 2524 S.
1555 2502 1596 2523 zu

927 2538 947 2580 1,
968 2538 1022 2578 37,
1044 2538 1116 2569 103.
1134 2556 1178 2561 ——
1196 2537 1368 2582 Stirpibus
1384 2538 1494 2580 infiaea
1510 2537 1599 2569 heis-

928 2594 986 2615 sen
1007 2583 1059 2615 die
1081 2582 1280 2624 Gew'ziclise,
1304 2583 1381 2615 weil
1404 2584 1452 2615 sie
1470 2582 1596 2615 mittets
