1684 2819
546 173 705 205 LIBER
725 173 780 205 IV.
809 174 864 214 28,
884 174 938 205 61.
990 174 1045 215 29,
1065 174 1119 206 62.
1446 173 1521 213 197

145 296 212 329 aut
233 288 408 329 naturale
431 296 494 328 aut
517 289 802 341 necessarium,
826 295 868 329 ut
888 290 1009 343 ipsam
1032 288 1312 343 aegritudinem
1333 288 1448 328 leniri
1466 289 1522 328 vi-

146 346 280 385 demus
294 375 303 393 ,
328 359 440 398 quum
465 345 665 385 obiicimus
687 345 950 386 maerentibus
971 345 1270 386 imbecillitatem
1293 346 1409 385 animi
1430 345 1522 385 effe-

144 401 294 451 minati,
328 415 520 454 quumque
543 415 674 442 eorum
698 403 928 457 gravitatem
952 403 1284 455 constantiamque
1305 402 1521 450 laudamus,

144 458 207 510 qui
230 472 305 497 non
328 458 547 498 turbulente
578 459 744 499 humana
777 460 984 513 patiantur.
1019 459 1127 510 Quod
1156 459 1306 512 quidem
1338 459 1436 498 solet
1467 459 1523 498 eis

145 514 256 554 etiam
280 515 470 564 accidere,
496 515 559 568 qui
580 516 644 556 illa
666 517 764 556 mala
783 530 868 557 esse
887 523 1062 564 censent,
1082 516 1239 556 ferenda
1256 523 1384 556 tamen
1402 530 1524 567 aequo

144 571 272 611 animo
295 571 549 612 arbitrantur.
575 573 690 612 Putat
711 573 862 625 aliquis,
884 586 969 612 esse
989 572 1225 625 voluptatem
1248 572 1405 620 bonum,
1427 572 1525 612 alius

144 635 288 677 autem,
314 629 538 682 pecuniam:
563 637 691 670 tamen
713 636 749 668 et
770 629 835 668 ille
858 629 903 668 ab
920 629 1217 682 intemperantia
1234 635 1272 668 et
1293 628 1353 668 hic
1371 628 1416 668 ab
1434 642 1526 669 ava-

144 685 233 724 ritia
266 685 423 725 avocari
452 692 590 739 potest.
643 685 710 724 Illa
739 693 866 725 autem
897 685 1018 725 altera
1048 685 1147 724 ratio
1177 692 1216 724 et
1247 685 1393 734 oratio,
1432 698 1547 738 quae.

145 741 258 781 simul
281 748 318 781 et.
339 742 558 795 opinionem
580 743 715 781 falsam
738 741 836 781 tollit
868 748 904 780 et
933 741 1213 795 aegritudinem
1248 742 1435 790 detrahit,
1470 749 1529 782 est

146 810 191 837 ea
213 798 363 850 quidem
386 798 539 846 utilior,
572 798 639 837 sed
669 811 758 837 raro
790 798 940 851 proficit
965 811 1089 850 neque
1111 804 1171 837 est
1192 798 1237 837 ad
1259 798 1399 851 vulgus
1422 798 1528 837 adhi-

146 854 282 893 benda.
313 854 505 904 Quaedam
528 861 654 893 autem
677 860 768 894 suut
788 854 1069 908 aegritudines,
1094 868 1187 907 quas
1210 854 1342 894 levare
1363 854 1429 893 illa
1451 868 1530 894 me—
1552 862 1589 893 61

146 911 271 950 dicina
294 911 398 951 nullo
421 910 532 950 modo
556 911 702 963 possit,
735 918 802 960 ut,
837 911 869 951 si
892 912 975 964 quis
997 925 1115 964 aegre
1137 911 1255 957 ferat,
1290 910 1386 950 nihil
1414 910 1454 949 in
1487 925 1529 951 se

146 980 232 1007 esse
254 966 426 1016 virtutis,
451 967 547 1007 nihil
570 968 701 1016 animi,
726 968 822 1007 nihil
845 968 971 1016 officii,
996 968 1092 1007 nihil
1112 967 1349 1016 honestatis,
1376 975 1532 1021 propter

144 1024 244 1063 mala
260 1023 293 1064 is
311 1024 462 1077 quidem
481 1031 660 1077 angatur,
682 1025 748 1064 sed
766 1025 839 1064 alia
859 1026 1042 1078 quaedam
1062 1024 1112 1065 sit
1128 1024 1173 1064 ad
1192 1038 1275 1064 eum
1293 1024 1532 1064 admovenda

146 1081 293 1120 curatio
321 1088 358 1120 et
387 1080 475 1121 talis
507 1081 681 1134 quidem,
716 1095 811 1134 quae
844 1083 965 1135 possit
996 1095 1082 1121 esse
1112 1081 1303 1129 omnium,
1337 1080 1452 1120 etiam
1485 1082 1530 1120 de

148 1137 286 1178 ceteris
308 1137 424 1178 rebus
448 1137 764 1192 discrepantium,
790 1138 1119 1192 philosophorum.
1146 1138 1251 1178 Inter
1272 1150 1406 1177 omnes
1430 1138 1531 1177 enim

147 1194 357 1234 convenire
375 1202 542 1247 oportet,
564 1195 841 1236 commotiones
860 1195 1075 1235 animorum
1094 1209 1113 1234 a
1128 1202 1236 1235 recta
1252 1194 1402 1234 ratione
1420 1207 1533 1234 aver-

146 1265 209 1291 sas
232 1263 318 1291 esse
340 1251 499 1291 vitiosas
515 1282 524 1300 ,
558 1258 625 1300 ut,
658 1252 772 1292 etiam
805 1252 837 1291 si
860 1259 897 1291 et
918 1252 1018 1291 mala
1040 1252 1120 1292 sint
1139 1251 1204 1291 illa
1221 1282 1230 1300 ,
1264 1265 1361 1304 quae
1388 1257 1531 1291 metum

146 1307 494 1361 aegritudinemve,
509 1315 546 1347 et
561 1308 678 1359 bona,
695 1323 792 1361 quae
811 1309 1057 1361 cupiditatem
1076 1308 1315 1348 laetitiamve
1331 1314 1529 1355 moveant,

147 1371 275 1404 tamen
297 1364 347 1404 sit
368 1364 512 1404 vitiosa
540 1364 624 1419 ipsa
657 1366 878 1405 commotio.
924 1365 1175 1406 Constantem
1208 1364 1309 1404 enim
1342 1364 1532 1417 quendam

145 1421 348 1470 volumus,
374 1421 547 1462 sedatum
563 1453 572 1471 ,
602 1435 762 1475 gravem
777 1453 787 1471 ,
820 1423 987 1462 humana
1008 1423 1133 1462 omnia
1157 1428 1404 1475 spernentem
1425 1420 1530 1459 illum

148 1490 248 1526 esse,
274 1491 384 1530 quem
407 1479 691 1531 magnanimum
716 1487 754 1519 et
775 1480 913 1519 fortem
931 1480 1054 1519 virum
1074 1479 1247 1518 dicimus.
1274 1477 1380 1516 Talis
1403 1483 1531 1516 autem

148 1547 219 1573 nec
249 1548 427 1574 maerens
457 1548 529 1574 nec
562 1535 699 1575 timens
729 1549 800 1575 nec
828 1535 986 1588 cupiens
1017 1548 1088 1579 nec
1118 1533 1290 1586 gestiens
1318 1546 1404 1573 esse
1429 1533 1532 1585 quis·
1586 1564 1589 1565 γ

149 1604 262 1643 quam
292 1597 432 1644 potest.
483 1591 629 1630 Eorum
660 1592 760 1630 enim
791 1591 885 1631 haee
915 1599 1022 1638 sunt,
1056 1590 1119 1642 qui
1150 1596 1312 1629 eventus
1344 1590 1530 1629 humanos

151 1647 373 1700 superiores
395 1661 507 1699 quam
530 1661 620 1687 suos
644 1648 793 1687 animos
818 1662 902 1688 esse
925 1649 1084 1686 ducunt.

262 1702 388 1754 Quare
410 1704 579 1744 omnium
603 1704 932 1758 philosophorum,
957 1710 999 1742 ut
1019 1702 1106 1742 ante
1128 1702 1225 1751 dixi,
1251 1717 1330 1754 una·
1348 1702 1449 1742 ratio
1471 1710 1532 1742 est
1544 1702 1600 1747 29

197 1815 264 1836 non
295 1805 494 1837 turbulente
509 1821 554 1831 Ξ
572 1817 637 1837 non
661 1809 809 1847 pertur-

153 1852 236 1882 bata

193 1895 426 1927 Illa—altera
440 1899 547 1928 ratio:
568 1896 619 1927 die
639 1900 806 1927 erstere

153 1959 190 1963 —
217 1941 292 1972 dass
316 1951 391 1972 man
419 1942 558 1973 n'a'mlich
592 1942 701 1982 zeigt,
732 1941 807 1972 dass

150 1987 207 2017 der
219 1985 344 2027 Grund,
364 1997 423 2018 aus
441 1987 512 2019 dem
530 1987 581 2018 die
596 1986 808 2018 Bekiimmer-

150 2032 216 2064 niss
244 2032 376 2073 kommt,
407 2032 480 2064 kein
509 2031 611 2064 Uebel
637 2033 697 2064 sei.
729 2031 805 2073 vgl.

150 2077 208 2118 Ill,
229 2078 283 2119 32,
306 2078 358 2109 Π.
380 2078 432 2110 78.
452 2097 494 2101 —
512 2077 641 2118 XVegen
661 2080 753 2109 ratio
774 2082 809 2109 et

151 2126 266 2155 oratio
292 2134 318 2155 s.
341 2135 381 2155 zu
401 2123 456 2155 IV.
480 2124 532 2160 17,
552 2124 607 2155 3S.

195 2169 331 2209 utilior,
360 2169 391 2200 d.
414 2170 447 2200 h.
473 2169 530 2200 iibt
555 2169 628 2201 eine
656 2170 806 2210 grossere

150 2213 317 2255 Wirkung
343 2215 403 2246 auf
423 2215 611 2256 diejeuigen
641 2224 717 2253 aus,
753 2214 806 2245 bei

152 2260 254 2292 denen
298 2261 344 2292 sie
387 2261 455 2292 sich
497 2260 675 2292 anwenden
709 2259 805 2291 I'asst.

154 2305 304 2349 (Bentley
324 2306 531 2338 vermuthet:
551 2304 746 2346 subtilior.)

196 2362 278 2383 raro
299 2353 447 2394 proficit
465 2352 540 2392 „sie
559 2350 686 2391 schl’sigt
704 2351 806 2381 selten

154 2397 235 2427 an“.
271 2396 312 2428 So
333 2398 507 2439 proficere
529 2397 608 2428 auch
626 2406 688 2427 von
706 2395 807 2427 wirk-

129 2478 137 2487 .
154 2441 259 2473 lichen
279 2442 542 2474 Arzneimitteln.

197 2487 252 2518 61.
279 2488 385 2528 officii
409 2487 717 2529 „Pssichtgefiihl“;
737 2487 804 2527 vgl.

157 2530 198 2562 ll.
219 2533 273 2573 20,
292 2533 333 2564 46
359 2544 397 2565 zu
413 2534 544 2575 gloria.

202 2581 235 2609 et
264 2579 357 2610 mala
377 2596 413 2602 ——
435 2583 468 2611 et
497 2580 607 2619 bona,
640 2578 807 2610 Lambin's

158 2622 238 2654 auch
271 2633 333 2655 von
361 2623 509 2665 Tregder
535 2624 806 2665 aufgenommene

875 1805 1108 1836 Emendation.
1128 1804 1174 1836 Es
1187 1804 1293 1835 haben
1314 1803 1450 1835 n'amlich
1471 1803 1535 1835 alle

874 1849 991 1891 Mser.,
1007 1851 1057 1881 bis
1074 1849 1134 1881 auf
1145 1850 1229 1888 eins,
1245 1860 1305 1880 nec
1318 1850 1537 1880 mala—nee

877 1896 979 1933 bona,
1000 1896 1165 1926 durchaus
1183 1905 1285 1936 gegen
1304 1895 1365 1925 den
1380 1894 1459 1925 Sinn
1479 1894 1537 1926 der

877 1940 992 1972 Stelle.
1015 1940 1107 1982 (Man
1123 1941 1262 1972 beachte
1277 1941 1360 1971 auch
1380 1940 1441 1972 den
1460 1950 1536 1971 vor-

876 1996 1131 2027 angegangenen
1150 1985 1324 2017 Ausdruck
1342 1996 1404 2017 om
1416 1988 1490 2017 niu
1502 1996 1534 2016 m

871 2033 1161 2074 plzz'losopliormn
1174 2031 1207 2073 J)
1234 2031 1296 2062 Die
1313 2030 1535 2063 Verderbniss

874 2088 962 2109 muss
990 2078 1074 2118 also,
1100 2078 1162 2108 wie
1189 2087 1223 2108 so
1250 2077 1385 2108 manche
1413 2077 1534 2108 andere

874 2124 906 2154 in
936 2123 997 2154 (len
1014 2122 1174 2163 TuscuL,
1202 2122 1303 2154 sehon
1331 2122 1363 2153 in
1391 2123 1450 2153 der
1476 2122 1536 2154 Ur-

875 2168 1281 2200 handschriftvorhanden
1292 2178 1443 2208 geweseu
1454 2168 1536 2199 sein.

922 2215 1201 2246 Constantem-
1213 2213 1399 2254 quendam,
1415 2213 1532 2244 wiell.

874 2261 907 2300 4,
932 2260 967 2290 ll
990 2259 1161 2290 eoecelszcm
1183 2259 1369 2300 quendam.

921 2309 1139 2346 spernentem
1174 2304 1274 2346 (nach
1303 2304 1443 2347 *Bentley
1468 2304 1534 2335 und

875 2350 1050 2391 Tregder).
1086 2350 1146 2382 Die
1166 2349 1306 2382 Hdschr'.
1326 2350 1432 2381 haben
1456 2360 1535 2390 pre-

877 2400 1037 2436 mentem,
1049 2396 1191 2427 welches
1206 2396 1239 2427 in
1255 2396 1314 2427 der
1324 2394 1533 2436 gutenProsa

874 2442 942 2473 sich
969 2442 1020 2473 nie
1044 2442 1075 2472 in
1096 2442 1218 2473 diesem
1237 2441 1336 2473 Sinne
1355 2440 1535 2480 gebraucht

875 2487 976 2518 findet
992 2488 1058 2518 und
1082 2487 1154 2518 hier
1171 2487 1333 2519 wahl-sch.
1355 2496 1414 2516 nur
1432 2485 1533 2516 durch

876 2532 1117 2564 Verschreiben
1144 2543 1202 2564 aus
1220 2535 1439 2573 spernentem
1464 2535 1535 2562 ent-

877 2579 1014 2610 standen
1032 2579 1087 2610 ist.
1108 2577 1182 2620 vgl.
1204 2578 1246 2609 ΙΙ.
1267 2579 1298 2617 4,
1322 2577 1355 2607 11
1379 2577 1532 2608 humana

878 2624 1132 2667 despicientem.
