1684 2819
661 186 738 219 LIB.
756 185 810 219 111.
848 186 940 220 CAP.
960 187 1012 221 20,
1461 190 1538 230 197

140 290 465 341 Conscripserunt
501 290 758 329 communiter
795 290 959 329 edictum
991 303 1077 329 eum
1109 302 1233 341 poena
1259 296 1371 341 atque
1398 290 1538 330 iudicio

140 346 512 397 constitueruntque,
552 352 595 385 ut
635 358 770 385 omnes
810 347 923 385 simul
963 347 1001 384 in
1038 347 1176 386 Rostra
1216 354 1306 398 post
1340 348 1540 386 meridiem

138 403 401 442 escenderent.
442 403 490 441 Et
517 403 629 441 ceteri
658 403 811 453 quidem
842 403 935 441 alius
965 403 1056 449 alio,
1085 403 1227 441 Marius
1249 416 1268 441 a
1290 403 1478 442 subselliis
1500 404 1540 442 in

137 459 277 497 Rostra
298 464 398 497 recta
420 459 552 509 idque,
580 460 682 509 quod
705 459 962 498 communiter
982 459 1243 510 compositum
1264 461 1402 506 fuerat,
1431 461 1538 499 solus

137 515 262 553 edixit.
318 515 366 553 Et
394 527 436 553 ea
464 527 543 561 res,
572 515 604 553 si
633 515 804 566 quaeris,
833 515 865 553 ei
893 527 1032 565 magno
1063 515 1200 554 honori
1223 515 1303 554 fuit.
1348 516 1537 555 Omnibus

135 571 226 610 vicis
244 575 401 616 statuae,
425 571 468 609 ad
487 584 549 610 eas
567 576 642 618 tus,
666 571 775 610 cerei.
814 571 913 618 Quid
930 570 1081 610 multa?
1103 584 1218 610 nemo
1237 585 1420 622 umquam
1438 573 1537 611 mul-

137 627 290 666 titudini
318 627 388 665 fuit
415 627 546 666 carior
593 628 692 665 Haec
720 633 811 666 sunt
832 640 928 678 quae
951 628 1183 666 conturbent
1203 628 1241 666 in
1264 628 1539 667 deliberatione

135 695 214 721 non
243 695 475 734 numquam,
504 696 591 722 cum
618 684 675 729 id,
706 684 742 722 in
773 696 848 734 quo
876 684 1037 722 violatur
1064 684 1250 734 aequitas,
1278 696 1356 723 non
1384 685 1434 723 ita
1455 697 1539 724 ma-

138 751 276 789 gnum,
299 739 389 778 illud
413 745 559 786 autem,
584 740 686 790 quod
709 753 751 777 ex
774 752 818 778 eo
842 740 1005 789 paritur,
1031 752 1286 790 permagnum
1308 740 1475 786 videtur,
1498 747 1541 780 ut

136 796 255 834 Mario
290 795 509 846 praeripere
545 796 700 845 collegis
737 801 773 833 et
800 796 965 833 tribunis
994 796 1096 846 plebi
1125 797 1351 847 popularem
1379 796 1539 846 gratiam

136 863 216 889 non
237 852 286 890 ita
307 855 431 901 turpe,
453 852 651 890 consulem
676 851 724 889 ob
746 864 829 889 eam
851 864 931 889 rem
955 852 1048 898 lieri,
1073 853 1177 902 quod
1200 852 1273 890 sibi
1290 857 1373 890 tum
1389 865 1539 903 propo-

136 912 275 953 suerat,
298 907 405 946 valde
424 907 514 945 utile
534 907 746 946 videbatur.
789 908 863 946 Sed
887 907 1062 946 omnium
1084 920 1159 946 una
1180 908 1308 958 regula
1330 913 1399 955 est,
1423 921 1537 959 quam

134 963 202 1002 tibi
224 963 336 1013 cupio
359 975 444 1001 esse
465 964 721 1009 notissimam,
745 969 809 1002 aut
830 964 932 1009 illud,
955 964 1057 1015 quod
1079 964 1168 1002 utile
1185 964 1343 1010 videtur,
1364 970 1475 1015 turpe
1491 977 1539 1003 ne

136 1020 184 1058 sit
205 1025 286 1066 aut,
310 1019 341 1057 si
362 1025 474 1070 turpe
495 1025 569 1065 est,
590 1032 638 1058 ne
659 1020 828 1059 videatur
855 1033 940 1058 esse
960 1020 1062 1058 utile.
1106 1020 1205 1067 Quid
1228 1019 1371 1070 igitur?
1393 1033 1538 1071 possu-

135 1088 273 1115 musne
302 1081 366 1114 aut
392 1075 496 1114 illum
518 1076 680 1114 Marium
701 1077 823 1115 virum
850 1076 996 1115 bonum
1020 1077 1186 1115 iudicare
1208 1082 1272 1115 aut
1292 1075 1426 1115 hunc‘?
1461 1077 1538 1116 Ex-

135 1132 233 1182 plica
254 1138 366 1182 atque
387 1137 518 1170 excute
545 1132 838 1183 intellegentiam
870 1138 988 1178 tuam,
1025 1138 1066 1171 ut
1086 1132 1213 1171 videas
1242 1145 1337 1183 quae
1367 1134 1417 1172 sit
1437 1133 1475 1171 in
1498 1146 1541 1172 ea

139 1189 322 1240 [species]
354 1189 477 1226 forma
505 1194 542 1226 et
568 1189 676 1227 notio
698 1189 767 1227 viri
794 1189 897 1227 boni.
940 1189 1048 1227 Cadit
1071 1201 1163 1238 ergo
1186 1189 1225 1226 in
1247 1189 1369 1227 virum
1392 1189 1539 1228 bonum

135 1245 287 1283 mentiri
321 1244 572 1282 emolumenti
602 1245 661 1283 sui
690 1257 820 1290 causa,
858 1245 1071 1291 criminari,
1108 1245 1345 1296 praeripere,
1383 1244 1539 1284 fallere?

134 1300 236 1339 Nihil
262 1301 435 1351 profecto
463 1300 604 1339 minus.
660 1301 729 1340 Est
755 1301 869 1351 igitur
897 1301 969 1340 ulla
995 1313 1056 1339 res
1084 1301 1177 1339 tanti
1201 1307 1265 1339 aut
1287 1302 1537 1340 commodum

132 1356 252 1395 ullum
286 1362 364 1395 tam
400 1357 673 1407 expetendum,
711 1364 751 1395 ut
778 1357 846 1396 viri
873 1357 965 1396 boni
995 1358 1302 1408 ctsplcndorem
1331 1363 1368 1397 et
1394 1370 1539 1397 nomen

873 1480 1012 1512 Ansicht
1027 1492 1090 1512 von
1110 1482 1171 1512 den
1197 1482 1408 1522 angebornen
1427 1480 1536 1523 Ideen,

179 1490 255 1512 cum
273 1490 385 1523 poena
402 1482 435 1511 et
456 1479 597 1521 iudicio,
625 1481 684 1512 mit
701 1480 799 1512 Fest-

872 1526 997 1557 welehe
1012 1527 1111 1557 durch
1122 1522 1538 1571 dvcz‘pwymgangefriseht

135 1530 274 1566 setzung
292 1526 351 1556 ‹ler
359 1524 469 1556 Strafe
484 1525 547 1555 und
565 1526 622 1557 des
634 1525 798 1565 Gerichts,

134 1580 196 1601 vor
225 1571 294 1601 dem
326 1570 376 1601 die
404 1569 691 1611 Uebertretungen
721 1582 798 1602 ver-

132 1615 267 1646 handelt
282 1615 414 1646 werden
434 1615 549 1646 sollen.
574 1614 688 1655 Vgl.in
700 1615 798 1648 Verr.

133 1660 188 1691 lib.
207 1659 230 1699 l,
249 1659 302 1699 42,
324 1659 385 1690 108
412 1659 567 1691 Cornelia
582 1678 626 1682 —
642 1672 797 1693 mamme-

134 1706 195 1746 ria,
230 1707 360 1736 ceterae
383 1704 587 1747 complures,
622 1707 654 1737 in
680 1708 797 1747 quibus

131 1761 197 1783 non
214 1751 269 1781 ius
287 1749 422 1792 aliquod
436 1760 555 1781 norum
573 1753 797 1793 constituitur,

132 1795 194 1827 secl
208 1796 374 1833 sancitur,
400 1797 438 1825 ul
460 1794 550 1836 quod
571 1806 704 1839 semper
725 1807 797 1837 ma7

131 1840 201 1872 lum
221 1840 366 1881 facinus
396 1840 513 1881 suerit
545 1842 616 1872 eius
648 1843 799 1882 quaestio

131 1885 176 1916 ad
188 1884 351 1928 populum
368 1887 539 1927 pertineat
550 1896 595 1916 etz?
608 1889 696 1917 certo
716 1889 797 1917 tem-

129 1940 223 1973 pore.

177 1983 264 2015 alius
280 1983 344 2015 alio
363 1994 407 2015 sc.
425 1994 460 2015 se
478 1985 699 2017 contulerunt.

177 2052 198 2072 a
240 2040 408 2072 subselliis
449 2041 546 2072 niiml.
580 2041 796 2083 tribunoruin,

133 2095 184 2115 wo
203 2085 254 2116 die
273 2085 376 2116 Sache
393 2086 590 2117 verhandelt
606 2096 686 2118 war.

177 2144 327 2173 statuae:
336 2141 796 2183 Plin.XXX1V,6‚12statne-

132 2189 213 2218 runt
228 2189 261 2217 et
276 2185 404 2218 Romae
420 2188 451 2217 in
472 2188 623 2218 omuibus
640 2189 720 2219 vicis
738 2188 799 2220 tri-

132 2233 193 2263 bus
210 2230 321 2263 Mario
341 2230 553 2270 Gratidiano,
578 2235 616 2263 αἴ
638 2232 796 2273 dia-imm,

132 2276 331 2318 easdemque
343 2277 538 2308 subvertere
550 2275 664 2308 Sullae
676 2279 708 2309 in
714 2280 796 2310 troz·-

133 2324 179 2354 tu.
214 2321 340 2353 Seneca
358 2322 397 2353 de
415 2322 463 2353 ira
482 2320 533 2361 lll,
555 2322 593 2353 18
611 2322 658 2353 Μ.
677 2322 797 2364 Mario,

133 2369 188 2398 cui
212 2368 344 2398 vicatim
369 2369 501 2398 statuas
516 2367 661 2410 populus
674 2378 796 2410 posue-

132 2414 204 2450 rat,
230 2414 285 2443 cui
301 2414 376 2443 ture
392 2414 425 2443 et
442 2414 513 2443 rino
529 2412 737 2455 supplicabat
753 2431 797 2435 —

131 2455 169 2488 L.
186 2455 280 2488 Sulla
293 2458 471 2500 pevsringi
485 2467 604 2497 crura,
629 2460 703 2489 erui
719 2469 795 2490 oru-

133 2500 193 2543 los,
210 2502 384 2544 amputari
401 2512 522 2534 ηιαηιιε
541 2503 653 2534 iussit.

179 2556 233 2588 81.
267 2558 399 2601 emplica
415 2561 512 2599 atque
530 2561 650 2590 est-cute
667 2559 796 2591 intelle-

131 2603 300 2642 gentiam:
325 2613 353 2634 z.
373 2602 404 2644 ξ.
425 2602 476 2634 76.
516 2603 576 2634 Ι)16
593 2603 795 2645 platonische

872 1571 934 1601 und
954 1571 1027 1602 klar
1043 1573 1192 1612 gemacht
1209 1573 1341 1603 werden
1353 1598 1360 1610 ,
1381 1572 1462 1612 liegt
1479 1573 1538 1603 der

874 1615 1057 1647 lledensart
1075 1627 1115 1647 zu
1134 1616 1284 1655 Grunde3
1310 1617 1539 1659 intellegentia

871 1661 915 1691 ist
933 1661 991 1691 dcr
1004 1661 1161 1703 Complex
1180 1662 1290 1693 dieser
1304 1661 1412 1703 Ideen,
1428 1662 1538 1693 wofiir

872 1705 937 1736 Cic.
956 1707 1037 1737 auch
1061 1709 1216 1739 notiones
1242 1708 1321 1738 oder
1344 1707 1537 1750 intellegen-

872 1752 939 1782 tiae
961 1756 1044 1791 sagt.

917 1798 1061 1839 species,
1083 1798 1201 1837 forma
1223 1800 1257 1829 et
1276 1799 1379 1828 notio.
1413 1797 1456 1828 So
1481 1798 1538 1829 hat

872 1841 938 1872 Cic.
958 1841 1129 1872 sicherlich
1149 1842 1237 1873 nicht
1253 1842 1479 1882 geschrieben,
1497 1843 1537 1874 da

872 1896 909 1917 er
928 1886 978 1916 nie
997 1897 1059 1917 von
1080 1886 1098 1917 3
1118 1887 1247 1918 einzeln
1275 1887 1454 1918 stehenden
1474 1887 1535 1918 Be-

872 1931 988 1970 (ξι-111611
1008 1942 1070 1962 nur
1087 1931 1138 1962 die
1157 1932 1273 1963 beiden
1292 1932 1415 1963 letzten
1434 1933 1535 1963 durch

872 1979 905 2007 et
921 1976 1001 2006 oder
1017 1987 1055 2007 ac
1073 1976 1256 2008 verbindet.
1292 1977 1341 2008 Ob
1359 1977 1439 2007 aber
1450 1978 1535 2019 sor-

871 2032 928 2052 ηπ(
946 2021 1027 2051 oder
1050 2023 1175 2064 species
1195 2022 1382 2061 gestriehen
1400 2022 1533 2053 werden

870 2076 971 2105 nuiss,
989 2066 1073 2097 liisst
1088 2067 1155 2097 sich
1171 2067 1299 2097 schwer
1312 2066 1535 2108 entscheiden,

871 2111 910 2141 da
940 2111 1034 2141 beidc
1064 2111 1172 2150 liiiufig
1203 2122 1262 2141 zur
1285 2110 1536 2152 Uebersetzung

871 2156 928 2186 des
958 2155 1185 2197 platonischen
1219 2154 1317 2190 εἶδος
1346 2156 1425 2186 oder
1455 2154 1536 2188 ἰδέα

870 2199 1052 2239 gebraucht
1074 2201 1227 2237 werdem
1252 2199 1351 2232 Tusc.
1370 2199 1401 2240 l,
1420 2200 1474 2241 24,
1493 2202 1534 2232 58

871 2255 954 2286 quae
968 2243 1072 2276 ἰδέαν
1085 2245 1229 2288 appellat
1240 2245 1301 2287 ille,
1309 2256 1371 2277 nos
1382 2247 1536 2289 speciem.

872 2294 937 2331 top.
958 2290 987 2325 7,
1007 2289 1047 2320 30
1066 2291 1098 2321 in
1118 2290 1429 2332 dieisionejbrmae
1445 2295 1533 2333 sunt,

870 2345 952 2375 quas
972 2333 1089 2366 Graeci
1104 2333 1207 2370 ἰδέας
1222 2338 1351 2375 vocant,
1369 2338 1481 2368 nostri
1492 2355 1535 2359 —

869 2382 997 2423 species
1022 2380 1204 2423 appellant,
1233 2391 1299 2412 non
1325 2383 1472 2424 pessime
1499 2381 1536 2413 id

869 2425 1016 2466 quidem,
1041 2425 1102 2456 sed
1117 2425 1276 2457 inutiliter
1293 2426 1338 2457 ad
1352 2426 1532 2458 mutandos

869 2480 968 2501 casus
985 2472 1016 2501 in
1035 2470 1181 2502 (licendo.

915 2514 967 2546 82.
982 2515 1191 2558 splendorem
1206 2519 1238 2546 et
1249 2526 1369 2547 nomen
1388 2516 1432 2547 ist
1445 2516 1533 2548 nicht.

869 2559 918 2590 als
943 2557 981 2591 ἓν
1010 2556 1071 2591 διὰ
1098 2558 1203 2592 δυοῖν
1224 2561 1428 2600 annusehen,
1455 2571 1531 2593 son-

870 2604 949 2635 dern
967 2615 1084 2637 nomeu
1103 2605 1146 2636 ist
1162 2619 1206 2632 =
1223 2605 1339 2645 gloria.

1567 636 1606 667 81

1568 1310 1609 1343 82
