1684 2819
110 603 152 633 40

111 943 150 974 41

175 163 228 203 95
649 163 875 196 Lissssnu.
898 165 1028 206 17‚40.
1050 165 1107 198 41.

262 292 306 330 E.
349 290 628 343 Ubifln‘lmm
655 289 850 330 Hecedris
880 297 1061 332 nostram
1094 305 1228 332 acrem
1262 291 1387 332 (in-iem
1413 292 1592 332 inclina-

1187 347 1266 388 ta'm
1292 348 1444 402 [dedic]
1467 373 1521 377 —

177 433 215 467 et
237 433 368 466 cetera
387 425 557 478 explicat
578 425 617 465 in
635 424 786 465 dolore.
830 423 893 464 Sic
911 431 971 465 est
993 425 1095 465 enim
1119 426 1386 480 intemperans
1408 426 1589 468 militaris

176 483 215 522 in
240 481 332 522 forti
359 482 445 521 viro
468 481 610 535 gloria.
644 482 751 536 Ergo
783 481 879 522 haec
901 488 1116 523 veteranus
1140 482 1252 523 miles
1275 484 1403 523 facere
1426 483 1586 537 poterit,

176 539 314 578 doctus
337 539 400 578 vir
429 538 664 592 sapiensque
695 553 772 578 non
803 537 975 592 poterit⁹
1016 537 1084 578 Ille
1105 553 1201 578 vero
1234 539 1397 588 melius,
1434 554 1479 580 ac
1511 554 1590 580 non

175 595 306 649 paullo
339 595 510 648 quidem.
553 595 629 637 Sed
658 595 785 636 adhuc
816 594 862 635 de
895 594 1179 635 consuetudine
1202 596 1504 636 exercitationis
1534 597 1592 636 lo-

176 665 290 704 quor,
317 651 490 692 nondum
513 652 559 693 de
581 653 736 693 ratione
759 659 797 692 et
818 651 1027 705 sapientia.
1071 651 1259 692 Aniculae
1282 665 1399 706 saepe
1420 652 1593 693 inediam

175 708 335 749 biduum
359 716 425 749 aut
447 709 618 750 triduum
639 711 786 749 l'.erunt
823 708 975 749 Subduc
993 708 1120 749 cihum
1140 723 1258 749 unum
1277 709 1379 750 diem
1397 708 1589 750 athletae:

178 765 310 805 Iovem
331 764 567 820 Olympium,
594 780 681 807 eum
704 765 847 820 ipsum,
872 766 933 806 cui
956 779 998 806 se
1022 773 1200 815 exercet,
1225 765 1462 819 implorabit,
1489 767 1596 806 serre

177 836 256 861 non
279 836 394 875 posse
417 823 614 864 clamabit.
658 821 964 863 Consuetudinis
989 837 1128 876 magna
1153 824 1213 863 vis
1236 829 1311 863 est.
1356 823 1595 863 Pernoctant

178 885 393 919 venatores
415 880 453 918 in
483 881 596 929 nive,
632 880 671 920 in
695 879 894 919 montibus
917 879 976 919 uri
1000 894 1042 920 se
1065 880 1279 933 patiuntur.
1325 880 1418 919 Inde
1441 879 1596 933 pugiles

177 935 350 975 cestibus
374 935 528 976 contusi
550 949 598 975 nc
620 936 886 990 ingemiscunt
907 935 1076 987 quidem.
1118 937 1192 976 Sed
1216 936 1304 989 quid
1326 935 1421 985 hos,
1454 935 1594 988 quibus

180 991 450 1045 Olympiorum
473 992 644 1032 victoria
668 992 895 1031 consulatus
925 992 990 1031 ille
1013 992 1200 1045 antiquus
1224 993 1406 1032 videtur?
1439 991 1595 1033 Gladia-

177 1055 303 1097 tores,
337 1055 404 1088 aut
425 1049 567 1101 perditi
589 1048 767 1089 homines
790 1055 859 1088 aut
882 1048 1053 1098 barbari,
1087 1063 1183 1102 quas
1206 1049 1340 1102 plagas
1363 1050 1590 1103 perferunt!

179 1119 254 1158 quo
278 1105 392 1145 modo
416 1105 488 1154 illi,
524 1105 588 1158 qui
612 1105 711 1146 bene
732 1104 903 1145 instituti
925 1111 1034 1155 sunt,
1068 1106 1248 1159 accipere
1271 1106 1424 1159 plagam
1446 1105 1599 1146 malunt

181 1175 295 1214 quam
337 1162 503 1216 turpiter
533 1163 686 1203 vitare!
733 1175 848 1215 quam
881 1175 1000 1216 saepe
1039 1169 1200 1216 apparet
1231 1162 1327 1202 nihil
1358 1175 1427 1203 eos
1459 1162 1593 1212 malle,

180 1232 293 1271 quam
316 1218 379 1259 vel
412 1218 570 1259 domino
593 1219 690 1259 satis
726 1220 855 1259 facere
880 1218 941 1258 vel
976 1219 1141 1273 populo!
1186 1219 1345 1259 Mittunt
1370 1218 1486 1260 etiam
1509 1219 1597 1259 vul—

179 1275 342 1315 neribus
366 1276 533 1315 eonfccti
556 1277 601 1316 ad
626 1276 821 1323 dominos,
847 1275 912 1328 qui
935 1283 1128 1328 quaerant
1150 1276 1241 1329 quid
1264 1276 1410 1327 velint,
1443 1277 1475 1316 si
1499 1277 1598 1316 satis

180 1331 229 1372 iis
261 1333 405 1372 factum
436 1333 507 1382 sit,
544 1347 586 1373 se
610 1332 713 1372 velle
745 1331 992 1372 decumbere.
1035 1333 1131 1383 Quis
1161 1333 1372 1373 mediocris
1403 1333 1598 1387 gladiator

181 1388 398 1442 ingemuit?
420 1389 505 1442 quis
524 1389 676 1429 vultum
700 1388 865 1429 mutavit
887 1391 1096 1442 umquam?
1120 1389 1206 1442 quis
1230 1404 1309 1429 non
1332 1392 1447 1429 modo
1470 1389 1595 1437 stetit,

180 1459 318 1485 verum
350 1446 467 1486 etiam
501 1446 682 1486 decubuit
714 1446 907 1499 turpiter?
938 1447 1047 1499 quis,
1073 1461 1188 1499 quum
1213 1445 1486 1495 decubuisset,
1519 1448 1598 1486 ser-

228 1601 294 1635 Ubi
306 1607 387 1643 ete„
403 1603 516 1634 bisher
532 1602 586 1634 fiir
598 1602 716 1635 Theile
731 1602 857 1634 zweier

177 1647 383 1679 iambischen
419 1647 523 1681 Verse
567 1649 724 1689 gehalten
739 1673 747 1687 ,
798 1648 855 1679 hat

179 1693 288 1733 Bergk
306 1694 357 1725 als
375 1694 473 1726 einen
496 1698 643 1726 teli-am.
666 1695 782 1726 troc-h.
803 1704 856 1725 er-

179 1739 282 1771 kannt
316 1740 382 1771 und
419 1739 523 1771 durch
568 1740 667 1772 dedit
700 1740 854 1779 crgiinzt.

179 1785 344 1816 Hectoris
362 1785 426 1816 wie
443 1785 539 1825 1.-1-1,
553 1786 617 1817 105
637 1785 838 1818 [lectGrcm.

226 1841 322 1883 Ergo
338 1844 533 1883 —potere't
548 1859 590 1865 —-
608 1853 675 1874 7207!
690 1844 856 1885 poterit?

180 1887 213 1918 ln
233 1886 294 1918 der
319 1888 497 1919 conclusio
516 1898 536 1918 a
557 1890 693 1919 minore
719 1888 767 1919 acl
783 1898 858 1918 ma-

180 1935 234 1963 ius
263 1932 356 1964 stellt
383 1933 503 1964 Cicero
529 1933 560 1964 in
589 1933 647 1964 der
673 1932 776 1973 Rngel
803 1933 857 1964 die

181 1978 301 2010 beiden
335 1977 436 2010 Siitze
473 1978 714 2010 unverbunden
750 1979 856 2010 neben

180 2024 354 2063 einander,
376 2025 441 2055 und
462 2024 522 2056 der
539 2029 627 2056 erste
647 2024 782 2064 beginnt
801 2035 859 2064 ge—

180 2070 348 2101 wiilinlich
375 2070 434 2101 init
462 2080 566 2111 ergo,
603 2070 665 2101 wie
695 2070 768 2101 hier
792 2070 858 2100 und

182 2114 255 2156 §41
276 2127 282 2146 z
313 2116 414 2157 Ergo
441 2116 507 2147 hoc
529 2118 667 2158 polerit
687 2134 731 2138 —
756 2116 859 2147 habe-

182 2162 258 2192 laic?
291 2161 359 2201 vgl.
388 2162 441 2201 14,
463 2161 527 2204 343
562 2171 591 2203 p.
614 2161 716 2193 Arcln.
738 2162 770 2201 9,
794 2162 856 2200 1Τ;

182 2206 262 2237 oder
281 2208 339 2238 mit
360 2218 425 2247 (ιη,
449 2207 510 2238 wie
530 2206 570 2238 V.
591 2207 643 2246 Η,
665 2208 720 2238 42.

221 2263 278 2294 ille
290 2274 369 2294 vet-0
380 2279 424 2289 2-—
436 2266 518 2295 imm
527 2275 544 2295 ο
555 2264 789 2306 philosophus
800 2281 856 2294 —.

220 2319 276 2349 40.
299 2320 574 2351 &wladlzneetcu
596 2319 714 2352 Cicero
729 2320 859 2352 schiebt

184 2364 244 2397 den
275 2363 455 2396 Gedanken
484 2375 524 2395 an
552 2366 614 2397 den
655 2367 781 2397 (loc-tus
808 2369 858 2397 vir

182 2412 392 2453 sapiensque
432 2411 597 2450 vorliiulig
638 2411 766 2442 wieder
808 2411 860 2443 bei

185 2455 296 2495 Seite,
340 2466 392 2487 uin
421 2457 476 2487 die
504 2456 668 2498 Brispiele
697 2457 778 2487 iiber
805 2457 859 2489 die

184 2500 298 2533 Macht
312 2501 597 2533 derGewoliulieit
615 2501 856 2534 l'orlzusetzen.

230 2559 400 2589 allilrlae.
430 2558 490 2590 Die
510 2558 667 2589 Atlilcten
688 2569 800 2590 waren
820 2570 860 2590 an

185 2604 260 2633 cine
289 2604 468 2635 reirliliclie
498 2604 561 2634 und
589 2610 666 2644 gnte
687 2603 768 2635 h'ost
797 2605 860 2636 und

926 1613 968 1634 zu
1002 1602 1214 1634 bestimmten
1241 1602 1391 1635 Stunden
1429 1603 1599 1645 gewiihnt.

927 1648 1002 1680 lhre
1021 1647 1269 1689 Gefra'ssigkeit
1287 1659 1314 1679 u
1319 1657 1358 1680 ar
1375 1650 1603 1697 spriichwiirt-

925 1694 1007 1726 lich.

972 1742 1032 1771 οιιι·
1077 1750 1114 1771 se
1161 1743 1309 1771 eoeercet
1359 1751 1439 1778 „zu
1480 1740 1600 1772 dessen

927 1784 1018 1816 Ehre
1045 1786 1132 1818 —-“.
1185 1785 1218 1816 ln
1251 1786 1313 1817 den
1339 1785 1481 1818 Hdscbr.
1512 1785 1602 1817 steht

927 1831 1119 1870 eoeereeIn'l,
1141 1831 1200 1862 das
1219 1831 1301 1862 aber
1319 1831 1599 1864 wahrscheinlicli

928 1886 989 1906 nur
1008 1876 1111 1907 durch
1133 1876 1192 1907 das
1214 1876 1367 1916 folgende
1394 1877 1605 1918 implorabit

928 1921 1129 1953 entstanden
1149 1922 1205 1952 ist.

975 1977 1058 2010 Inde.
1079 1987 1167 2017 „ans
1187 1978 1375 2009 demselben
1397 1976 1575 2009 Grunde⁴‘.

975 2035 1030 2065 11.
1073 2035 1280 2065 consulatus
1315 2035 1376 2065 ille
1411 2038 1579 2076 antiquus
1595 2045 1604 2065 τ

929 2080 1065 2120 „denen
1080 2079 1132 2111 ein
1146 2078 1224 2121 Sieg
1235 2080 1286 2110 bei
1301 2080 1363 2112 den
1377 2081 1604 2124 olympiseben

929 2126 1063 2168 Spielen
1100 2125 1209 2157 niclits
1244 2124 1447 2167 Geringcres
1483 2125 1602 2165 diinkt,

929 2173 979 2203 uls
1013 2182 1136 2203 unsern
1165 2170 1354 2203 Vorsahren
1390 2172 1448 2203 das
1477 2171 1605 2203 Consu-

930 2218 1021 2257 lar‘,
1042 2218 1101 2248 das
1120 2227 1157 2247 zu
1173 2216 1311 2248 Ciceros
1326 2217 1402 2249 Zeit
1421 2217 1473 2249 ein
1497 2217 1607 2249 leerer

929 2262 1031 2294 Name
1051 2274 1091 2294 zu
1110 2263 1244 2294 werden
1266 2263 1389 2304 auting.
1417 2262 1493 2304 vgl.
1511 2262 1534 2294 l.
1550 2263 1604 2300 46,

932 2309 989 2340 111
1011 2309 1074 2339 und
1093 2309 1167 2339 dort
1184 2309 1236 2339 die
1250 2310 1346 2340 Anni.
1360 2319 1401 2340 zu
1417 2319 1484 2340 non
1500 2310 1602 2339 euim..

977 2365 1138 2404 (lomim),
1165 2365 1196 2396 d.
1218 2366 1249 2396 h.
1272 2366 1367 2405 dem,
1387 2364 1448 2396 der
1465 2364 1515 2396 sie
1534 2364 1604 2395 sich

930 2410 1069 2452 gekaust
1086 2411 1167 2441 oder
1183 2410 1237 2441 fiii·
1251 2411 1303 2442 die
1320 2411 1508 2442 bestimmte
1521 2408 1607 2440 Vor-

932 2456 1079 2496 stcllung
1097 2456 1271 2497 gedungcn
1293 2457 1361 2487 hat.

978 2515 1056 2554 quis
1083 2523 1150 2543 non
1179 2513 1282 2545 modo
1301 2517 1364 2544 etc.
1382 2537 1390 2551 ,
1419 2523 1445 2544 5.
1467 2512 1551 2543 oben
1573 2512 1605 2550 5,

939 2559 971 2589 1-1
997 2569 1037 2589 zu
1065 2561 1143 2599 quis
1167 2577 1200 2581 n-
1224 2559 1346 2597 dolom-
1375 2560 1533 2600 turpiter
1551 2567 1609 2597 ge-

934 2605 1006 2636 hort
1026 2604 1108 2635 uueli
1130 2615 1169 2635 zu
1190 2607 1304 2635 stetit.
