1684 2819
146 144 226 182 140
561 141 719 174 Linea
741 142 801 175 111.
833 143 885 183 19,
903 144 957 175 45.
980 143 1034 174 46.
1087 142 1142 175 2‹›.

428 256 475 296 V
474 257 536 296 z'de'
554 257 632 311 ego
657 263 710 304 te,
736 263 900 296 astante
921 271 996 312 ope
1019 256 1259 306 barbarica,

430 313 467 353 T
466 311 566 352 eatis
590 313 774 359 caelatis,
800 311 991 363 lacuatis,

426 368 564 417 Auro,
590 368 712 408 e'bore
730 367 974 408 instructam
997 367 1182 423 re'gv‘fice.

80 436 122 468 45
149 426 178 466 O
203 431 356 480 poetam
381 425 606 478 egregium!
638 437 873 478 quamquam
895 424 942 464 ab
963 424 1024 465 his
1047 425 1272 466 cantoribus
1295 425 1561 480 Euphorionis

147 483 426 524 contemnitur.
472 482 615 530 Sentit,
641 481 772 521 omnia
800 481 1006 533 repentina
1030 488 1069 521 et
1090 481 1321 536 necopinata
1352 496 1440 524 esse
1472 496 1562 537 gra-

147 540 276 580 viora.
321 537 589 592 Exaggeratis
611 537 732 591 igitur
753 538 876 591 regiis
899 538 1053 592 opibus,
1080 550 1179 591 quae
1201 537 1437 579 videbantur
1458 552 1561 580 sem-

148 597 328 650 piternae
351 596 450 645 fore,
476 595 566 648 quid
591 594 798 649 adiungit?

427 652 542 692 Haec
563 650 697 692 ὀηιηῐα
720 651 808 691 vide·
833 649 1097 706 itgslcimmare',

427 707 594 749 Ρνῑάηιό
618 711 660 748 vi
678 709 801 748 vitam
826 705 989 755 evitari,

429 765 539 805 Iovis
561 764 676 805 (iram
700 766 906 819 sanguine
929 765 1111 819 tleparz'.

82 830 125 862 46
148 822 400 862 Praeclarum
417 834 591 871 carmen3
609 829 670 862 est
684 822 786 861 enim
802 828 841 862 et
853 820 970 861 rebus
986 828 1025 861 et
1037 820 1169 861 verbis
1185 827 1223 860 et
1237 821 1361 861 modis
1379 819 1561 873 lugubre.

147 879 370 933 Eripiamus
394 878 481 918 huic
503 879 808 932 aegritudinem.
836 878 919 928 Quo
937 878 1078 917 modo?
1100 877 1338 918 collocemus
1359 876 1399 916 in
1423 876 1564 916 culcita

148 936 319 990 plumea,
344 935 546 989 psaltriam
571 935 822 984 adducamus,
849 934 1035 990 hedxchri
1060 933 1318 974 incendamus
1340 932 1562 980 scutellam,

149 992 368 1033 dulciculae
391 992 561 1045 potionis
585 992 730 1044 aliquid
752 992 958 1031 videamus
981 998 1019 1030 et
1041 990 1130 1031 cibi.
1158 991 1262 1030 Haec
1285 990 1440 1030 tandem
1463 989 1565 1029 bona

147 1056 253 1097 sunt,
289 1048 431 1101 quihus
461 1048 732 1102 aegritudines
763 1047 1024 1101 gravissimae
1054 1047 1330 1087 detrahantur!
1368 1046 1428 1086 Tu
1461 1045 1564 1085 enim

150 1105 281 1158 paullo
303 1112 393 1145 ante
416 1118 464 1144 ne
488 1104 708 1159 intelligere
732 1105 886 1158 quidem
910 1112 946 1144 te
969 1104 1046 1143 alia
1070 1104 1147 1144 ulla
1170 1104 1342 1144 dicebas.
1373 1103 1567 1143 Revocari

149 1161 272 1215 igitur
294 1169 477 1216 oportere
496 1175 516 1201 a
535 1175 715 1202 maerore
738 1162 785 1201 ad
808 1161 1091 1215 cogitationem
1113 1160 1321 1209 bonorum,
1335 1158 1565 1200 conveniret

149 1218 242 1258 mihi
265 1232 353 1258 cum
376 1218 562 1271 Epicuro,
588 1219 637 1267 si,
663 1219 752 1271 quid
775 1225 885 1260 esset
913 1217 1076 1267 bonum,
1103 1217 1349 1258 conveniret.

75 1274 136 1319 20
268 1275 380 1315 Dic-et
409 1275 576 1327 aliquis:
610 1275 737 1326 Quid?
778 1288 874 1328 ergo
904 1283 945 1315 tu
975 1275 1185 1329 Epicurum
1216 1272 1462 1314 existimabis
1491 1273 1567 1313 ista

151 1331 330 1372 voluisse
358 1339 426 1372 aut
457 1332 689 1372 libidinosas
721 1332 806 1372 eius
838 1331 961 1372 fuisse
991 1331 1239 1373 sententias?
1271 1355 1322 1360 ——
1355 1330 1438 1384 Ego
1469 1343 1566 1369 vero

150 1387 328 1428 minime.
361 1387 487 1428 Video
511 1389 615 1428 enim
638 1389 685 1428 ab
708 1401 755 1428 eo
779 1388 853 1428 dici
876 1387 997 1429 multa
1019 1400 1176 1436 severe,
1201 1387 1322 1427 multa
1346 1385 1564 1440 praeclare.

151 1445 302 1498 Itaque,
326 1452 370 1485 ut
391 1458 507 1499 saepe
530 1445 629 1495 dixi,
650 1445 696 1484 de
719 1445 900 1485 acumine
923 1445 1054 1499 agitur
1076 1445 1176 1492 eius,
1202 1458 1280 1484 uon
1305 1443 1350 1483 de
1374 1441 1564 1482 moribus.

152 1501 341 1552 Quamvis
361 1508 521 1556 spernat
536 1501 761 1555 voluptates
779 1515 861 1551 eas,
878 1515 975 1555 quas
993 1503 1107 1542 modo
1125 1501 1321 1549 laudavit3
1344 1513 1416 1552 ego
1437 1506 1568 1539 tamen

151 1558 387 1608 meminero,
412 1558 512 1611 quod
536 1558 717 1598 videatur
737 1558 771 1598 ei
795 1572 988 1599 summum
1009 1558 1170 1598 bonum.
1207 1556 1297 1597 Non
1320 1557 1422 1597 enim
1444 1555 1567 1596 verbo

896 1660 1001 1692 Stelle
1021 1660 1105 1692 nach
1125 1660 1187 1691 den
1202 1659 1331 1701 Spuren
1350 1658 1410 1690 der
1422 1656 1566 1688 Hdschr.

895 1705 1071 1738 emendirt.
1094 1704 1309 1738 Gewohnlich
1329 1703 1460 1736 schrieb
1478 1712 1566 1734 man:

150 1671 193 1693 zu
205 1661 350 1700 donms‚·
363 1665 528 1702 saeptum
541 1661 688 1693 cardine
697 1676 740 1686 =
750 1671 826 1692 ma-

151 1709 266 1739 nicam
280 1709 406 1748 porta.

196 1764 355 1806 regifice,
375 1763 439 1795 wie
460 1763 485 1795 Ι.
503 1763 613 1804 2S‚69
632 1763 822 1804 laetfieus.

197 1820 253 1851 45.
283 1820 337 1850 his
357 1821 564 1851 cantoribus
583 1820 825 1862 Euphorionis

152 1865 244 1905 „den
259 1864 411 1907 jetzigen
430 1864 650 1896 Lobrednern
676 1866 733 1897 des
752 1865 823 1897 E.“

150 1910 192 1944 E.
213 1921 273 1943 aus
291 1910 439 1950 Chalcis,
461 1910 692 1941 Bibliothekar
709 1910 824 1942 Antio-

151 1957 233 1989 chus
249 1954 476 1996 desffiosseu,
488 1956 627 1996 gehorte
643 1956 694 1987 als
708 1955 826 1988 Gram-

150 2002 295 2034 matiker
312 2002 376 2033 und
401 2001 590 2042 tragischer
607 2001 746 2033 Dichter
763 2012 826 2033 zur

150 2047 467 2080 alexandrinischen
479 2046 615 2079 Schule:
629 2047 660 2078 in
674 2046 826 2079 derl'oe-

150 2093 198 2126 sie
218 2093 389 2135 gelehrter
407 2093 472 2124 und
490 2093 642 2134 wcniger
656 2092 823 2124 natiirlich

151 2138 203 2171 als
230 2139 283 2171 die
310 2138 417 2171 iiltern
446 2137 567 2170 Rtimer
593 2139 713 2179 (daher
740 2139 823 2170 auch

152 2184 211 2216 des
229 2184 387 2216 Tiberius
406 2183 754 2226 Lieblingsdichter)3
784 2184 824 2216 dc

152 2230 257 2261 divin.
278 2229 394 2271 11.64,
413 2230 494 2263 1322
516 2232 620 2261 ηίιηίε
639 2231 822 2262 obscurus.

200 2296 424 2328 coeaggerare
450 2286 628 2326 „erheben
641 2311 649 2327 ,
670 2287 826 2318 verherr-

152 2332 314 2372 licheu“;
343 2331 376 2362 iu
403 2331 528 2363 diesem
547 2330 649 2364 Sinne
677 2333 760 2364 auch
779 2331 821 2364 V.

156 2378 209 2418 18,
231 2376 270 2409 51
293 2377 358 2408 und
378 2376 476 2408 oster.

199 2434 376 2476 adiungit,
404 2444 452 2465 sc.
473 2433 735 2466 Andromache.

201 2491 292 2522 Haec
310 2493 427 2522 omnia
447 2495 528 2531 etc.‚
556 2500 583 2522 s.
605 2490 628 2522 1.
649 2490 705 2531 35,
727 2492 783 2523 85.

199 2547 254 2579 46.
277 2546 751 2590 hedychri—incendamus.
782 2548 824 2579 So

153 2592 213 2624 hat
235 2591 389 2632 Tregder
421 2592 518 2633 (nach
547 2591 698 2633 Madvig)
733 2593 825 2625 ‹liese

895 1752 1017 1784 demus
1060 1751 1299 1794 lzedyclirum,
1340 1748 1569 1781 intendamus

893 1797 1081 1829 scutellam
1102 1797 1301 1829 dulciculae
1314 1797 1489 1837 potionis,
1504 1793 1567 1825 ali-

896 1842 985 1884 quid
1002 1842 1185 1874 videamus
1211 1846 1247 1874 et
1271 1843 1353 1874 cibi.
1387 1839 1480 1872 Nach
1508 1849 1568 1870 un-

894 1898 989 1919 serer
1002 1887 1125 1919 Lesart
1142 1888 1186 1919 ist
1205 1887 1424 1929 hedychrum
1445 1885 1496 1916 als
1515 1884 1568 1916 ein

895 1933 1165 1973 Riiucherwerk,
1203 1933 1285 1964 nach
1315 1932 1373 1963 der
1390 1929 1489 1971 Vulg.
1518 1929 1568 1961 als

894 1979 968 2010 eine
1000 1977 1101 2011 Salbe
1144 1978 1352 2010 anzusehen.
1410 1975 1565 2007 Dioscur.

897 2024 922 2056 l.
942 2025 1003 2056 61:
1026 2026 1099 2055 Ka)
1120 2020 1158 2055 τὸ
1177 2019 1402 2067 καλούμενοι*
1421 2020 1459 2054 δὲ
1481 2017 1567 2061 ἡδύ-

890 2080 1016 2113 χροινν,
1055 2066 1324 2112 σκειίιζόμειόν
1354 2065 1391 2100 δὲ
1421 2065 1460 2099 ἐν
1487 2067 1566 2108 Κῷ,

895 2117 958 2156 τῆς
975 2112 1087 2156 αὐτῆς
1105 2114 1225 2157 ἔχεται
1246 2109 1438 2157 δυνάμεώς
1456 2122 1492 2145 τε
1506 2113 1568 2144 καὶ

896 2163 1094 2198 σκευασίας
1110 2161 1159 2202 τῷ
1176 2157 1394 2204 ἀμαρακίνῳ
1407 2170 1414 2177 ·
1435 2154 1568 2191 εὐωδέ-

896 2215 1026 2250 στερον
1045 2205 1083 2239 δὲ
1107 2203 1290 2249 τυγχάνει,
1317 2210 1412 2248 passt
1437 2215 1479 2236 zu
1497 2203 1570 2236 bei-

895 2253 956 2284 den
976 2252 1229 2294 Erkliirungen.

941 2309 1154 2341 dulciculae.
1201 2308 1303 2341 Sonst
1337 2307 1462 2338 kommt
1495 2306 1567 2338 dies

893 2355 974 2396 Adj.
1003 2365 1066 2386 nur
1082 2354 1204 2386 einmal
1222 2364 1301 2385 vor:
1331 2352 1441 2384 Plaut.
1462 2350 1565 2383 Poen.

896 2400 921 2432 l.
943 2401 975 2441 2,
998 2401 1060 2432 177
1081 2400 1134 2432 bei
1153 2410 1288 2432 caseus.

942 2457 1080 2500 aliquid
1110 2457 1313 2490 videamus:
1348 2454 1454 2496 „sich
1483 2454 1565 2486 nach

895 2502 983 2535 Etw.
998 2503 1157 2535 umsehen
1171 2517 1214 2528 =
1228 2499 1380 2534 fiii-Etw.
1398 2501 1565 2541 sorgen“‚

896 2548 967 2581 also
985 2548 1241 2591 :pv-evidere.
1289 2546 1332 2578 So
1363 2546 1404 2578 ad
1431 2545 1501 2577 Au.
1523 2543 1564 2577 V.

899 2594 929 2635 1,
951 2595 988 2626 3:
1018 2598 1057 2626 ut
1070 2593 1263 2637 prandium
1291 2593 1391 2623 nobis
1417 2590 1563 2623 videret.
