1684 2819
616 187 694 219 ΜΒ.
712 187 735 219 1.
773 186 866 219 CAP.
885 186 938 218 33.
958 186 1011 218 34.
1464 187 1513 226 81

113 294 237 334 cebas.
285 293 459 339 Quorum
501 290 533 328 si
567 302 682 328 nemo
716 302 850 328 verum
878 289 970 327 vidit
998 289 1044 327 de
1071 294 1205 327 natura
1234 288 1417 333 deorum,
1454 300 1518 325 ve-

113 350 274 389 rendum
306 354 380 394 est,
416 360 464 385 ne
492 346 594 384 nulla
622 346 671 384 sit
698 346 872 384 omnino.
910 346 1005 383 Nam
1035 345 1125 390 ista,
1163 357 1258 396 quae
1284 356 1354 382 vos
1383 343 1519 390 dicitis,

115 411 204 445 sunt
224 410 303 443 tota
327 403 613 449 commenticia,
640 403 701 440 vix
723 402 833 452 digna
857 401 1121 440 lucubratione
1143 401 1390 439 anicularum.
1432 399 1520 437 Non

113 462 213 501 enim
248 460 418 506 sentitis,
454 472 567 510 quam
595 459 714 497 multa
741 458 849 496 vobis
876 457 1119 508 suscipienda
1147 457 1241 503 sint⁷
1276 456 1309 494 si
1336 456 1519 506 impetra-

112 517 216 564 ritis,
243 522 285 555 ut
307 516 564 554 concedamus
587 515 747 553 eandem
768 514 970 552 hominum
994 527 1080 552 esse
1102 519 1138 551 et
1160 514 1320 551 deorum
1344 513 1518 562 figuram.

115 572 252 612 Omnis
276 573 399 611 cultus
422 578 458 610 et
479 571 624 610 curatio
649 570 825 621 corporis
847 570 919 607 erit
935 570 1065 607 eadem
1085 569 1297 607 adhibenda
1315 569 1400 612 deo,
1423 580 1519 618 quae

115 629 318 668 adhibetur
336 628 505 666 homini:
528 627 743 678 ingressus,
763 638 911 671 cursus,
928 625 1129 671 accubitio,
1152 625 1359 669 inclinatio,
1384 623 1520 670 sessio,

115 686 433 736 comprehensio,
461 685 506 722 ad
529 689 744 721 extremum
772 682 882 719 etiam
907 693 1035 719 sermo
1066 686 1102 718 et
1124 681 1258 718 oratio.
1299 681 1393 729 Nam
1416 680 1521 730 quod

116 747 152 780 et
178 753 305 779 mares
344 742 436 779 deos
465 745 501 777 et
529 738 691 776 seminas
728 750 813 775 esse
840 736 982 783 dicitis,
1020 737 1109 786 quid
1139 741 1338 787 sequatur,
1376 736 1521 774 videtis.

115 797 301 848 Equidem
321 796 448 834 mirari
468 794 560 833 satis
578 806 657 832 non
682 806 859 844 possum,
882 793 983 831 unde
1001 793 1046 830 ad
1065 793 1156 830 istas
1176 791 1381 842 opiniones
1399 798 1524 830 vester

116 854 175 891 ille
195 852 376 902 princeps
398 850 551 889 venerit.
604 850 677 888 Sed
701 850 863 888 clamare
884 861 964 886 non
986 848 1159 886 desinitis
1183 847 1427 886 retinendum
1448 848 1523 885 hoc

117 921 212 954 esse,
234 908 328 946 deus
350 912 391 946 ut
411 907 545 945 beatus
568 906 874 956 immortalisque
896 905 956 943 sit.
1000 905 1098 951 Quid
1121 910 1246 942 autem
1271 904 1419 949 obstat,
1444 916 1519 954 quo

116 964 246 1002 minus
275 964 324 1002 sit
350 964 504 1009 beatus,
533 962 565 1000 si
592 974 671 1000 non
699 962 748 1000 sit
775 960 913 1012 bipes?
946 967 1009 999 aut
1035 961 1124 1006 ista,
1156 961 1233 998 sive
1260 960 1417 998 beatitas
1447 959 1525 997 sive

116 1020 313 1058 beatitudo
337 1019 497 1058 dicenda
519 1025 595 1064 est,
627 1021 851 1068 (utrumque
874 1017 1034 1055 omnino
1058 1018 1216 1061 durum,
1239 1017 1304 1054 sed
1328 1028 1401 1054 usu
1422 1015 1523 1053 mol-

116 1076 240 1114 lienda
262 1075 375 1114 nobis
406 1075 517 1113 verba
539 1076 645 1123 sunt)
674 1087 806 1112 verum
836 1087 897 1120 ea,
928 1086 1189 1123 quaecumque
1210 1078 1284 1118 est,
1313 1085 1380 1110 cur
1401 1078 1464 1109 aut
1485 1071 1525 1109 in

118 1133 238 1170 solem
262 1132 365 1170 illum
388 1138 451 1170 aut
472 1131 509 1169 in
538 1132 643 1169 hunc
664 1131 850 1168 mundum
874 1135 938 1167 aut
964 1129 1002 1167 in
1024 1130 1185 1179 aliquam
1210 1135 1377 1166 mentem
1401 1135 1524 1165 aeter-

118 1201 226 1234 nam,
258 1188 377 1237 ligura
405 1187 667 1237 membrisque
697 1186 873 1237 corporis
902 1198 1078 1231 vacuam,
1108 1185 1241 1223 cadere
1264 1196 1343 1222 non
1366 1181 1524 1234 potest?

118 1244 219 1282 Nihil
241 1244 339 1282 aliud
364 1244 457 1281 dicis
480 1243 568 1288 nisi,
590 1255 802 1292 numquam
825 1241 897 1279 vidi
921 1242 1042 1279 solem
1065 1246 1128 1279 aut
1150 1241 1337 1278 mundum
1358 1240 1521 1277 beatum.

119 1298 250 1346 Quid?
277 1300 466 1338 mundum
489 1304 638 1350 praeter
660 1299 763 1336 hunc
783 1310 1021 1349 umquamne
1042 1295 1198 1335 vidisti?
1234 1295 1411 1347 Negabis.
1449 1295 1525 1333 Cur

118 1356 232 1406 igitur
259 1367 337 1394 non
376 1360 551 1393 sexcenta
588 1355 703 1393 millia
730 1367 813 1393 esse
849 1354 1104 1399 mundorum,
1141 1353 1206 1391 sed
1235 1351 1527 1390 innumerabilia

119 1425 236 1450 ausus
260 1425 300 1449 es
323 1410 479 1450 dicere?
521 1411 649 1457 Ratio,
680 1411 827 1462 inquis,
858 1410 999 1448 docuit.
1041 1410 1142 1460 Ergo
1172 1410 1246 1447 hoc
1267 1414 1302 1446 te
1324 1408 1422 1446 ratio
1446 1419 1525 1445 non

122 1468 299 1515 docebat,
321 1481 439 1518 quum
463 1467 796 1518 praestantissima
818 1473 953 1505 natura
976 1471 1195 1516 quaeratur,
1219 1477 1337 1514 eaque
1358 1464 1466 1501 beata
1490 1469 1527 1501 et

122 1529 272 1562 aeterna
286 1555 294 1570 ,
324 1537 418 1574 quae
440 1524 520 1573 sola
543 1523 668 1561 divina
698 1528 833 1561 natura
855 1528 930 1567 est,
958 1528 1001 1560 ut
1022 1521 1306 1559 innnortalitate
1328 1520 1526 1557 vincamur

121 1580 166 1618 ab
188 1592 231 1618 ea
252 1585 404 1625 natura,
434 1580 489 1617 sic
510 1579 627 1617 animi
655 1579 887 1629 praestantia
914 1577 1030 1623 vinci,
1061 1583 1173 1627 atque
1201 1582 1241 1614 ut
1269 1576 1404 1621 animi,
1434 1575 1525 1613 item

167 1702 220 1733 94.
279 1702 508 1733 lucubratione
564 1701 785 1732 anicularum.

122 1746 221 1779 Nicbt
248 1746 321 1777 blos
347 1746 500 1786 Studien,
531 1746 675 1776 sondern
705 1746 787 1776 auch

123 1792 362 1824 Handarbeiten
387 1792 446 1821 der
465 1790 602 1821 weibei·
626 1791 675 1821 bei
694 1790 789 1821 Licht

123 1838 253 1868 heissen
273 1836 538 1867 lucubrationes:
565 1835 615 1865 bei
634 1834 748 1865 Livius
767 1835 786 1875 l,

123 1883 164 1912 57
190 1881 290 1912 findet
315 1880 349 1911 S.
369 1880 566 1921 Tarquinius
591 1880 642 1910 die
666 1879 789 1910 Luere-

123 1926 167 1957 tia
178 1927 267 1957 inter
273 1925 433 1957 lucubrare
440 1928 488 1955 tes
501 1924 638 1956 ancillas
647 1924 788 1955 sitzend.

123 1990 165 1993 —
199 1971 295 2001 Cotta
325 1975 399 2009 sagt
426 1970 513 2009 also,
542 1969 685 2011 Epikurs
710 1969 790 1999 Ein-

124 2015 205 2047 stille
234 2015 317 2045 iiber
344 2016 395 2045 die
426 2014 547 2046 Giitter
575 2015 666 2045 seien
696 2014 792 2044 kaum

124 2060 179 2092 fiir
204 2060 426 2102 Spinnstuben
455 2059 543 2090 alter
567 2058 706 2090 'Weiber
733 2063 792 2098 gut

125 2115 243 2145 genug.

170 2149 253 2181 deus
281 2152 320 2181 nt
341 2168 385 2171 —
408 2151 454 2180 sit
470 2159 496 2179 s.
522 2159 554 2179 v.
579 2149 629 2179 als
659 2151 697 2180 ut
721 2159 794 2179 esse

126 2197 311 2226 statuatur.
345 2194 378 2224 S.
398 2204 438 2224 zu
457 2204 484 2224 c.
500 2193 531 2233 9,
550 2193 603 2224 21.
624 2192 676 2231 27,
696 2194 747 2223 75.

172 2239 305 2279 dea-am,
322 2249 382 2269 ιιυι·
391 2238 465 2269 weil
476 2237 794 2277 nochungebriiuch—

128 2284 207 2315 lich:
240 2288 334 2314 sonst
365 2284 408 2314 ist
437 2283 488 2313 die
516 2283 653 2322 Ritdung
683 2283 796 2313 beider

128 2328 269 2360 Formen
288 2339 371 2368 ganz
397 2327 627 2367 unansto'ssig,
654 2327 716 2358 wie
739 2338 796 2358 ne·-

130 2376 268 2412 cessjtas
298 2374 360 2403 und
392 2372 623 2411 necessitudo,
657 2372 797 2403 claritas

130 2419 193 2449 und
217 2418 397 2455 claritudo,
422 2418 485 2448 und
510 2418 560 2448 die
585 2428 648 2447 von
669 2416 796 2447 Gellius

133 2462 214 2503 Xlll,
234 2464 252 2493 :5
266 2463 496 2502 angorum-ten,
515 2461 702 2503 saarilado,
717 2473 796 2493 san-

133 2508 270 2545 ctitudo,
287 2507 493 2544 acerbitatis),
507 2517 558 2538 ac}
568 2507 673 2545 itudo,
691 2507 793 2537 ncben

135 2554 283 2583 suavitas
300 2557 363 2583 ete.
394 2553 483 2582 Auel}
502 2551 674 2589 (lm-itudo,
689 2552 797 2595 plani-

138 2595 232 2637 tudo,
260 2596 448 2636 saecilado,
479 2596 669 2637 tardando,
693 2597 797 2628 vasti-

206 2649 267 2678 eie.
280 2650 314 2676 de
328 2651 392 2679 hat.
404 2651 486 2679 deor.
507 2649 534 2678 2.
551 2651 627 2679 Auss.

861 1700 951 1731 tado.
1003 1699 1036 1730 S.
1068 1699 1194 1730 Ritselil
1224 1699 1263 1729 de
1294 1698 1385 1729 fictil.
1422 1697 1527 1728 litter.

861 1744 974 1864 gog-{5
999 1787 1269 1820 innumerabilia.
1316 1786 1349 1818 S.
1383 1786 1466 1817 oben
1500 1797 1527 1817 c.

907 1890 991 1920 qaae
1007 1878 1080 1909 sola
1097 1877 1207 1909 (Ιίυὶηα
1229 1879 1352 1908 natura
1369 1878 1435 1907 est:
1461 1886 1529 1907 was

862 1942 906 1946 --
925 1923 1061 1954 niiinlicli
1088 1923 1171 1962 selig
1190 1923 1253 1952 und
1271 1921 1530 1960 unvergfinglicli

863 1987 907 1991 —-
928 1979 988 1998 nur
1012 1969 1068 1998 das
1092 1967 1251 2007 gtittliche
1279 1966 1422 2004 XVesen,
1455 1966 1531 1996 kein

864 2014 1024 2051 anderes,
1059 2013 1113 2043 ist.
1160 2012 1225 2042 Das
1256 2010 1416 2041 Neutrum
1449 2020 1533 2052 qaae

865 2059 996 2089 beziebt
1019 2057 1084 2087 sicli
1109 2056 1167 2088 auf
1188 2057 1238 2086 die
1259 2056 1372 2086 beiden
1397 2055 1532 2086 Praedi-

866 2108 938 2134 cate
962 2104 1058 2133 beata
1083 2105 1116 2133 et
1143 2104 1290 2133 aelerna.
1324 2101 1446 2131 Stzinde
1472 2110 1534 2130 nur

867 2149 958 2179 eines
976 2158 1038 2178 von
1059 2147 1191 2185 beiden,
1214 2150 1299 2176 etna
1317 2148 1471 2183 aeterna,
1496 2154 1532 2174 so

867 2193 981 2223 wiirde
1001 2202 1035 2222 es
1056 2191 1200 2221 beissen:
1225 2189 1315 2231 quod
1336 2189 1408 2220 sola
1424 2189 1535 2220 divina

867 2240 993 2269 nalum
1007 2239 1065 2273 est,
1085 2235 1146 2265 wie
1161 2235 1200 2265 de
1216 2234 1307 2265 Fiun.
1330 2234 1383 2273 lv,
1403 2233 1455 2272 24,
1475 2233 1533 2264 66:

868 2286 908 2314 ul
922 2284 989 2312 iam
1010 2291 1123 2312 (mines
1140 2280 1338 2322 insipienles
1356 2281 1423 2310 ,siml
1435 2280 1536 2310 mise-

868 2329 913 2368 ri,
938 2325 1026 2368 qaod
1040 2326 1195 2368 prqscclo
1213 2327 1305 2364 sunl,
1329 2325 1391 2355 und
1412 2323 1534 2354 ebenso

869 2373 927 2403 das
953 2371 1140 2402 Demonstr.
1164 2370 1244 2408 hoc,
1264 2369 1304 2398 ib.
1329 2368 1359 2410 ξ.
1387 2367 1445 2398 65;
1469 2378 1535 2403 non

871 2421 980 2448 lamen
1001 2418 1075 2447 erat
1098 2415 1150 2445 ille
1173 2415 1328 2456 sapiens:
1351 2415 1424 2454 qais
1449 2415 1536 2443 casm

870 2463 952 2493 hoc?
984 2461 1057 2499 vgt.
1089 2459 1160 2490 Liv.
1191 2457 1310 2494 XXX,
1345 2458 1405 2488 30:
1442 2456 1539 2496 (laod

868 2509 953 2537 enim
980 2516 1042 2547 ego
1056 2506 1123 2546 [αἱ
1148 2504 1193 2535 ad
1221 2502 1473 2539 Tra.s·1·menmn,
1503 2500 1538 2533 id

871 2555 906 2583 ta
928 2551 1025 2582 hodit-
1047 2562 1092 2581 cs.
1116 2568 1160 2571 —-
1200 2549 1257 2579 Die,
1284 2547 1537 2579 lierkiimmlicbe

868 2596 988 2628 Lesart
1006 2604 1145 2626 unser-er
1163 2593 1268 2625 stelle
1280 2619 1287 2631 ,
1305 2595 1385 2624 sant
1402 2592 1457 2623 l'ur
1475 2593 1537 2632 est,

1548 683 1591 716 95

1553 1243 1595 1275 96
