1684 2819
581 153 785 186 LIBERI.
812 154 868 195 34,
889 154 944 187 82.
966 154 1019 186 33.
1455 157 1501 194 51

98 268 201 309 irent
232 268 385 321 quidem
418 268 562 318 animi,
624 269 686 308 uic
717 268 954 323 uafflfflmmah
959 281 1047 324 esse
1078 268 1119 308 in
1152 269 1305 308 morte?
1340 267 1399 308 A.
1426 270 1510 324 Ego

97 339 194 365 vero
223 325 495 388 memineram,
528 325 597 365 sed
629 331 667 364 te
723 339 744 365 e
777 318 1012 366 aeternitate
1030 320 1237 366 diceriicm
1269 325 1455 366 aberrare
1487 341 1508 366 a

99 381 300 436 proposito
322 381 435 421 facile
456 381 647 436 patiebar.

210 438 274 479 M.
318 438 441 479 Video
470 446 510 479 te
539 438 617 479 alte
648 446 826 492 spectare
859 445 897 479 et
926 439 1029 479 velle
1057 439 1096 478 in
1127 439 1278 479 caelum
1315 439 1503 493 migrare.
1524 439 1582 484 34

97 494 218 548 Spero
241 496 342 545 fore,
365 502 408 535 ut
431 496 634 549 contingat
658 496 696 535 id
719 495 845 535 nohis.
886 495 962 534 Sed
991 496 1066 543 fac,
1092 502 1134 535 ut
1159 496 1225 535 isti
1247 495 1402 546 volunt,
1428 496 1512 536 ani·
1529 503 1570 535 82

96 565 181 591 mos
204 565 283 591 non
305 565 512 592 remancre
534 559 622 606 post
643 560 837 592 mortem.
873 551 986 591 video
1009 565 1096 599 uos,
1123 553 1155 591 si
1184 551 1238 592 ita
1260 552 1327 602 sit,
1360 553 1508 606 privari

96 621 165 672 spe
186 607 375 648 beatioris
397 609 526 660 vita;e
562 609 653 648 mali
675 622 772 647 vero
808 607 898 660 quid
920 607 1036 647 affert
1067 607 1142 647 ista
1174 608 1399 649 sententia?
1430 610 1508 649 Fac

98 665 199 704 enim
223 665 279 704 sic
302 665 474 705 animum
495 639 677 713 iillerire‚
704 672 746 704 ut
767 677 931 716 corpus:
967 678 1057 703 num
1081 663 1204 716 igitur
1225 665 1365 717 aliquis
1397 666 1511 706 dolor

97 728 163 762 aut
186 721 345 760 omnino
367 728 454 775 post
474 728 640 761 mortem
664 734 804 760 sensus
827 720 865 759 in
890 733 1055 772 corpore
1086 721 1172 759 est?
1202 719 1327 760 Nemo
1359 722 1397 761 id
1427 723 1510 775 qui-

98 778 183 817 dem
214 778 328 826 dicit,
364 777 438 817 etsi
469 776 736 817 Democritum
769 775 971 817 insimulat
1002 777 1218 830 Epicurus3
1258 777 1509 819 Democritici

96 840 256 886 negant.
301 833 393 873 Ne
382 848 422 873 1n
445 834 574 873 animo
598 833 752 886 quidem
776 833 896 887 igitur
917 839 1058 873 sensus
1081 841 1273 882 remanet,
1298 834 1381 887 ipse
1406 835 1508 874 enim

96 903 285 942 nusquam
309 896 383 930 est.
414 889 484 930 Ubi
506 890 629 943 igitur
645 890 789 930 malum
813 896 886 938 est,
914 889 1097 942 quoniam
1120 889 1218 929 nihil
1241 891 1398 930 tertium
1422 892 1510 931 est?

97 959 161 995 an,
183 946 363 999 quoniam
387 946 470 1000 ipse
493 947 610 987 animi
629 947 826 987 discessus
845 960 867 986 a
885 959 1051 1000 corpore
1074 960 1149 985 non
1172 946 1214 986 fit
1235 946 1322 986 sine
1345 947 1510 988 dolore?

97 1002 146 1043 Ut
168 1003 324 1043 credam
346 1003 400 1043 ita
422 1017 527 1052 esse,
548 1017 662 1057 quam
685 1002 802 1044 estid
825 1003 1035 1056 exiguum!
1060 1003 1110 1042 Et
1131 1003 1269 1043 falsum
1294 1016 1381 1043 esse
1405 1004 1509 1044 arhi—

96 1067 198 1109 tror,
223 1067 261 1100 et
283 1059 326 1099 fit
347 1060 578 1113 plerumque
600 1060 686 1101 sine
701 1073 844 1110 sensu,
871 1073 1164 1112 nonnumquam
1189 1060 1306 1100 etiam
1328 1074 1415 1101 cum
1438 1075 1509 1101 vo-

98 1115 269 1170 luptatc3
301 1124 503 1170 totumque
526 1117 598 1157 hoc
621 1118 709 1157 leve
741 1124 816 1166 est,
843 1117 1112 1169 qualecunque
1137 1124 1224 1166 θεὶς
1259 1117 1300 1157 fit
1327 1117 1430 1157 enim
1461 1118 1507 1157 ad

96 1179 279 1226 punctum
311 1173 524 1227 temporis,
557 1173 654 1214 illud
685 1175 794 1228 angit
815 1173 879 1214 vel
901 1174 1030 1227 potius
1061 1173 1285 1223 excruciat,
1311 1173 1510 1215 discessus

96 1229 144 1268 ab
167 1229 345 1270 omnibus
368 1229 433 1275 iis,
458 1244 558 1282 quae
590 1238 681 1271 suut
710 1230 811 1271 bona
842 1231 880 1270 in
903 1229 999 1281 vlita.
1031 1229 1144 1279 Vide,
1172 1244 1220 1270 ne
1243 1244 1264 1270 a
1286 1231 1400 1270 malis
1433 1230 1508 1270 dici

96 1286 230 1326 verius
254 1286 392 1339 possit.
429 1286 527 1337 Quid
551 1301 624 1340 ego
647 1301 750 1327 nunc
772 1288 927 1341 lugeam
950 1287 1071 1327 vitani
1095 1286 1323 1327 hominum?
1344 1286 1449 1328 Vere
1471 1295 1509 1327 et

96 1341 183 1382 iure
214 1356 389 1396 possum.
433 1344 508 1383 Sed
542 1343 632 1397 quid
664 1357 830 1385 necesse
862 1350 937 1391 est,
964 1358 1080 1396 quum
1114 1343 1151 1383 id
1184 1357 1312 1397 agam,
1339 1357 1387 1383 ne
1419 1352 1508 1398 post

97 1405 262 1438 mortem
292 1399 459 1441 miseros
482 1414 553 1440 nos
576 1408 755 1452 putemus
778 1401 878 1449 fore,
915 1400 1031 1440 etiam
1054 1400 1175 1440 vitam
1200 1400 1353 1440 efficere
1375 1401 1509 1454 deplo-

94 1456 218 1495 rando
250 1456 525 1497 miseriorem?
556 1457 738 1497 Fecimus
773 1456 910 1497 hocin
943 1470 990 1496 eo
1023 1457 1138 1507 libro,
1172 1457 1211 1496 in
1243 1471 1318 1510 quo
1351 1464 1507 1497 nosmet

94 1511 218 1564 ipsos,
239 1520 425 1565 quantum
448 1514 662 1567 potuimus,
683 1513 874 1554 consolati
898 1527 1048 1553 sumus.
1072 1514 1104 1552 A
1124 1513 1237 1554 malis
1259 1513 1379 1565 igitur
1398 1528 1506 1554 mors

96 1567 264 1618 abducit,
299 1583 379 1608 non
401 1584 422 1609 a
444 1570 572 1618 bonis,
596 1584 734 1610 verum
766 1571 797 1610 si
833 1570 1073 1623 quaerimus.
1118 1570 1164 1608 Et
1198 1570 1351 1622 quidem
1385 1569 1457 1609 hoc
1486 1585 1509 1610 a

98 1624 314 1678 Cyrenaico
338 1625 509 1678 Hegesia
542 1626 598 1666 sic
628 1627 785 1679 copiose
819 1627 1052 1679 disputatur,
1085 1632 1129 1665 ut
1161 1626 1193 1665 is
1217 1639 1236 1664 a
1260 1639 1353 1679 rege
1376 1626 1507 1666 Ptole-

1529 1181 1570 1214 83

131 1731 250 1773 facile
267 1731 430 1774 beipalc':
449 1732 568 1774 wsslig,
587 1743 681 1774 geru,
702 1733 766 1765 wie

97 1777 138 1808 36
152 1801 161 1817 ,
181 1776 242 1808 88:
264 1780 407 1809 etiamsi
421 1778 583 1819 e'dsacile
597 1782 765 1820 patiare,-

95 1822 218 1854 cbenso
238 1822 289 1854 bei
309 1823 447 1863 audire,
470 1833 500 1854 z.
516 1823 552 1854 B.
568 1823 607 1854 de
620 1828 706 1855 orat.
721 1823 763 1855 Π.

94 1869 150 1905 56,
171 1867 257 1899 229:
277 1868 394 1909 facile
410 1869 567 1899 homines
586 1869 762 1901 audituri.

139 1909 204 1948 34.
227 1913 281 1944 82.
310 1914 384 1945 alte
402 1917 564 1956 spectare
590 1914 690 1955 „sich
711 1914 765 1946 ein

94 1959 196 1990 hohes
214 1957 290 1990 Ziel
309 1960 464 1991 setzen“.

138 2004 250 2046 Spero
276 2022 319 2027 —
347 2007 452 2045 vitae,
481 2004 596 2036 bisher
621 2005 694 2037 dem
717 2007 761 2037 A.

92 2049 356 2090 zugeschrieben
369 2075 379 2091 ,
425 2050 482 2082 hat
516 2049 670 2091 Tregder
705 2050 765 2082 mit

91 2095 198 2127 Recht
216 2095 289 2127 dem
307 2096 356 2127 M.
373 2096 549 2127 vindicirt.
571 2095 639 2128 Der
658 2096 766 2137 lmpe-

91 2141 179 2172 rativ
216 2140 315 2182 (sac)
349 2142 505 2182 vei-tritt,
540 2141 604 2173 wie
639 2141 762 2183 h‘auflg,

93 2186 189 2218 einen
232 2186 544 2228 Bedingungssatz;
589 2187 688 2219 video
724 2205 763 2211 -

91 2234 186 2263 vitae
196 2231 278 2263 aber
292 2233 380 2264 steht
395 2233 437 2264 im
452 2233 670 2264 concessiveu
682 2232 764 2264 Ver-

92 2276 234 2309 hiiltniss
255 2288 297 2309 zu
314 2278 404 2310 ‘mali
419 2288 500 2310 vero
519 2282 586 2309 etc.

135 2323 395 2356 Democritum.
416 2323 493 2365 vgl.
517 2323 570 2363 11,
590 2323 646 2355 22.

93 2411 120 2444 G
137 2368 225 2400 nihil
241 2371 403 2410 tertium,
426 2369 529 2400 neben
549 2367 678 2411 Ro'rper
697 2369 762 2400 und

124 2414 199 2445 cist.

136 2459 334 2501 Etfalsum
353 2470 427 2490 esse
444 2461 605 2491 arbitror
622 2464 688 2492 etc.
717 2460 765 2491 Et

93 2502 139 2534 ist
156 2504 248 2536 stark
267 2515 309 2536 zu
328 2505 492 2545 betonen,
513 2506 585 2537 also
602 2520 648 2531 =
667 2506 762 2546 „und

93 2549 175 2580 noch
204 2550 333 2582 dazu“.
369 2550 548 2592 (H'aufiger
575 2551 607 2582 in
637 2550 761 2582 diesem

93 2591 193 2626 Sinne
208 2594 253 2627 ist
267 2600 387 2638 atque.
392 2595 408 2638 )
425 2596 491 2628 Das
506 2598 624 2628 zweite
641 2600 675 2628 et
686 2606 763 2627 ver-

837 1733 910 1764 tritt
925 1732 977 1764 die
992 1732 1097 1764 Stelle
1113 1733 1207 1764 einer
1220 1732 1508 1775 Causalpartike13

836 1789 902 1819 que
913 1777 963 1819 (in
981 1778 1183 1820 totumque)
1197 1779 1281 1810 fasst
1295 1779 1354 1810 das
1365 1778 1510 1820 Gesagte

836 1833 1053 1855 zusammen:
1084 1847 1107 1863 ‚‚
1121 1823 1186 1854 und
1207 1824 1438 1865 iiberhaupt“.

882 1870 938 1900 83.
966 1868 1054 1901 Vide
1078 1879 1120 1899 ne
1144 1886 1200 1908 —‚
1230 1869 1512 1901 bescheidenerer

834 1913 1013 1946 Ausdruck
1033 1912 1107 1945 fiir:
1130 1914 1161 1945 A
1179 1915 1284 1945 malis
1303 1915 1378 1946 diez·
1394 1917 1509 1946 verius

831 1963 965 2002 potest.
1003 1958 1076 1999 Vgl.
1099 1958 1139 1991 ll.
1166 1960 1224 1997 18,
1253 1960 1296 1991 43
1320 1971 1353 1991 u.
1375 1959 1432 1992 lV.
1452 1960 1509 1999 22,

836 2006 892 2037 50.
935 2004 1069 2036 Ebenso
1096 2005 1279 2036 videamus
1305 2016 1368 2037 ne:
1395 2004 1452 2038 Ill.
1474 2006 1507 2045 6,

839 2051 941 2083 13,-
951 2050 1001 2081 Zu
1015 2061 1035 2081 a
1047 2051 1154 2082 malis
1165 2051 1310 2091 erganze
1325 2051 1508 2083 discessus.

882 2096 970 2128 Vere
998 2099 1034 2127 et
1056 2098 1135 2127 iare
1156 2107 1315 2138 possum.
1349 2095 1426 2128 Man
1453 2096 1510 2128 be-

835 2142 947 2178 aehte,
961 2141 1038 2172 (lass
1059 2141 1133 2172 hier
1151 2141 1341 2182 derln(lic.,
1358 2142 1508 2183 dagegen

835 2186 852 2228 ξ
873 2186 913 2218 84
934 2186 1095 2229 (possem
1116 2187 1306 2229 iclsaceoe)
1322 2198 1429 2228 gegen
1444 2188 1507 2219 den

834 2232 1000 2274 gew'o'linl.
1017 2231 1193 2263 Gebrauch
1214 2232 1381 2274 (lerConj.
1404 2233 1505 2264 steht.

879 2280 914 2309 in
942 2288 978 2309 eo
1007 2278 1112 2317 libro,
1143 2278 1173 2308 in
1201 2278 1260 2310 der
1286 2277 1506 2318 Consolat103

834 2334 862 2354 s.
884 2334 926 2354 zu
946 2323 1000 2363 26,
1022 2324 1077 2354 65.

879 2369 1040 2410 Hegesia.
1101 2368 1262 2409 Hegesias
1277 2393 1284 2407 ,
1334 2379 1399 2400 von
1449 2369 1510 2400 der

833 2413 955 2445 Schule
974 2414 1032 2445 der
1044 2413 1253 2457 Cyrenaiker
1270 2414 1324 2455 (so
1344 2419 1504 2454 genannt,

833 2459 909 2491 weil
935 2460 989 2490 ihr
1006 2459 1128 2491 Stil'ter
1144 2460 1337 2502 Aristippus
1364 2469 1423 2490 aus
1442 2458 1507 2501 Cy-

833 2515 912 2536 rene
939 2505 1052 2547 war),
1079 2505 1167 2536 lebte
1193 2516 1246 2536 um
1273 2506 1338 2536 280
1364 2515 1396 2536 v.
1424 2504 1502 2535 Chr.

832 2555 930 2582 unter
956 2550 1148 2582 Ptolemaus
1174 2550 1426 2601 Philadelphus.
1458 2548 1506 2580 Er

833 2596 924 2628 hatte
944 2596 1006 2627 den
1025 2596 1203 2627 Beinamen
1214 2591 1504 2630 Πεισιθάιατος.

1258 2650 1311 2689 4*
