1684 2819
604 200 682 233 Llss.
702 200 726 233 1.
765 200 856 234 CAP.
886 202 1051 234 12—15.
1477 205 1527 243 51

122 306 229 345 abest
256 304 301 343 ab
329 304 476 351 officio,
510 310 552 343 ut
580 305 673 343 nihil
702 305 824 355 magis
854 304 981 343 officio
1011 304 1140 355 possit
1167 315 1252 342 esse
1279 305 1529 344 contrarium.

122 361 335 400 Videndum
357 366 415 399 est
435 361 550 411 igitur
568 367 610 400 ut
631 374 673 399 ea
694 360 915 400 liberalitate
936 366 1103 407 utamur,
1126 372 1221 411 quae
1238 360 1364 411 prosit
1383 361 1530 407 amieis,

120 423 257 457 noceat
277 417 433 455 nemini.
479 417 560 464 Qua
583 429 623 456 re
640 417 681 455 L.
699 417 843 464 Sullae,
872 418 911 456 C.
930 416 1103 456 Caesaris
1126 417 1377 467 pecuniarum
1400 422 1530 456 trans-

120 474 209 513 latio
231 486 251 512 a
272 473 384 512 iustis
405 473 573 512 dominis
597 474 643 512 ad
665 473 809 512 alienos
830 485 913 512 non
935 473 1047 512 dehet
1067 473 1232 511 liberalis
1254 473 1384 512 videri.
1430 473 1532 512 Nihil

121 530 223 569 enim
239 536 296 568 est
310 529 461 568 liberale
477 531 581 581 quod
596 542 676 568 non
692 530 793 568 iden]
808 530 967 569 iustum.
1004 530 1108 567 Alter
1119 530 1228 568 locus
1245 535 1325 568 erat
1340 529 1529 568 cautionis

120 598 169 625 ne
191 586 407 635 benignitas
429 587 554 625 maior
574 592 675 625 esset
697 599 811 636 quam
836 586 1051 631 facultates,
1074 586 1178 636 quod
1200 586 1264 636 qui
1284 585 1530 636 benigniores

121 643 253 682 volunt
273 655 358 681 esse
373 655 486 693 quam
501 654 563 681 res
580 643 722 694 patitur
739 643 910 692 primum
924 642 964 680 in
980 654 1024 679 eo
1040 649 1215 692 peccant,
1230 642 1333 693 quod
1350 641 1531 681 iniuriosi

123 705 214 738 sunt
235 699 273 738 in
294 699 508 750 proximos.
553 700 656 745 Quas
680 698 782 736 enim
806 698 938 749 copias
967 697 1028 735 his
1051 702 1087 736 et
1110 698 1351 749 suppeditari
1372 698 1530 749 aequius

121 761 180 794 est
208 760 243 793 et
271 755 447 805 relinqui,
475 767 537 792 eas
566 755 804 793 transferunt
831 755 876 792 ad
907 754 1066 791 alienos.
1112 754 1218 792 Inest
1245 759 1370 802 autem
1401 754 1440 793 in
1468 754 1530 793 tali

120 811 339 850 liberalitate
369 810 555 860 cupiditas
582 811 809 861 plerumque.
837 810 1011 860 rapiendi
1040 815 1076 847 et
1104 811 1303 848 auferendi
1330 823 1400 861 per
1427 811 1530 848 111111-

120 867 230 914 riam,
250 872 292 905 ut
308 867 354 904 ad
375 866 613 916 largiendum
636 872 843 917 suppetant
865 866 1009 916 copiae.
1049 866 1183 904 Videre
1205 865 1319 904 etiam
1340 866 1427 904 lieet
1448 866 1529 916 ple—

118 935 263 974 rosque
282 934 363 960 non
384 928 462 960 tam
485 927 618 961 natura
641 922 815 961 liberales
838 922 999 973 quadam
1023 934 1137 973 quam
1162 922 1281 973 gloria
1304 921 1462 968 ductos,
1488 928 1531 960 ut

118 979 281 1018 benefici
303 978 520 1024 videantur,
550 980 672 1017 facere
694 979 830 1025 multa,
863 991 958 1030 quae
978 978 1175 1029 proficisci
1203 978 1248 1017 ab
1271 978 1531 1016 ostentatione

119 1035 242 1086 magis
259 1047 372 1086 quam
396 1048 415 1073 a
432 1036 625 1073 voluntate
640 1035 850 1074 videantur.
893 1035 993 1073 Talis
1011 1040 1136 1073 autem
1160 1034 1354 1073 simulatio
1377 1034 1530 1073 vanitati

120 1098 179 1130 est
203 1091 445 1130 coniunctior
473 1104 586 1141 quam
615 1097 679 1130 aut
704 1091 919 1130 liberalitati
941 1098 1002 1129 aut
1027 1091 1231 1129 honestati.
1276 1090 1448 1129 Tertium
1473 1096 1529 1129 est

119 1148 387 1199 propositum,
411 1153 451 1185 ut
467 1148 505 1185 in
520 1148 768 1186 beneficentia
784 1148 951 1186 delectus
968 1153 1069 1185 esset
1097 1147 1310 1196 dignitatis:
1340 1147 1379 1184 in
1396 1160 1471 1198 quo
1495 1153 1530 1185 et

120 1217 251 1243 mores
274 1204 356 1242 eius
385 1209 496 1242 erunt
525 1204 744 1254 spectandi,
772 1204 810 1242 in
840 1216 954 1255 quem
977 1203 1205 1241 beneficium
1230 1204 1467 1248 conseretur,
1495 1209 1531 1242 et

120 1260 272 1299 animus
293 1272 381 1310 erga
403 1272 476 1298 nos
504 1266 540 1297 et
569 1261 826 1298 communitas
849 1273 892 1298 ae
920 1259 1084 1298 societas
1113 1259 1209 1297 vitae
1238 1264 1274 1297 et
1301 1259 1347 1298 ad
1375 1265 1529 1298 nostras

119 1316 298 1354 utilitates
322 1316 444 1354 officia
467 1321 554 1354 ante
577 1315 728 1354 collata:
758 1329 854 1367 quae
877 1322 918 1354 ut
940 1321 1173 1354 concurrant
1195 1315 1340 1361 omnia,
1365 1315 1531 1365 optabile

119 1378 194 1411 est:
218 1372 249 1410 si
272 1372 414 1419 minus,
437 1372 566 1423 plures
589 1384 724 1410 causae
746 1372 989 1423 maioresque
1012 1372 1198 1423 ponderis
1217 1371 1304 1421 plus
1321 1371 1529 1410 habebunt.

120 1428 311 1475 Quoniam
339 1434 465 1467 autem
493 1428 630 1466 vivitiu‘
655 1440 736 1467 non
766 1441 852 1467 cum
881 1428 1059 1479 perfectis
1087 1427 1314 1466 hominibus
1342 1427 1529 1479 planeque

121 1485 377 1535 sapientibus,
408 1485 475 1522 sed
496 1497 583 1523 oum
606 1484 672 1530 iis,
708 1485 745 1522 in
769 1485 907 1535 quibus
936 1485 1128 1535 praeclare
1157 1484 1280 1533 agitur
1309 1484 1341 1521 si
1364 1490 1453 1523 sunt
1476 1484 1528 1522 si—

120 1541 289 1579 mulacra
310 1541 480 1586 virtutis,
509 1540 621 1578 etiam
643 1541 718 1579 hoc
745 1541 1040 1591 intellegendum
1070 1546 1185 1591 puto,
1214 1540 1410 1578 neminem
1442 1553 1528 1579 om-

119 1597 212 1635 nino
235 1609 319 1635 esse
339 1596 630 1647 neglegendum,
659 1596 697 1634 in
726 1610 801 1647 quo
833 1598 955 1648 aliqua
978 1596 1205 1646 significatio
1228 1596 1379 1635 virtutis
1408 1609 1528 1648 appa-

120 1658 211 1700 reat,
234 1653 439 1691 colendum
463 1658 588 1691 autem
611 1665 696 1691 esse
717 1652 766 1691 ita
789 1666 978 1705 quemque
1001 1653 1178 1699 maxime,
1201 1658 1241 1690 ut
1263 1652 1425 1704 quisquo
1446 1665 1529 1691 ma-

165 1763 219 1796 43.
244 1763 373 1796 Sullae:
388 1764 498 1795 Sullas
508 1763 788 1795 Landanweisuu—

119 1819 180 1850 gen
205 1820 246 1840 au
270 1809 361 1841 seine
379 1809 535 1840 Soldaten
564 1809 629 1840 und
653 1809 704 1840 die
728 1809 789 1839 Be-

119 1855 265 1895 lohnung
289 1855 399 1886 seiner
416 1854 594 1894 Anh'zinger
617 1854 717 1885 durch
736 1854 786 1885 die

120 1899 226 1931 Giiter
243 1900 302 1931 der
319 1899 573 1931 Proscribirten.
613 1898 788 1930 Caesaris:

120 1955 146 1976 s.
165 1943 251 1984 z.11,
271 1943 302 1984 8,
321 1944 374 1975 27.

166 1988 319 2021 Caesaris
344 1991 565 2033 pecuniarum
598 1989 785 2021 translatio.

118 2034 332 2074 Verbindung
364 2035 455 2065 eines
489 2034 692 2075 subjectiven
722 2034 787 2065 uud

119 2079 305 2120 objectiven
341 2078 483 2110 Genetiv
512 2080 571 2110 mit
598 2079 787 2110 demselben

120 2124 369 2156 Substantivum
393 2124 437 2155 ist
460 2124 512 2155 bei
536 2124 602 2155 Cic.
623 2125 712 2155 nicht
728 2134 787 2164 ge-

118 2169 198 2200 rade
229 2169 353 2209 seiten,
388 2169 418 2209 ξ.
438 2169 479 2199 50
497 2171 528 2200 si
544 2180 627 2211 quae
643 2172 788 2200 naturae

117 2215 285 2258 principia
301 2216 383 2245 sunt
404 2216 663 2246 communitatis.
696 2213 727 2254 ξ.
746 2213 786 2244 32

119 2260 338 2290 contentionis
382 2262 563 2302 praecepta
612 2259 789 2290 rhetorum

119 2307 209 2342 sunt,
228 2303 319 2335 nulla
335 2306 511 2335 sermonis.
541 2303 615 2344 vgl.
626 2315 654 2335 z.
671 2304 700 2344 ἓ.
714 2303 786 2334 142.

164 2349 219 2379 44.
244 2348 345 2389 locus,
365 2349 423 2379 der
432 2347 527 2379 Theil
542 2349 599 2379 des
614 2359 654 2379 zu
669 2348 789 2379 beban-

119 2394 258 2425 delnden
293 2393 541 2433 Gegenstandes
556 2419 563 2433 ,
599 2394 661 2424 wie
695 2392 726 2434 ξ.
747 2392 787 2423 20

120 2440 219 2470 ratio.
259 2438 334 2477 vgl.
354 2437 383 2479 ξ.
401 2438 454 2469 65.

165 2483 253 2525 quod
275 2484 340 2525 qui.
379 2483 467 2525 quod
497 2484 590 2514 dient
623 2494 684 2514 zur
701 2483 787 2514 Ver-

120 2527 288 2569 kniipfuug
305 2528 434 2560 :sihnlieh
448 2529 511 2559 wie
528 2531 645 2570 igitur,
664 2528 786 2559 ebenso

122 2573 152 2602 in
176 2572 264 2614 quod
286 2575 457 2614 quoniam,
492 2574 580 2615 quod
595 2575 665 2609 ubi,
700 2572 789 2615 quod

121 2628 206 2658 eum,
225 2617 361 2659 quodsi‚·
387 2628 411 2649 s.
429 2629 458 2649 z.
475 2617 513 2658 11,
534 2617 563 2659 8,
583 2618 635 2649 29.

903 1766 1069 1807 prunum,
1094 1769 1178 1796 statt
1201 1764 1319 1796 (leinde
1336 1764 1421 1804 folgt
1443 1767 1531 1796 inest

859 1812 984 1841 autem.
1026 1808 1058 1850 ξ.
1077 1809 1119 1839 46
1148 1811 1298 1852 primum
1320 1809 1402 1840 illud
1423 1812 1476 1841 est
1496 1812 1530 1840 in,

860 1855 973 1896 officio
1001 1872 1044 1876 —-
1069 1856 1120 1885 sin
1151 1857 1252 1886 erunt
1277 1855 1411 1886 merita.
1453 1853 1529 1894 vgi.

859 1899 891 1941 ξ.
913 1899 986 1930 100.

902 1944 1031 1985 gloria,
1049 1943 1268 1980 Ruhmsucht,
1287 1944 1350 1975 wie
1371 1943 1470 1975 Tusc.
1491 1942 1528 1980 11,

860 1988 912 2031 27,
931 1988 971 2019 65
996 2000 1102 2031 neque
1119 1989 1209 2021 illum
1227 1989 1398 2028 (dolorem)
1417 2008 1460 2011 ——
1474 1999 1531 2020 ra-

861 2036 951 2065 tione
979 2037 1039 2066 aut
1066 2036 1233 2077 sapientia
1262 2034 1432 2071 tulerunt,
1472 2033 1533 2065 secl

859 2079 971 2111 studio
987 2081 1101 2123 potius
1123 2082 1156 2109 et
1168 2079 1291 2120 glovia.
1322 2078 1349 2109 11
1375 2078 1406 2119 ξ
1422 2078 1463 2109 23
1493 2078 1531 2109 Ιί-

861 2125 997 2161 bertas7·
1022 2124 1088 2164 vgl.
1108 2123 1335 2163 Niigelsbach,
1354 2123 1410 2154 lat.
1431 2123 1480 2154 St.
1500 2123 1530 2163 §-

861 2169 914 2209 49,
933 2169 963 2200 2.

906 2216 946 2245 ab
964 2214 1190 2244 ostentatione
1201 2214 1312 2254 magis
1326 2223 1424 2254 (luam
1439 2223 1459 2243 a
1473 2223 1529 2244 vo-

861 2258 999 2295 luntale,
1024 2258 1073 2288 als
1092 2268 1150 2288 aus
1169 2259 1301 2288 walirer
1319 2257 1528 2298 Gesinnung;

861 2303 901 2334 ad
915 2304 1016 2334 Attio.
1033 2302 1115 2341 wll,
1131 2304 1161 2341 9,
1180 2303 1192 2332 1
1211 2305 1310 2343 sz'gua
1324 2303 1528 2334 conturban-

862 2351 927 2386 tur,
950 2349 1071 2390 qulbus
1102 2347 1256 2379 voluntas
1275 2358 1296 2378 a
1312 2347 1529 2378 simulatione

861 2393 1029 2434 distingui
1039 2396 1165 2435 posset.

909 2433 975 2469 15.
994 2438 1046 2468 46.
1065 2437 1239 2480 praeclare
1247 2440 1377 2479 agitur,
1397 2447 1432 2467 es
1443 2437 1531 2468 stelit

860 2483 1075 2514 vortrel'llicb.
1100 2482 1191 2514 Lael.
1202 2482 1231 2522 3,
1246 2482 1277 2512 ll
1298 2493 1371 2514 cum
1387 2482 1440 2513 {llo
1455 2492 1529 2513 vero

860 2530 932 2569 quis
949 2531 1051 2569 neget·
1067 2531 1179 2559 uelum
1199 2538 1273 2558 esse
1286 2527 1470 2570 praeclare.
1486 2545 1530 2549 -ἥ

858 2575 890 2603 iu
906 2575 1025 2614 quibus
1045 2573 1088 2603 ist
1104 2573 1162 2603 11111
1180 2575 1260 2603 sunt
1279 2583 1320 2603 zu
1336 2572 1529 2603 verbinden.

905 2618 1085 2650 simulacra
1103 2619 1197 2649 virt:
1222 2616 1275 2657 111,
1294 2617 1324 2658 3,
1347 2616 1395 2648 13..

1219 2672 1265 2703 4*

1555 536 1599 567 44

1557 1096 1572 1126 <l
1579 1097 1596 1127 5

1557 1430 1608 1467 15

1555 1488 1597 1520 46
