1684 2819
60 556 101 587 70

131 169 213 209 22ss
595 165 652 196 DE
676 163 857 197 NATURA
882 163 1064 196 DEORUM

131 281 232 316 raro,
252 275 368 308 nocet
388 266 633 318 saepissime,
663 265 802 304 melius
829 270 887 304 est
906 276 987 303 non
1008 265 1189 304 adhihere
1211 265 1392 311 omnino,
1422 276 1538 315 quam

131 339 200 378 spe
221 325 357 365 dubiae
379 323 510 362 salutis
533 322 572 360 in
594 327 764 373 apertam
786 321 995 372 perniciem
1016 321 1229 360 incurrere:
1257 321 1311 360 sic
1332 321 1433 360 haud
1456 321 1538 360 scio

131 394 180 421 an
206 381 342 420 melius
370 379 484 419 fuerit
510 379 681 417 humano
711 377 842 428 generi
870 382 1023 416 motum
1049 377 1166 416 istum
1200 378 1360 416 celerem
1393 377 1538 428 cogita—

130 438 266 484 tionis,
304 447 484 482 acumen,
514 434 740 480 sollertiam,
768 446 884 485 quam
910 433 1101 472 rationem
1127 445 1327 481 vocamuS‚
1355 434 1538 485 quoniam

130 493 309 545 pestifera
331 498 390 531 est
406 492 548 539 multis,
569 491 780 530 admodum
802 490 935 542 paucis
953 489 1142 535 salutaris,
1165 501 1245 527 non
1263 488 1345 528 dari
1362 490 1537 536 omnino,

130 562 244 601 quam
266 555 344 588 tam
367 549 548 587 munifice
575 553 611 587 et
639 553 714 586 tam
737 547 840 598 large
862 546 954 585 dari.
997 545 1260 593 Quamobrem
1283 545 1315 583 si
1336 558 1446 584 mens
1469 559 1538 585 vo-

128 606 329 656 luntasque
351 605 476 644 divina
496 604 638 643 idcirco
662 603 857 642 consuluit
876 602 1118 648 hominibus,
1140 602 1244 653 quod
1266 600 1312 639 iis
1334 601 1464 652 largita
1482 609 1539 640 est

127 663 336 702 rationem:
373 661 418 700 iis
447 661 540 700 solis
570 660 780 706 consuluit,
810 672 909 711 quos
937 659 1039 697 hona
1062 658 1208 697 ratione
1236 657 1411 704 donavit,
1440 671 1538 709 quos

128 719 322 764 videmus,
353 717 386 756 si
407 718 526 756 modo
549 717 611 756 ulli
635 723 747 763 sunt,
774 729 861 755 esse
888 728 1117 767 perpaucos.
1160 715 1248 753 Non
1269 714 1392 765 placet
1413 720 1538 752 autem

129 775 261 826 paucis
285 788 304 814 a
327 774 398 812 diis
420 773 703 812 immortalibus
725 785 810 811 esse
828 772 1066 819 consultum,
1099 771 1273 822 sequitur
1294 783 1385 819 ergo
1409 776 1449 808 ut
1469 782 1539 808 ne-

50 833 104 873 28
128 831 222 870 mini
243 831 462 870 consultum
484 830 544 869 sit.
587 830 685 868 Huic
705 830 790 868 loco
811 829 866 867 sic
890 829 1020 867 soletis
1047 840 1268 867 occurrere:
1290 838 1371 865 non
1395 826 1538 865 idcirco

127 900 208 927 non
230 888 375 939 optime
397 887 511 925 nobis
534 900 554 925 a
576 886 647 925 diis
665 900 751 925 esse
772 886 987 937 provisum,
1011 884 1114 935 quod
1138 884 1246 922 multi
1263 895 1397 921 eorum
1421 882 1539 921 bene-

128 945 213 983 ficio
235 956 415 995 perverse
437 948 654 988 ute-rentum
683 943 798 980 etiam
820 941 1065 992 patrimoniis
1086 941 1230 979 multos
1251 939 1348 977 male
1370 940 1440 984 uti,
1469 951 1540 977 nec

128 1001 178 1039 oh
199 1013 283 1039 eam
301 1012 476 1038 caussam
494 1012 561 1037 eos
582 998 812 1037 heneficium
829 1011 848 1036 a
867 997 1040 1048 patribus
1058 997 1205 1035 nullum
1228 995 1379 1034 habere.
1422 996 1539 1041 Quis-

128 1068 293 1107 quamne
320 1057 420 1094 istuc
445 1053 587 1106 negat?
629 1060 693 1093 aut
715 1067 810 1105 quae
832 1061 891 1092 est
918 1054 956 1091 in
979 1053 1180 1091 collatione
1202 1052 1274 1090 ista
1298 1050 1539 1090 similitudo?

128 1113 208 1152 Nec
229 1113 331 1151 enim
354 1111 506 1150 Herculi
529 1124 668 1149 nocere
690 1110 865 1149 Deianira
888 1109 1024 1154 voluit,
1057 1121 1175 1160 quum
1199 1108 1233 1146 ci
1257 1107 1424 1146 tunicam
1448 1119 1539 1146 san-

126 1169 240 1219 guine
267 1168 443 1207 Centauri
472 1168 628 1206 tinctam
657 1167 778 1205 dedit:
814 1178 885 1204 nec
920 1166 1109 1217 prodesse
1136 1165 1308 1203 Pheraeo
1338 1164 1463 1202 Iasoni
1492 1164 1538 1209 is,

126 1225 189 1276 qui
211 1225 336 1276 gladio
358 1224 548 1278 V-OUEQIU
576 1224 657 1262 eius
685 1223 853 1274 aperuit,
883 1235 999 1273 quam
1029 1234 1165 1260 sanare
1192 1220 1329 1259 medici
1358 1232 1437 1258 non
1465 1233 1539 1270 po-

125 1287 287 1320 tuerant.
328 1281 433 1319 Multi
455 1280 555 1319 enim
573 1286 619 1326 et,
641 1293 761 1331 quum
780 1279 918 1317 obesse
936 1278 1080 1323 vellent,
1102 1279 1329 1328 prosuerunt
1349 1283 1395 1315 et.
1419 1288 1537 1327 quum

124 1338 325 1389 prodesse,
348 1337 565 1376 obfuerunt.
607 1336 661 1375 lta
682 1348 761 1375 non
787 1336 825 1374 lit
847 1349 891 1373 ex
914 1348 977 1381 co,
1006 1335 1110 1385 quod
1138 1334 1267 1379 datur,
1296 1339 1335 1371 ut
1359 1333 1536 1371 voluntas

128 1394 210 1433 eius
233 1394 297 1445 qui
319 1394 466 1432 dederit
486 1399 686 1443 appareat,
708 1405 777 1431 nec
800 1392 831 1430 si
854 1392 908 1437 is,
931 1392 994 1442 qui
1018 1391 1181 1441 accepit,
1204 1390 1301 1427 hene
1323 1389 1456 1434 utitur,
1478 1389 1536 1426 id-

125 1450 228 1489 circo
251 1451 296 1497 is,
318 1450 381 1501 qui
404 1449 525 1495 dedit,
549 1449 669 1487 amice
691 1449 806 1487 dedit.
848 1450 954 1494 Quae
972 1447 1074 1485 enim
1091 1446 1230 1491 libido,
1253 1458 1350 1496 quae
1371 1445 1535 1489 avaritia,

125 1507 227 1558 quod
251 1506 397 1546 facinus
420 1505 632 1556 suscipitur
651 1505 725 1543 nisi
749 1504 910 1543 consilio
935 1509 1068 1554 capto,
1097 1508 1160 1543 aut
1182 1502 1264 1540 sine
1287 1501 1404 1539 animi
1428 1507 1535 1539 motu

124 1569 160 1602 et
182 1563 422 1614 cogitatione,
442 1562 480 1601 id
497 1567 556 1600 est
576 1561 735 1608 ratione,
756 1558 986 1612 perficitur?
1023 1560 1119 1598 Nam
1139 1558 1266 1597 omnis
1286 1557 1419 1608 opinio
1438 1558 1534 1596 ratio

123 1626 193 1665 est,
215 1626 252 1658 et
273 1619 429 1670 quidem
449 1619 552 1657 bona
573 1619 684 1665 ratio,
708 1618 738 1656 si
756 1630 853 1663 vera,
877 1617 977 1656 mala
993 1622 1131 1662 autem,
1153 1616 1185 1654 si
1202 1615 1295 1654 falsa
1311 1620 1369 1652 est
1387 1614 1533 1665 opinio.

124 1676 199 1714 Sed
221 1690 241 1715 a
264 1677 335 1715 deo
358 1681 507 1718 tantum
529 1675 717 1713 rationem
740 1674 948 1719 habemus,
973 1673 1005 1711 si
1026 1672 1144 1711 modo
1166 1672 1370 1715 habemus,
1392 1671 1534 1708 honam

123 1738 249 1771 autem
272 1733 461 1771 rationem
484 1737 549 1770 aut
569 1743 649 1769 non
672 1731 815 1769 lionam
837 1743 856 1768 a
873 1729 1000 1768 nobis,
1042 1729 1128 1767 Non
1147 1728 1261 1773 enim,
1283 1733 1325 1766 ut
1346 1727 1534 1777 patrimo-

123 1789 231 1828 nium
268 1788 512 1839 relinquitur,
549 1788 604 1826 sic
632 1788 728 1826 ratio
758 1793 817 1825 est.
850 1786 998 1825 homini
1034 1785 1219 1824 beneficio
1249 1784 1410 1822 deorum
1438 1783 1534 1821 data.

123 1845 224 1892 Quid
246 1844 348 1882 enim
371 1844 500 1895 potius
524 1844 748 1882 hominibus
771 1843 987 1887 dedissent,
1011 1842 1043 1880 si
1065 1842 1109 1880 iis
1132 1852 1272 1879 nocere
1294 1837 1534 1878 voluissent?

122 1900 333 1940 Iniustitiae
354 1907 500 1946 autem,
522 1900 850 1950 intemperantiae,
873 1898 1084 1937 timiditatis
1108 1910 1204 1947 quae
1227 1896 1372 1934 semina
1394 1901 1534 1937 essent,

166 2004 296 2033 molum
317 2003 422 2033 istum
448 2000 585 2032 celerem
616 2002 792 2041 cog-ilatio-

121 2049 185 2078 nis.
209 2046 283 2086 vgt.
300 2057 327 2077 c.
343 2046 396 2085 28,
413 2046 468 2076 71:
486 2047 561 2077 Sine
577 2047 682 2076 animi
696 2048 790 2076 motu

121 2094 154 2123 et
177 2094 390 2133 cog-italt'one.
414 2091 452 2121 de,
472 2090 564 2121 Orat.
582 2089 611 2128 1,
631 2090 688 2128 25,
711 2089 789 2120 113:

121 2138 252 2178 ingenii
277 2136 400 2168 celeres
429 2135 564 2177 quidam
591 2137 714 2167 molus.
751 2135 790 2165 de

122 2181 223 2222 Legg.
242 2180 282 2220 ll,
306 2181 362 2219 18,
382 2180 439 2211 46:
470 2183 528 2222 qui
541 2180 639 2211 modo
656 2181 790 2221 ingenio

118 2229 230 2270 possit
252 2228 388 2258 moret-i.
427 2226 466 2257 ad
492 2225 607 2257 Famil.
631 2224 707 2264 XV,
732 2224 789 2254 21:

120 2274 294 2313 ingenium
313 2271 403 2303 Calvi
416 2274 514 2303 aeide
531 2272 737 2301 movebatur.

170 2317 223 2347 70.
249 2316 370 2348 idcirco
394 2316 579 2347 consuluit:
603 2315 790 2355 aligekiirz-

124 2366 175 2393 ter
190 2361 362 2393 Ausdruek
377 2361 430 2392 liir
442 2361 567 2392 idcirco
581 2360 792 2391 consuluisse

123 2407 254 2448 (licitur,
273 2407 410 2438 niimlich
428 2417 448 2437 α
467 2407 568 2437 robis.

168 2445 236 2484 28.
270 2455 455 2483 uterentur.
498 2452 676 2481 Correcter
698 2451 789 2481 wilre

123 2500 274 2528 aluntur.
311 2497 385 2537 vgl.
403 2497 483 2527 aber
500 2507 541 2526 zu
560 2495 582 2533 l,
603 2494 654 2532 22,
674 2494 726 2526 til.

167 2542 317 2574 Pheraeo
342 2542 465 2573 lasani.
506 2540 566 2571 Die
592 2539 789 2571 (jesa-hiemo

122 2586 173 2617 bei
191 2586 303 2619 Valer.
324 2586 411 2618 Max.
433 2585 461 2626 l,
482 2585 517 2626 S,
536 2585 554 2615 2
567 2610 574 2622 ,
593 2584 628 2615 6:
652 2585 790 2616 Dirz'uae

852 2000 1027 2040 sot-tunae
1042 1998 1116 2029 wdn
1122 2008 1162 2029 115
1171 1997 1321 2027 Pheraeo
1332 1995 1447 2026 Iasoni
1459 1992 1532 2036 qe'u'-

864 2044 940 2075 (lam
955 2044 1055 2075 acilii
1068 2045 1139 2074 eius
1154 2041 1295 2084 cupidus
1309 2040 1430 2072 intulit.
1447 2040 1532 2072 ,Yam

864 2100 964 2131 quum
978 2090 1067 2120 inter
1079 2087 1221 2118 insidias
1236 2086 1351 2127 gladio
1365 2096 1439 2117 eam
1455 2096 1534 2128 per-

864 2135 1040 2174 cassisa-ot,
1073 2134 1251 2166 vomicam,
1288 2142 1372 2172 qaue
1395 2141 1416 2162 a
1443 2130 1532 2162 nullu

865 2179 1068 2210 medicorum
1087 2179 1206 2209 sanat-1·
1220 2179 1389 2219 potuerat,
1407 2177 1457 2206 ita
1475 2186 1533 2207 ru-

861 2226 926 2267 pit,
952 2227 987 2255 ul
1010 2224 1176 2254 hominem
1199 2223 1366 2265 postsl'ero
1391 2220 1476 2252 malo
1495 2220 1534 2251 li-

864 2270 1007 2300 herm-et.

911 2315 961 2345 71.
990 2315 1097 2345 onius-s·
1116 2313 1225 2355 opinio
1245 2314 1333 2343 ratio
1352 2314 1414 2342 est.
1456 2309 1530 2341 Man

864 2370 952 2390 muss
977 2359 1044 2389 sich
1072 2359 1244 2390 eriunern,
1277 2357 1351 2387 dass
1372 2357 1459 2387 ratio
1484 2355 1531 2385 ei-

864 2404 1005 2443 gentlirli
1026 2404 1106 2433 uurli
1126 2413 1186 2433 nur
1204 2402 1264 2432 111-11
1285 2401 1348 2432 Aet
1365 2400 1423 2431 des
1444 2399 1529 2430 Den-

863 2449 955 2481 kcns.
973 2448 1179 2478 Rereelinens
1196 2446 1362 2486 bedeutet,
1378 2445 1441 2475 und
1457 2445 1531 2475 dass

862 2494 913 2525 die
931 2494 1051 2524 audere
1072 2492 1262 2531 Bedeutuug
1286 2490 1336 2527 „V
1347 2500 1364 2520 e
1375 2501 1390 2520 r
1400 2488 1530 2520 nunl't.

864 2539 889 2570 1)
900 2550 916 2569 c
927 2550 943 2569 n
956 2539 972 2568 k
985 2548 1030 2568 ve
1041 2548 1056 2568 r
1067 2548 1094 2568 m
1106 2539 1122 2566 ii
1133 2547 1178 2575 ge
1189 2547 1206 2566 11
1218 2543 1236 2552 ··
1268 2546 1329 2566 nur
1354 2544 1412 2565 aus
1434 2534 1533 2574 Jenet·

863 2585 1154 2623 hervorgegangen
1175 2581 1227 2611 ist.
