1684 2819
204 171 279 210 142
769 164 825 196 DE
851 163 1032 196 orrlcns

198 270 377 311 homines
415 274 593 309 externos
629 267 706 306 hoc
740 265 972 306 liberalitatis
1009 276 1146 316 genere
1172 265 1212 305 in
1237 265 1334 305 urhe
1362 270 1496 305 nostra
1523 276 1604 304 non

199 340 321 379 egere.
361 327 431 366 Est
457 331 584 365 autem
611 324 724 364 etiam
745 323 991 362 vehementer
1010 321 1100 361 utile
1120 322 1185 371 iiS,
1214 323 1277 374 qui
1299 323 1463 362 honeste
1484 335 1602 374 posse

199 385 365 424 multum
392 383 541 429 volunt,
570 393 639 433 per
665 380 840 433 hospites
863 380 965 430 apud
986 385 1164 419 externos
1186 380 1354 432 populos
1376 379 1496 419 valere
1518 379 1604 431 opi-

199 442 273 480 bus
295 446 331 480 et
351 440 481 492 gratia.
523 438 816 490 Theophrastus
839 437 993 489 quidem
1015 436 1145 476 scribit
1166 436 1380 487 ‘Cimonem
1405 436 1600 487 [Athenis]

198 498 312 537 etiam
340 498 377 536 in
408 509 502 536 suos
530 496 689 536 curiales
711 494 893 534 Laciadas
921 494 1151 545 hospitalem
1180 493 1316 533 fuisse:
1346 493 1397 533 ita
1418 493 1521 532 enim
1542 493 1603 532 in-

199 555 371 595 stituisse
393 560 430 593 et
450 552 569 593 vilicis
590 552 853 604 imperavisse,
876 556 917 590 ut
934 551 1061 590 onmia
1079 550 1356 603 praeberentur
1374 550 1605 602 quicumque

199 612 378 652 Laciades
400 612 439 650 in
461 610 584 649 villam
609 622 719 648 suam
742 607 990 648 devertisset?

123 670 173 708 19
313 669 419 716 Quae
440 674 567 707 autem
585 679 712 718 opera,
732 678 812 705 non
828 665 1028 716 largitione
1044 664 1228 704 beneficia
1245 664 1394 712 dantur,
1415 664 1509 704 haec
1524 669 1606 703 tum

128 733 168 765 65
199 727 237 765 in
264 726 484 766 universam
512 737 594 763 rem
621 723 815 775 publicam
845 729 924 762 tum
954 722 992 761 in
1021 722 1195 773 singulos
1219 722 1320 762 cives
1342 721 1604 761 conseruntur.

200 783 296 823 Nam
325 783 364 822 in
392 783 475 822 iure
501 794 651 829 cavere,
681 781 842 820 consilio
872 780 1000 820 iuvare
1030 786 1143 831 atque
1168 779 1244 818 hoc
1266 778 1448 818 scientiae
1470 789 1607 830 genere

200 841 387 892 prodesse
409 851 522 891 quam
545 838 723 889 plurimis
745 838 991 877 vehementer
1017 842 1053 876 et
1081 836 1125 875 ad
1155 849 1249 888 opes
1271 836 1464 886 augendas
1486 835 1605 887 perti-

198 903 263 936 net
288 903 324 936 et
350 897 395 936 ad
423 896 594 947 gratiam.
654 895 783 946 Itaque
815 908 901 934 cum
937 894 1053 933 multa
1080 893 1272 945 praeclara
1304 893 1497 932 maiorum
1525 898 1606 931 tum

200 955 304 1005 quod
328 954 473 1004 optime
496 952 693 991 constituti
717 952 810 991 iuris
833 951 949 990 civilis
971 963 1126 990 summo
1149 962 1303 1002 semper
1319 950 1523 988 inhonore
1540 948 1608 988 suit

201 1010 368 1062 cognitio
399 1016 513 1060 atque
539 1008 822 1059 interpretatio:
853 1020 967 1059 quam
995 1007 1149 1058 quidem
1179 1012 1265 1047 ante
1286 1007 1385 1045 hanc
1407 1005 1607 1045 confusio-

199 1080 287 1106 nem
316 1072 537 1118 temporum
566 1065 604 1104 in
626 1065 878 1117 possessione
900 1076 969 1103 sua
990 1064 1184 1116 principes
1206 1063 1463 1111 retinuerunt,
1491 1074 1607 1109 nunc,

200 1130 241 1163 ut
261 1124 445 1171 honores,
467 1128 509 1162 ut
531 1133 666 1161 omnes
689 1121 882 1173 dignitatis
905 1121 1057 1173 gradus,
1080 1121 1136 1160 sic
1150 1120 1265 1160 huius
1283 1120 1461 1160 scientiae
1477 1119 1609 1172 splen—

200 1181 272 1220 dor
292 1181 436 1220 deletus
459 1185 534 1226 est,
555 1179 670 1230 idque
692 1191 736 1217 eo
759 1179 971 1230 indignius,
997 1178 1098 1229 quod
1122 1191 1166 1217 eo
1189 1183 1365 1229 tempore
1385 1178 1462 1216 hoc
1483 1177 1608 1216 conti-

200 1239 270 1289 git,
299 1250 386 1277 cum
409 1237 440 1276 is
463 1242 582 1283 esset,
612 1236 674 1287 qui
698 1248 833 1275 omnes
855 1235 1096 1287 superiores,
1126 1234 1265 1286 quibus
1288 1235 1437 1274 honore
1458 1246 1529 1286 par
1545 1246 1607 1272 es-

246 1340 453 1372 vekementer
470 1338 559 1377 utile,
578 1338 609 1369 d.
621 1338 641 1369 i.
657 1337 752 1369 valde
766 1338 867 1376 utile3

200 1385 231 1428 ξ.
252 1385 292 1417 73
310 1385 519 1417 vehementer·
534 1383 757 1415 7r1oderatum.

245 1431 389 1463 Athenis
427 1430 547 1470 gehort
579 1429 700 1470 gewiss
734 1439 774 1459 zu
807 1429 868 1459 den

201 1477 335 1519 sp'titcrn
355 1475 540 1514 Zusiitzen,
564 1484 604 1506 an
625 1475 729 1506 denen
749 1483 868 1505 unsere

200 1520 474 1561 Ueberliefemng
491 1520 689 1552 ἀει-11110381·
706 1520 745 1550 de.
763 1519 817 1550 off.
833 1529 868 1550 so

201 1568 248 1599 ost
278 1567 388 1599 leidet.
425 1566 516 1598 Denn
546 1576 581 1597 es
611 1565 668 1596 mit
692 1565 802 1596 Cimon
829 1575 869 1595 zu

199 1613 390 1652 verbinden,
409 1612 519 1643 Cimon
538 1621 596 1643 3115
610 1610 730 1650 Athen,
748 1611 870 1641 wider—

200 1659 324 1701 spricht
338 1657 403 1694 Cic.
419 1657 722 1699 Sprachgebraueh.
753 1655 797 1687 Es
812 1666 870 1696 ge-

200 1706 276 1736 hisi-t
308 1714 380 1735 zum
414 1702 575 1743 Verbum,
609 1701 767 1733 bede-utet
799 1701 869 1732 also

199 1750 323 1791 ,Cimon
341 1759 408 1780 war
425 1759 465 1779 zu
483 1748 589 1780 Athen
607 1746 767 1788 gastl'rei‘,
793 1746 872 1777 uber

200 1797 258 1827 (135
276 1795 428 1835 l'olgende
451 1796 500 1825 ita
519 1793 622 1825 vilicis
642 1794 870 1836 imperavisse,

202 1841 290 1881 zeigt
307 1840 383 1871 dass
402 1850 464 1870 von
484 1839 542 1870 der
560 1837 872 1870 Gustu-eundschaft

200 1885 259 1917 auf
273 1886 385 1917 seincn
403 1884 614 1923 Landgiitern
639 1884 689 1914 die
707 1882 796 1914 Rede
814 1883 868 1913 ist.

202 1930 413 1963 Gewb'hnlich
445 1929 573 1960 erkliirt
598 1939 684 1960 man:
714 1938 808 1959 wenn
834 1938 871 1958 cr

202 1987 242 2008 zu
260 1976 366 2008 Athen
386 1985 466 2015 war,
486 1975 573 2005 nieht
590 1974 649 2005 aus
661 1974 754 2004 einer
771 1973 869 2004 villa.

202 2022 407 2062 Abgesehen,
423 2021 499 2052 dass
514 2019 738 2051 derGedankc
752 2018 871 2049 111111131-

201 2066 424 2107 ausgedriickt
440 2066 541 2105 w'dre,
566 2065 628 2095 wie
648 2064 741 2095 kiime
760 2064 870 2095 Cimon

203 2114 302 2152 dazu,
339 2122 400 2143 11111·
432 2112 462 2142 111
496 2111 608 2142 scinci·
636 2109 872 2141 Abwesenhcit

203 2158 341 2199 gastsvei
366 2168 406 2188 zu
431 2157 522 2188 sein!
556 2155 662 2187 Schon
688 2155 873 2195 Heusinger

203 2204 317 2236 wollte
347 2203 460 2234 darum
484 2201 723 2233 Atlzenz'mzsem
750 2200 873 2231 schrei—

204 2250 277 2281 ben.

248 2294 424 2327 Laciadas.
460 2294 526 2325 Der
550 2293 671 2324 Demos
696 2292 748 2333 lag
768 2292 797 2323 in
816 2291 874 2322 der

204 2340 306 2383 Phyle
321 2340 456 2371 Oenissis.
474 2339 535 2371 Mit
549 2338 686 2370 curialis
702 2338 874 2369 iibersetzt

205 2387 271 2418 Cic.
295 2382 468 2429 δημότης.

252 2425 318 2464 19.
345 2432 397 2462 65.
423 2441 540 2462 cat-ere
557 2430 591 2460 in
609 2431 693 2462 iul-e.
718 2428 799 2459 Rath
820 2438 871 2458 (ϊ-

205 2477 326 2509 theilen
352 2476 405 2508 fiii·
426 2477 519 2507 einen
538 2475 691 2507 Prot-ess.
711 2475 786 2505 dass
804 2474 874 2505 die-

206 2533 261 2554 ser
302 2523 388 2554 nieht
424 2522 524 2553 durch
560 2520 781 2553 [nkenntniss
815 2519 873 2550 (les

206 2568 326 2600 Rechts
349 2568 505 2599 verloren
531 2567 626 2607 geht:
661 2564 725 2605 vgl.
751 2565 790 2596 de
809 2565 871 2605 leg.

207 2613 228 2655 1,
249 2615 278 2648 Γ),
300 2614 348 2644 17.

985 1347 1026 1369 (m
1032 1339 1062 1369 te
1075 1337 1160 1369 Ιιαηο
1167 1337 1348 1379 confusion
1353 1346 1403 1368 em
1411 1338 1609 1380 temporum,

941 1383 970 1414 d.
998 1383 1018 1413 i.
1044 1387 1120 1414 ante
1149 1383 1262 1414 horum
1289 1387 1470 1424 temporum
1496 1381 1610 1413 confu-

943 1438 1079 1459 Sionem.

984 1475 1152 1517 principes
1181 1474 1405 1505 retinuerunt.
1444 1472 1554 1504 Sowie
1578 1472 1609 1503 in

943 1519 1090 1551 l'riihster
1103 1517 1178 1550 Zeit
1192 1519 1243 1550 die
1257 1517 1555 1550 Rechtskenntniss
1569 1517 1609 1548 irn

942 1565 1116 1605 alleinigen
1132 1564 1240 1596 Besitz
1256 1564 1315 1595 der
1324 1563 1487 1596 Patricier
1499 1572 1610 1604 gewe-

944 1620 1000 1641 sen
1025 1620 1112 1650 war,
1138 1620 1173 1641 so
1192 1610 1384 1641 zeichneten
1409 1609 1479 1640 sich
1499 1609 1612 1651 spiiter

941 1657 993 1687 die
1011 1655 1221 1687 Vornehmen
1239 1655 1330 1686 (131·111
1348 1664 1419 1686 3115.
1452 1653 1543 1685 Aber
1559 1653 1611 1685 die

943 1701 1081 1733 xvim-en
1101 1712 1141 1732 zu
1160 1700 1251 1732 Ende
1270 1700 1330 1731 der
1346 1699 1505 1742 chublik
1523 1701 1613 1730 stiir-

943 1752 997 1779 ten
1029 1747 1080 1778 die
1110 1746 1356 1788 Rechtspssege,
1384 1745 1490 1777 indem
1514 1744 1613 1786 jeder

945 1792 1238 1833 Criminalproeess
1256 1791 1305 1822 als
1325 1790 1517 1833 politischer
1530 1789 1611 1822 Par—

943 1837 1106 1879 teikampf
1133 1837 1309 1868 behandelt
1340 1836 1464 1868 wurde.
1519 1835 1611 1867 Dann

946 1884 1038 1914 nahm
1064 1883 1187 1914 Caesar
1211 1882 1279 1913 sich
1312 1881 1369 1913 (135
1392 1880 1496 1913 Recht
1521 1881 1613 1912 einer

945 1928 1156 1967 endg‘iiltigen
1186 1927 1434 1967 Entscheidung
1465 1927 1495 1957 in
1525 1925 1612 1957 allen

945 1973 1128 2004 Prot-essen
1154 1973 1216 2003 und
1241 1981 1341 2012 sogal·
1357 1972 1415 2003 das
1433 1970 1537 2002 Reeht
1562 1971 1613 2002 die

946 2018 1231 2058 Entschcidungcn
1262 2018 1321 2048 der
1345 2016 1612 2048 Gesehwornen-

944 2064 1091 2104 gerichte
1110 2074 1150 2094 zu
1168 2063 1327 2094 eassiren.
1356 2062 1447 2094 Auch
1466 2062 1497 2093 in
1515 2061 1615 2093 ande—

946 2119 1000 2140 rer
1024 2108 1211 2149 Beziehung
1233 2108 1320 2139 blieb
1343 2107 1402 2139 der
1425 2106 1615 2148 Untergang

946 2155 1005 2186 der
1037 2154 1184 2185 Freiheit
1213 2154 1301 2185 nicht
1334 2154 1415 2184 ohne
1450 2151 1615 2192 VVirkung

946 2200 1004 2231 auf
1018 2200 1076 2231 das
1092 2198 1355 2231 Gericlitswesen
1373 2196 1612 2239 (Mommsenlll

948 2257 976 2288 p.
995 2244 1085 2285 455).
1122 2244 1248 2276 Daraul'
1268 2244 1426 2275 beziehen
1451 2243 1518 2275 sich
1542 2243 1613 2275 also

947 2291 1014 2323 Cic.
1033 2289 1172 2330 Hlagen.

993 2347 1069 2369 cnm
1097 2339 1125 2368 is
1151 2338 1255 2368 essct:
1283 2334 1427 2376 gemeint
1450 2334 1493 2366 ist
1517 2333 1612 2366 Serv.

948 2382 1111 2424 Sulpicius
1126 2380 1241 2421 Rufus,
1259 2381 1318 2412 der
1331 2379 1451 2411 Consul
1467 2378 1530 2410 703
1546 2379 1612 2419 (51)

947 2438 1018 2459 war
1045 2428 1109 2459 und
1133 2426 1190 2458 aul'
1209 2427 1301 2457 einer
1324 2424 1422 2457 Reise
1447 2435 1488 2456 zu
1511 2424 1615 2456 Anto—

948 2473 1021 2504 nius
1054 2469 1133 2504 nach
1163 2471 1288 2504 Mutina
1318 2470 1377 2501 711
1413 2470 1479 2511 (43)
1510 2469 1613 2502 starb.

948 2519 1012 2550 Cic.
1033 2518 1227 2549 bezeichnet
1245 2517 1296 2547 11111
1315 2515 1425 2557 h'aufig
1437 2516 1487 2548 als
1502 2515 1614 2548 seinen

948 2563 1079 2595 Freund
1099 2563 1162 2594 und
1181 2562 1329 2603 zugleieh
1348 2561 1397 2592 als
1419 2562 1480 2593 den
1500 2563 1615 2602 gross-

949 2614 1002 2641 ten
1043 2608 1336 2649 Rechtsgelchrten
1378 2607 1489 2638 seiner
1529 2605 1614 2638 Zeit.
