1684 2819
0 1352 8 1608 ,βῆς-Μ..
1 1256 7 1337 *wi-A
0 1039 6 1246 -q-—q-—ru—-›
0 587 6 1025 u„‘w—w÷2„——„N——v——r—=.-
0 561 4 577 .-

596 176 753 209 LlssER
773 177 832 210 111.
862 178 917 219 22,
940 178 994 209 52.
1016 178 1070 209 53.
1466 178 1545 217 143

139 308 256 347 quum
286 292 391 333 aliud
412 291 466 332 M.
493 291 647 340 Catoni,
673 292 777 332 aliud
801 292 845 332 L.
871 291 1043 332 Lentulo
1066 291 1283 338 videretur,
1315 290 1421 331 nulla
1442 291 1548 331 inter

137 363 205 390 eos
234 348 474 389 concertatio
506 363 685 401 umquam
708 349 794 389 fuit.
840 348 888 388 Hi
910 349 1026 389 nimis
1048 348 1234 388 iracunde
1263 354 1396 401 agunt,
1432 361 1547 401 prae-

137 405 272 447 sertim
305 419 421 458 quum
453 404 500 444 ab
532 405 580 445 iis
611 419 690 445 non
721 418 817 446 sane
849 405 1028 446 animosa
1069 405 1300 445 defendatur
1330 405 1543 454 sententia,

135 476 206 516 pro
228 475 303 515 qua
325 460 466 501 nonin
488 468 642 510 senatu,
678 475 756 502 non
786 462 825 502 in
849 462 1049 510 contione,
1085 475 1164 502 non
1195 462 1295 514 apud
1325 461 1546 501 exercitum

135 531 262 571 neque
284 520 329 558 ad
354 531 540 558 censores
569 518 699 558 dicere
728 519 912 558 audeant.
958 518 1034 558 Sed
1063 531 1149 557 cum
1180 518 1264 558 istis
1297 517 1411 567 alias,
1437 523 1476 557 et
1497 531 1543 557 eo

136 575 291 627 quidem
322 574 466 623 animo,
501 575 649 614 nullum
670 582 713 614 ut
735 581 933 615 certamen
964 574 1184 624 instituam,
1209 587 1350 614 verum
1382 573 1547 613 dicenti-

73 663 75 665 .
135 631 207 671 bus
238 631 353 671 facile
382 631 531 671 cedam.
566 631 734 671 Tantum
767 630 1008 671 admonebo:
1044 631 1077 671 si
1105 630 1279 670 maxime
1309 643 1449 671 verum
1478 631 1543 678 sit,

137 688 182 727 ad
206 701 345 741 corpus
378 687 508 727 onmia
529 689 682 727 referre
704 687 938 740 sapientem,
964 687 1065 735 sive,
1089 693 1132 726 ut
1164 686 1368 726 honestius
1403 687 1544 735 dicam,

137 744 234 784 nihil
264 745 410 791 facere,
435 743 511 783 nisi
534 743 636 796 quod
667 743 866 796 expediat,
893 743 977 783 sive
1000 743 1129 782 omnia
1150 744 1303 783 referre
1326 744 1372 782 ad
1396 743 1548 782 utilita-

135 806 212 839 tem
236 813 361 849 suam,
387 799 567 852 quoniam
601 799 697 839 haec
718 799 940 853 plausibilia
962 799 1041 839 non'
1063 805 1170 848 sunt,
1196 806 1238 839 ut
1268 799 1308 838 in
1330 799 1420 839 sinu
1452 813 1547 852 gau-

134 856 263 905 deant,
289 855 462 908 gloriose
484 855 588 909 loqui
612 855 810 896 desinant.

239 911 545 966 Cyrenaicorum
566 919 692 952 restat
714 912 926 960 sententia,
950 911 1014 964 qui
1037 918 1117 951 tum
1142 911 1431 964 aegritudinem
1454 925 1546 951 cen-
1563 911 1623 956 22

134 975 224 1008 sent
254 968 474 1017 exsistere,
519 969 551 1009 si
584 970 815 1023 necopinato
845 968 936 1021 quid
969 968 1163 1008 evenerit.
1222 968 1294 1008 Est
1324 968 1362 1007 id
1393 968 1545 1020 quidem

133 1039 335 1079 magnum,
356 1032 398 1065 ut
419 1039 536 1078 supra
559 1025 665 1075 dixi,
701 1026 816 1066 etiam
841 1024 1058 1078 Chrysippo
1087 1024 1143 1064 ita
1164 1024 1290 1064 videri
1321 1023 1418 1073 scio,
1443 1025 1546 1077 quod

133 1081 333 1134 provisum
357 1089 449 1121 ante
471 1095 550 1121 non
572 1082 637 1131 sit,
662 1083 700 1122 id
726 1083 846 1122 ferire
867 1081 1168 1131 vehementius3
1193 1081 1261 1121 sed
1284 1095 1361 1120 non
1384 1088 1476 1121 sunt
1504 1081 1546 1120 in

134 1137 207 1178 hoc
237 1138 381 1178 omnia.
427 1138 667 1192 Quamquam
700 1138 868 1179 hostium
901 1151 1043 1191 repens
1076 1137 1270 1178 adventus
1307 1136 1432 1191 magis
1475 1137 1547 1177 ali-

135 1201 279 1247 quanto
302 1194 510 1235 conturbat
531 1209 644 1248 quam
669 1202 939 1248 exspectatus,
965 1201 1004 1234 et
1025 1194 1145 1235 maris
1175 1193 1301 1234 subita
1333 1201 1546 1248 tempestas

135 1264 247 1303 quam
271 1259 360 1290 ante
382 1251 540 1304 provisa
563 1259 688 1292 terret
719 1252 954 1305 navigantes
976 1250 1267 1301 vehementius,
1294 1258 1332 1290 et
1354 1251 1546 1291 eiusmodi

133 1314 225 1346 sunt
256 1307 455 1360 pleraque.
502 1308 575 1348 Sed
611 1322 727 1361 quum
760 1308 971 1362 diligenter
1001 1307 1325 1361 necopinatorum
1362 1314 1543 1347 naturam

133 1364 375 1412 consideres,
394 1364 492 1404 nihil
511 1365 613 1405 aliud
631 1365 823 1419 reperias,
845 1364 920 1405 nisi
940 1364 1069 1403 omnia
1088 1364 1213 1404 videri
1231 1364 1357 1404 subita
1379 1364 1544 1411 maiora,

87 1466 95 1469 -
133 1426 172 1459 et
200 1420 352 1473 quidem
385 1421 433 1460 ob
464 1421 559 1461 duas
592 1435 775 1462 caussas:
810 1422 992 1475 primum,
1018 1421 1136 1473 quod,
1161 1428 1306 1473 quanta
1337 1420 1415 1459 sint
1446 1432 1546 1472 quae

133 1476 335 1525 accidunt,
372 1477 645 1518 considerandi
677 1479 843 1532 spatium
876 1492 954 1518 non
984 1478 1123 1526 datur,
1157 1476 1311 1525 deinde,
1338 1490 1454 1528 quum
1486 1475 1545 1515 vi-

133 1533 247 1572 detur
267 1534 495 1586 praecaveri
526 1535 716 1587 potuisse,
740 1535 773 1574 si
796 1535 998 1587 provisum
1021 1540 1142 1581 esset,
1168 1533 1279 1585 quasi
1310 1533 1421 1586 culpa
1452 1545 1543 1571 con-

134 1595 298 1628 tractum
330 1589 474 1629 malum
504 1591 788 1643 aegritudinem
821 1592 1014 1630 acriorem
1044 1589 1149 1629 facit.

249 1644 358 1695 Quod
390 1646 444 1685 ita
475 1654 579 1695 esse‘,
605 1647 687 1686 dies
717 1646 904 1695 declarat,
931 1659 1029 1699 quae
1061 1645 1275 1699 procedens
1297 1645 1351 1684 ita
1372 1624 1542 1697 mitigat,

180 1795 221 1827 L.
238 1796 621 1837 CorneltasLentalus,
642 1797 704 1829 199
721 1796 806 1828 Con-

136 1841 201 1881 sul,
220 1851 292 1872 war
310 1841 381 1872 also
411 1852 459 1882 ge
472 1852 548 1883 gen
577 1842 638 1873 den
659 1842 691 1873 3.
711 1842 806 1884 puni-

135 1886 236 1918 schen
254 1884 369 1926 Iit-leg.

175 1933 388 1973 praesertim
408 1941 570 1973 quum—
584 1942 681 1973 „was
700 1942 753 1963 um
768 1942 803 1963 so

134 1976 227 2008 mehr
245 1976 519 2016 hervorgehoben
537 1978 671 2009 werden
697 1988 801 2014 muss,

134 2021 165 2052 d.
181 2022 213 2052 h.
234 2031 286 2052 um
305 2032 340 2053 so
360 2021 560 2063 auffalliger
574 2023 630 2061 ist,
653 2023 693 2054 da
707 2024 801 2055 —“.

133 2066 265 2099 Ebenso
277 2065 317 2098 V.
331 2067 386 2108 26,
399 2067 452 2099 73:
467 2078 573 2110 quum
588 2071 805 2109 praesertim

133 2122 235 2144 omne
260 2113 395 2144 malam
423 2113 544 2145 dolore
570 2114 740 2154 definiat,-
770 2114 804 2145 in

131 2157 233 2190 Verr.
262 2157 304 2188 II.
324 2158 386 2197 46,
410 2158 496 2190 113:
532 2162 575 2190 ut
601 2170 645 2190 ex
675 2159 804 2201 oppido

136 2202 298 2234 Thermis
323 2204 460 2235 nullum
481 2207 624 2245 signum
643 2207 805 2246 attinge-

134 2259 200 2288 res,
215 2258 319 2290 quum
328 2252 545 2290 praesertim
560 2250 806 2281 multamsent

128 2294 333 2336 praeclara.
368 2293 404 2326 In
424 2295 559 2326 solchen
578 2294 695 2327 Fiillen
714 2295 803 2326 kann

129 2342 345 2381 praesertim
379 2350 486 2381 quum
517 2340 641 2381 (quum
662 2340 804 2382 praes.)

135 2384 222 2415 daun
248 2384 331 2416 auch
353 2384 453 2416 durch
474 2385 684 2427 „obgleich“
705 2385 804 2418 iiber-

135 2434 219 2461 setzt
236 2430 385 2461 werden.

179 2485 245 2506 ηοη
281 2486 365 2507 sane
404 2476 529 2517 „nicht
563 2476 751 2508 sonderlich
764 2479 802 2516 ⁶⁶,

137 2519 198 2550 wie
226 2520 279 2560 10,
300 2520 355 2552 22.

140 2609 145 2614 .
180 2574 300 2614 verum
332 2576 392 2596 vor
425 2566 621 2598 dicentibus
663 2566 707 2597 ist
740 2565 804 2597 Ad-

132 2613 254 2649 jectiv.

921 1799 957 1828 in
976 1799 1060 1828 sinu
1076 1796 1269 1839 gaudeant.
1306 1794 1547 1837 Urspriinglich

875 1843 921 1873 ist
935 1842 995 1874 der
1007 1845 1104 1873 sinus
1121 1845 1226 1883 togae
1244 1841 1403 1882 gemeint,
1421 1840 1453 1871 in
1469 1840 1549 1871 wel-

876 1888 968 1919 chem
995 1888 1054 1919 der
1080 1886 1202 1918 Romer
1228 1885 1330 1918 Mund
1358 1886 1424 1917 und
1452 1885 1546 1917 Hand

874 1933 1061 1973 verbergen
1074 1932 1211 1964 konnte.
1225 1931 1434 1973 Vgl.jedoch
1447 1930 1543 1971 Prop.

875 1977 914 2010 ΙΙ.
931 1979 988 2019 25,
1002 1979 1064 2010 30:
1084 1979 1122 2010 In
1142 1980 1254 2010 tacito
1274 1978 1395 2009 cohibe
1409 1976 1546 2019 gaudia

876 2024 998 2056 clausa
1016 2027 1108 2056 sinu.

920 2089 989 2126 22.
1011 2092 1066 2123 52.
1091 2090 1385 2134 Cyrenaicorum,
1408 2088 1498 2121 s.11.
1513 2089 1546 2127 6,

877 2137 917 2168 15
943 2147 985 2168 zu
1002 2137 1227 2179 Aristippus,
1248 2135 1315 2166 und
1332 2135 1392 2166 ΙΙΙ.
1415 2135 1469 2175 13,
1490 2134 1547 2165 28.

922 2204 1164 2246 Chrysippus,
1201 2203 1359 2243 Stoiker3
1397 2212 1423 2233 s.
1452 2212 1490 2232 zu
1521 2200 1545 2232 1.

874 2249 1028 2290 45,108.
1068 2249 1127 2281 Die
1147 2249 1220 2280 hier
1239 2248 1404 2289 gemeinte
1422 2246 1548 2278 Schrift

875 2294 985 2326 hiess:
1028 2294 1113 2347 περὶ
1148 2290 1302 2337 ἀγαθῶν
1332 2292 1393 2325 καὶ
1426 2291 1548 2324 κακῶν

875 2335 1071 2382 εἵσαγωγή.

911 2408 1040 2450 ferire.
1052 2405 1414 2439 DerselbeAusdruck:
1426 2404 1482 2443 23,
1491 2404 1543 2434 55.

921 2484 1029 2517 quum.
1046 2492 1091 2497 —-
1107 2474 1305 2506 consideres
1322 2488 1367 2499 =
1384 2473 1417 2503 si
1433 2472 1546 2502 oonsi-

876 2519 1012 2559 der-es,
1033 2520 1137 2551 daher
1154 2520 1214 2551 der
1229 2518 1327 2560 Conj.
1359 2517 1400 2549 So
1419 2516 1458 2547 de
1477 2515 1543 2555 leg.

874 2564 915 2596 Il.
939 2565 969 2606 1,
990 2565 1030 2596 2:
1062 2568 1139 2606 quis
1157 2575 1238 2605 non,
1260 2573 1365 2606 quum
1385 2563 1469 2593 liaeo
1496 2563 1547 2591 vz'-

877 2610 972 2650 deat,
994 2613 1153 2642 irm'sem't
1167 2612 1181 2641 ?

1568 976 1609 1006 52

1568 1650 1610 1682 53
