1684 2819
170 161 248 201 180
630 160 686 191 DE
711 159 893 193 NATURA
918 160 1100 194 DEORUM

169 273 412 313 quorumque
435 261 624 307 siderum,
651 272 884 311 quamquam
911 261 1025 299 etiam
1052 262 1099 300 ad
1126 262 1269 302 mundi
1290 264 1575 304 cohaerentiam

166 317 376 369 pertinent,
405 322 535 355 tamen
564 322 600 355 et
626 316 890 367 spectaculum
917 317 1140 357 hominibus
1161 319 1365 369 praebent,
1393 320 1493 359 nulla
1515 326 1575 360 est

167 374 269 412 enim
291 372 544 412 insatiabilior
566 372 733 423 species,
760 373 862 411 nulla
885 373 1083 423 pulchrior
1102 380 1139 412 et
1158 376 1203 413 ad
1225 375 1413 414 rationem
1436 377 1572 416 soller-

166 430 335 479 tiamque
362 429 639 479 praestantior,
673 441 808 467 eorum
838 429 940 467 enim
968 441 1105 467 cursus
1133 430 1305 470 dimetati
1332 433 1573 472 maturitates

167 492 387 536 temporum
410 490 442 523 el
467 485 665 524 varietates
688 485 996 536 mutationesque
1018 486 1282 535 cognovimus.
1323 488 1428 534 Quae
1451 489 1483 528 si
1499 490 1574 528 ho-

169 541 337 579 minibus
361 541 453 579 solis
475 547 564 580 nota
588 547 696 588 sunt,
718 541 920 580 hominum
944 554 1077 580 caussa
1101 543 1196 580 facta
1219 555 1305 581 esse
1326 543 1573 584 iudicandum

169 602 238 635 cst.
280 597 397 635 Terra
425 610 514 636 vero
543 600 614 636 feta
643 598 816 648 frugibus
846 603 881 636 et
904 597 1007 636 vario
1029 598 1266 647 leguminum
1290 611 1448 648 genere,
1478 614 1574 651 quae

169 666 256 692 cum
286 653 451 692 maxima
481 654 651 705 largitate
673 655 813 700 fundit,
843 667 884 693 ea
908 656 1124 693 ferarumne
1145 667 1192 693 an
1215 655 1416 693 hominum
1441 668 1575 695 caussa

167 710 322 760 gignere
357 709 535 748 videtur?
582 710 680 757 Quid
719 712 765 749 de
800 711 940 750 vitibus
970 710 1194 761 olivetisque
1222 709 1374 749 dicam?
1412 724 1575 762 quarum

168 765 351 804 uberrimi
373 766 645 818 laetissimique
674 769 818 806 fructus
841 767 934 806 nihil
957 767 1117 805 omnino
1139 767 1185 805 ad
1208 766 1349 806 bestias
1371 767 1574 818 pertinent.

167 822 300 872 Neque
334 822 435 860 enim
466 824 618 862 serendi
646 836 771 875 neque
800 824 969 868 colendi,
1005 836 1076 862 nec
1105 824 1329 874 tempestive
1358 824 1576 863 demetendi

168 878 482 929 percipiendique
515 881 680 925 fructus,
705 892 827 930 neque
850 880 1041 919 condendi
1063 893 1107 918 ac
1127 880 1338 930 reponendi
1362 880 1433 918 ulla
1456 893 1574 931 pecu—

76 604 139 637 156

167 935 259 973 dum
281 934 439 973 scientia
461 942 532 980 est,
554 948 762 986 earumque
784 937 957 974 omnium
982 948 1110 974 rerum
1134 936 1335 974 hominum
1354 942 1411 974 est
1427 942 1463 974 et
1479 949 1574 975 usus

87 988 140 1027 63
167 996 203 1028 et
230 1003 331 1028 cura.
375 991 424 1029 Ut
452 991 545 1029 fides
574 992 689 1041 igitur
715 998 751 1030 et
777 993 887 1030 tibias
917 1004 1051 1029 eorum
1075 1004 1210 1030 caussa
1233 994 1348 1030 factas
1371 992 1575 1031 dicendum

74 1050 135 1082 157
167 1052 243 1091 est,
273 1046 337 1096 qui
359 1046 430 1084 illis
453 1046 505 1084 uti
528 1053 706 1097 possent,
736 1048 792 1086 sic
813 1061 873 1092 ea,
897 1060 991 1097 quae
1014 1047 1106 1091 dixi,
1129 1047 1174 1085 iis
1197 1047 1290 1085 solis
1313 1049 1575 1086 confitendum

166 1107 223 1140 est
244 1114 328 1140 esse
350 1109 497 1152 parata,
520 1103 584 1152 qui
606 1109 788 1149 utuntur,
810 1115 881 1141 nec
902 1103 933 1141 si
956 1115 1052 1153 quae
1074 1102 1217 1141 bestiae
1241 1105 1415 1142 furantur
1435 1103 1575 1154 aliquid

167 1171 211 1196 ex
234 1158 280 1196 iis
303 1165 366 1196 aut
395 1159 569 1208 rapiunt,
598 1159 749 1197 illarum
774 1172 928 1209 quoque
950 1171 1084 1197 caussa
1107 1172 1148 1197 ea
1171 1164 1256 1197 nata
1280 1172 1365 1197 esse
1386 1159 1572 1198 dicemus.

166 1214 297 1265 Neque
319 1213 421 1251 enim
443 1214 622 1252 homines
646 1215 815 1254 murium
837 1221 901 1254 aut
918 1215 1167 1253 formicarum
1185 1227 1319 1253 caussa
1338 1216 1574 1254 frumentum

215 1359 287 1390 155.
317 1359 362 1390 ad
377 1360 496 1391 mundi
511 1361 771 1391 cohaerentiam.
798 1360 830 1391 S.

166 1415 207 1435 zu
225 1415 251 1435 c.
269 1403 329 1444 32,
349 1404 402 1435 52.
419 1423 464 1427 —
483 1407 592 1436 tamen
612 1408 644 1436 et
659 1408 833 1448 spectacu-

165 1449 233 1481 lum
251 1468 295 1471 —
318 1450 408 1480 stelit
430 1450 517 1480 wohl
542 1451 631 1481 nicht
655 1450 708 1481 liir
731 1451 832 1481 etiam

164 1497 285 1538 spec-L,
310 1494 453 1525 sondern
471 1495 586 1526 deutet
602 1505 659 1534 au,
684 1496 761 1526 dass
779 1495 834 1526 Ci-

165 1550 242 1571 cero
262 1539 342 1569 noch
367 1539 420 1569 eiu
438 1538 586 1571 Zweites
612 1539 692 1571 habe
710 1550 834 1580 gegen-

165 1584 369 1616 iiberstellen
403 1584 542 1623 wollen,
583 1594 652 1615 was
686 1595 724 1616 er
754 1585 835 1616 aber

165 1630 309 1661 nachher
325 1639 507 1669 vei-gessen
533 1630 614 1660 oder
632 1630 834 1670 wcnigstens

166 1675 255 1706 nicht
278 1674 308 1704 in
339 1674 398 1705 der
426 1675 710 1716 entsprecbenden
735 1675 835 1706 Form

165 1719 366 1760 angebracht
399 1719 463 1750 hat.
529 1719 576 1750 Er
611 1720 699 1751 biitte
733 1730 834 1759 sagen

165 1765 310 1796 konnen:
335 1767 366 1794 el
383 1774 543 1805 magnam
561 1765 734 1797 homiuum
750 1767 837 1797 vitae

165 1810 345 1841 ulz'lz'lalem
379 1811 555 1849 afferunt:
597 1820 715 1841 eorum.
748 1812 836 1841 euim

167 1865 288 1886 cursus
327 1852 481 1884 dlnmlali
512 1857 571 1885 etc.
634 1855 725 1886 .letzt
757 1855 837 1886 aber

167 1900 322 1931 schliesst
352 1898 418 1928 sich
449 1898 560 1929 dieser
589 1899 730 1930 letztere
756 1900 835 1930 Satz

167 1945 267 1975 durch
287 1944 373 1975 enim
391 1942 441 1973 als
462 1943 561 1981 Beleg
578 1953 617 1973 an
637 1944 695 1974 das
714 1944 836 1974 vorber

166 1990 249 2020 iiber
265 1989 316 2020 die
341 1987 370 2017 in
389 1988 450 2018 den
471 1986 648 2019 Gestirnen
671 1989 834 2020 waltendc

166 2032 469 2074 Regelmassigkeit
486 2033 548 2063 und
566 2032 837 2073 Vcrniinftigkcit

168 2078 312 2118 Gesagte
331 2088 382 2110 an.
409 2077 498 2108 Dcnn
517 2078 608 2108 ‹liese
626 2078 707 2109 eben
728 2079 782 2110 bat
799 2089 835 2109 es

166 2123 306 2163 miiglich
340 2122 506 2163 gmnacbt,
546 2123 622 2154 dass
655 2124 707 2154 die
743 2123 835 2155 Men-

166 2169 264 2199 schen
291 2169 370 2199 nach
395 2169 466 2199 dein
491 2167 577 2198 Laul'
596 2167 656 2199 der
679 2168 835 2200 (1115111111Δ

167 2214 219 2245 die
238 2213 313 2245 Zeit
331 2214 449 2252 riclitig
472 2212 636 2244 bvstinnnt
654 2214 718 2244 und
735 2213 835 2252 11111.ςο-

166 2268 296 2290 messcn
323 2258 436 2289 baben.
487 2257 546 2289 Die
572 2257 692 2290 Worte
715 2258 762 2289 acl
781 2269 836 2290 ra·

166 2306 287 2335 tionem
325 2303 576 2343 sollertiamque
605 2306 837 2346 praestantior·

169 2348 246 2379 (11111Ί
275 2359 346 2379 1111111
383 2349 470 2380 nicht
498 2348 598 2378 durch
634 2350 685 2379 cin
723 2350 836 2380 hinzu-

168 2393 402 2424 zudenkeudes
431 2393 635 2424 incitandam
669 2395 835 2434 ergiinzen

168 2438 307 2479 wollen,
330 2438 380 2469 als
405 2438 445 2469 ob
471 2448 532 2468 von
554 2438 760 2478 Erwerkung
777 2440 835 2470 des

167 2483 408 2514 Nachdenkens
437 2483 500 2514 und
529 2483 589 2514 der
618 2483 830 2524 Erlindungs-

168 2527 259 2560 kraft
275 2529 335 2559 der
349 2528 526 2559 llll-,nsclicn
545 2528 645 2559 dum-h
663 2529 716 2559 die
732 2529 835 2560 1111111)-

168 2573 311 2613 achtuug
323 2572 544 2605 dex-Gestirne
563 2574 615 2604 die
628 2572 718 2605 Rode.
733 2575 834 2606 ware.

907 1360 1097 1392 Praestaus
1125 1360 1170 1391 acl
1191 1359 1336 1401 aliquam
1360 1370 1433 1391 rem,
1455 1360 1574 1391 heisst:

906 1405 1236 1445 ausgezeicbnot
1299 1404 1576 1436 hinsichtlich

909 1450 1082 1489 (wegen)
1118 1450 1235 1480 einer
1267 1449 1411 1490 Sache,
1444 1449 1506 1480 wie
1535 1450 1575 1480 de

907 1494 1009 1534 Legg.
1029 1494 1071 1530 ll,
1093 1494 1147 1534 13,
1168 1494 1225 1525 33:
1257 1494 1365 1525 medlo
1389 1493 1435 1525 ad
1455 1496 1577 1526 verita-

907 1542 971 1570 tem
985 1539 1211 1571 admirabilia:
1229 1538 1504 1579 weissagungen‚
1520 1539 1576 1570 be-

907 1584 1216 1624 wundernswiirdig
1249 1584 1454 1615 hinsichtlich
1487 1584 1577 1615 ihrer

910 1628 1202 1669 Wahrbal'tigkeit.
1222 1639 1270 1670 pr.
1289 1628 1420 1660 Fontei.
1442 1628 1497 1660 15:
1526 1631 1577 1660 vir

907 1674 952 1706 ad
968 1684 1066 1706 usum
1085 1677 1119 1705 et
1133 1673 1341 1717 disczplmam
1365 1676 1509 1717 peritus,
1532 1673 1580 1706 ad

908 1729 1021 1751 casum
1029 1720 1280 1760 fortunamque
1292 1718 1400 1760 felem.-
1418 1719 1576 1750 hinsicht-

908 1764 969 1796 lich
1000 1765 1111 1795 seiner
1140 1764 1275 1804 Uebuug
1302 1764 1366 1795 und
1395 1762 1576 1796 Hen‘ntniss

907 1810 959 1840 ein
979 1810 1190 1847 erl'abrener,
1209 1809 1414 1841 hinsichtlicli
1431 1809 1490 1840 des
1507 1807 1575 1840 Zu-

908 1854 1005 1885 l'alles
1029 1854 1093 1885 und
1117 1855 1177 1886 der
1202 1853 1341 1894 Fiigung
1363 1854 1414 1885 ein
1432 1853 1575 1893 gliickli-

909 1899 987 1929 cher
1011 1898 1120 1930 Manu.
1143 1917 1187 1921 —
1217 1898 1325 1931 Ueber
1349 1898 1575 1930 insatiabilior

908 1953 935 1974 s.
954 1954 995 1974 zu
1012 1953 1038 1974 c.
1057 1944 1110 1982 39,
1129 1943 1182 1974 98.

957 2032 1028 2064 156.
1070 2034 1164 2065 vat-io
1196 2033 1403 2075 leguminum
1438 2042 1575 2074 genere.

910 2078 1076 2109 Daruntor
1104 2078 1176 2109 sind
1207 2078 1388 2110 besonders
1419 2079 1470 2110 die
1497 2078 1577 2109 11111-

909 2123 1100 2154 senfriiclite
1118 2134 1159 2154 zu
1175 2124 1368 2161 verstehen3
1388 2124 1468 2155 doch
1488 2123 1576 2155 nicht

909 2168 1002 2199 diese
1020 2169 1304 2209 ausscbliesslicli,
1329 2169 1470 2200 sondern
1495 2168 1575 2200 nach

908 2213 1016 2244 Varro
1037 2213 1071 2244 R.
1092 2213 1128 2245 R.
1149 2213 1170 2250 1,
1189 2213 1247 2251 23,
1266 2214 1284 2244 2
1301 2214 1384 2251 alle,
1409 2224 1494 2255 quae
1509 2213 1575 2245 vel-

909 2259 1027 2290 luntur
1048 2270 1065 2290 e
1089 2262 1200 2296 terra,
1234 2269 1300 2290 uon
1329 2260 1576 2294 subsecantum

909 2315 993 2345 quae
1015 2304 1103 2345 quod
1122 2307 1172 2336 ila
1197 2304 1370 2346 leguntur,
1402 2304 1577 2345 Iegmm'na

908 2349 1016 2387 dicta,
1046 2360 1076 2380 u.
1101 2348 1160 2388 32,
1185 2348 1220 2379 2:
1254 2349 1344 2381 dic-la
1373 2359 1395 2379 (ι
1421 2347 1574 2389 legendo.

908 2394 999 2435 quod
1021 2404 1061 2425 aa
1082 2405 1147 2425 uon
1172 2396 1332 2425 secantur
1353 2393 1416 2424 sed
1429 2392 1574 2424 vellendo

907 2439 1077 2479 leguntur.
1112 2437 1381 2481 (ἕηχίδροποι,
1401 2437 1575 2480 χέδροπα

907 2484 959 2515 od.
971 2483 1168 2526 χέδροπα,
1185 2493 1254 2515 was
1273 2493 1343 2514 1111111
1361 2483 1411 2514 als
1426 2493 1575 2514 eorrum-

908 2529 973 2571 pirt
985 2527 1408 2573 ausls'pdponocansieht,
1420 2529 1576 2571 νὀοχείρ

909 2585 940 2605 11.
958 2573 1049 2616 ὃρείι
1057 2585 1095 2605 ω.
