1684 2819
552 163 715 197 LIBER
735 165 774 197 v.
794 166 827 206 9,
848 166 902 198 26.
925 165 979 198 27.
1032 166 1086 207 10,
1108 166 1163 198 253.

150 165 231 204 224

148 279 305 319 domina
336 292 468 318 rerum
498 277 550 317 sit
578 284 618 316 et
646 285 902 319 externarum
938 286 977 319 et
1005 280 1050 320 ad
1083 293 1222 334 corpus
1257 279 1551 333 pertinentium,

148 350 270 389 quam
285 334 492 375 consilium
515 333 680 373 valere?

258 391 317 431 An
342 391 533 430 malumus
556 389 768 442 Epicurum
791 389 965 430 imitari?
986 392 1051 444 qui
1073 392 1193 432 multa
1215 392 1415 446 praeclare.
1438 405 1553 446 saepe

147 447 263 497 dicit·
300 460 413 499 quam
435 446 540 486 enim
566 445 638 485 sihi
671 452 901 486 constanter
929 448 1287 501 convenienterque
1316 449 1440 497 dicat,
1476 462 1552 488 non

147 504 316 543 laborat.
350 503 505 543 Laudat
526 509 683 543 tenuem
706 502 869 543 victum.
904 502 1129 566 Philosophi
1154 504 1191 543 id
1214 505 1393 556 quidem·
1384 535 1394 553 ,
1430 505 1497 545 sed
1521 505 1553 544 si

148 559 333 599 Socrates
356 565 423 598 aut
442 558 699 599 Antisthenes
723 559 893 608 diceret,
926 573 1004 599 non
1027 559 1084 609 is,
1121 560 1186 612 qui
1214 560 1329 600 finem
1362 560 1553 601 bonorum

145 616 384 680 voluptatem
417 629 505 656 esse
533 615 694 656 dixerit.
727 615 855 669 Negat
886 628 1117 680 quemquam
1150 616 1317 656 iucunde
1348 630 1463 669 posse
1495 617 1554 656 vi-

145 685 265 721 vere,
299 672 375 712 nisi
397 672 497 712 idem
521 673 710 721 honeste,
746 672 946 726 sapienter
966 673 1145 725 iusteque
1166 673 1232 713 viv
1237 679 1291 712 at.
1335 672 1442 712 Nihil
1464 687 1553 726 gra-

145 729 256 778 vius,
292 728 388 769 nihil
420 729 665 783 philosophia
687 729 864 782 dignius,
898 729 974 769 nisi
997 728 1098 769 idem
1123 729 1227 768 hoc
1218 743 1344 783 ipsunt
1368 729 1549 777 honeste,

143 785 359 839 sapienter,
390 786 493 825 iuste
524 785 572 826 ad
602 786 841 839 voluptatem
875 787 1058 826 referret.
1104 785 1203 836 Quid
1232 786 1384 833 melius}
1418 799 1548 838 quam,

143 842 338 882 fortunam
361 842 544 895 exiguam
567 842 813 882 intervenire
836 842 1033 895 sapienti?
1056 842 1124 881 sed
1148 843 1219 882 hoc
1237 842 1322 882 isne
1341 841 1446 890 dicit,
1468 842 1548 894 qui,

144 912 259 951 quum
283 899 458 939 dolorem
482 913 561 938 non
583 899 698 939 modo
722 899 938 939 niaximum
960 898 1128 945 malum,
1163 899 1231 938 sed
1259 899 1384 938 solum
1408 898 1550 938 malum

141 954 258 995 etiam
282 955 453 1004 dixerit,
489 961 570 995 toto
600 968 764 1008 corpore
787 955 952 1008 opprimi
975 955 1098 1008 possit
1123 955 1323 994 doloribus
1346 954 1550 995 acerrimis

139 1017 247 1060 tum,
282 1026 398 1064 quum
431 1011 605 1050 maxime
637 1018 774 1051 contra
804 1012 1002 1051 fortunam
1034 1011 1255 1065 glorietur?
1306 1010 1414 1061 Quod
1447 1011 1549 1051 idem

141 1068 371 1108 melioribus
395 1067 510 1108 etiam
533 1068 664 1108 verbis
685 1067 959 1107 Metrodorus:
988 1068 1194 1122 occupavi
1214 1073 1266 1115 te,
1291 1067 1550 1120 inquithsor-

142 1131 242 1165 tuna
266 1155 276 1174 ,
303 1131 426 1179 atque
447 1125 554 1178 cepi,
579 1138 793 1179 onmcsque
816 1123 954 1163 aditus
978 1130 1070 1164 tuos
1092 1124 1324 1173 interclusi,
1352 1130 1397 1162 ut
1418 1124 1549 1163 adme
1595 1166 1600 1170 ,

141 1180 363 1234 adspirare
384 1195 465 1220 non
481 1194 638 1234 posses.
674 1180 883 1220 Praeclare
899 1211 909 1229 ,
945 1180 978 1221 si
1000 1179 1134 1219 Aristo
1157 1179 1277 1219 Chius
1300 1187 1365 1220 aut
1389 1179 1421 1220 si
1446 1179 1549 1220 Stoi-

139 1250 208 1277 cus
229 1237 338 1276 Zeno
361 1237 523 1287 diceret,
549 1236 611 1289 qui
628 1267 638 1286 ,
663 1237 738 1277 nisi
762 1236 861 1289 quod
884 1243 996 1290 turpe
1019 1243 1148 1285 esset,
1184 1236 1278 1277 nihil
1311 1236 1453 1276 malum
1478 1236 1547 1276 du-

138 1300 259 1333 ceret.
304 1293 365 1333 Tu
394 1306 515 1342 vero,
552 1293 803 1343 Metrod0re‚
838 1293 903 1345 qui
933 1306 1047 1333 omne
1079 1293 1223 1333 bonum
1255 1293 1295 1332 in
1327 1292 1548 1333 visceribus

137 1349 394 1402 medullisque
416 1349 637 1389 condideris
660 1357 697 1389 et
722 1349 935 1399 definieris,
956 1364 1148 1390 summum
1170 1349 1313 1389 bonum
1332 1350 1442 1389 firma
1461 1363 1548 1389 cor-

137 1406 245 1459 poris
268 1406 473 1446 affectione
495 1406 778 1459 explorataque
795 1405 880 1446 eius
899 1420 968 1459 spe
990 1405 1200 1455 contineri,
1222 1407 1402 1446 fortunae
1417 1406 1546 1445 aditus

136 1462 426 1503 interclusisti?
451 1462 535 1513 Quo
559 1463 700 1502 modo?
726 1463 804 1503 Isto
827 1463 929 1502 enim
953 1462 1055 1502 hono
1078 1463 1153 1502 iam
1177 1462 1393 1516 exspoliari
1416 1469 1541 1516 potes.

81 398 123 431 26

75 1017 116 1049 27

68 1541 125 1585 10
252 1539 368 1594 Atqui
391 1540 450 1581 his
474 1541 681 1594 capiuntur
702 1541 873 1594 imperiti
896 1548 934 1581 et
955 1548 1116 1595 propter
1137 1541 1357 1581 huiusmodi
1386 1548 1545 1580 senten-

70 1606 112 1637 28
134 1599 208 1638 tias
230 1598 395 1638 istorum
418 1597 619 1637 hominum
648 1604 707 1638 est
737 1597 959 1638 multitudo.
993 1597 1120 1638 Acute
1151 1604 1280 1637 autem
1312 1597 1545 1651 disputantis

133 1654 228 1694 illud
252 1662 327 1704 est,
354 1668 431 1694 non
456 1653 547 1707 quid
570 1654 734 1707 quisque
757 1654 874 1702 dicat,
900 1655 969 1695 sed
986 1654 1075 1707 quid
1094 1654 1233 1707 cuique
1252 1653 1456 1694 dicendum
1476 1654 1540 1703 sit,

134 1711 287 1751 videre.
326 1710 444 1752 Velut
473 1710 512 1750 in
536 1724 580 1750 ea
602 1711 685 1764 ipsa
708 1711 930 1761 sententia,
965 1725 1077 1764 quam
1109 1712 1149 1751 in
1183 1711 1252 1751 hac.
1283 1710 1543 1763 disputatione
1598 1759 1602 1762 .

176 1841 231 1871 20.
268 1840 457 1879 Socrates,
494 1841 615 1873 dessen
644 1840 799 1872 cinfache
913 1850 1048 1883 posses,
1070 1850 1095 1871 s.
1118 1839 1144 1871 Ι.
1165 1840 1191 1879 l,
1210 1840 1222 1870 1
1246 1850 1286 1870 zu
1302 1842 1540 1881 perfluet-ent.

129 1886 366 1917 Lebensweise
392 1885 591 1917 allbekannt
616 1887 672 1917 ist.
917 1887 1040 1917 Aristo
1062 1886 1183 1923 Chius,
1213 1895 1240 1915 s.
1263 1884 1302 1916 ΙΙ.
1324 1886 1354 1923 ti,
1380 1885 1420 1916 15

174 1931 423 1968 Antisthenes,
446 1930 587 1962 Schiiler
605 1931 661 1962 des
681 1931 801 1962 Socra-
916 1934 979 1972 qui
996 1948 1038 1953 -—
1059 1930 1258 1961 condideris
1284 1935 1364 1967 etc„
1393 1941 1419 1961 s.
1441 1940 1481 1960 zu
1499 1929 1538 1961 ll.

130 1980 194 2015 tes,
216 1975 337 2007 Stifter
354 1976 414 2007 dei
431 1976 612 2018 Qnischen
632 1975 766 2007 Schule.
871 1977 903 2016 οἱ,
930 1976 983 2006 17.

172 2020 291 2073 thvl
306 2026 370 2052 etc.
388 2020 479 2052 Nach
495 2021 644 2061 Diug.1.
655 2020 698 2051 Χ.
718 2022 796 2051 Ηυι
916 2023 987 2052 eius
1004 2031 1063 2056 vor
1076 2032 1135 2062 spe
1156 2020 1239 2051 fehlt
1259 2021 1290 2051 in
1308 2020 1368 2051 (len
1383 2019 1538 2057 Hdsch1·.;

133 2062 206 2099 Οὐκ
241 2065 340 2099 ὲσῑιι
374 2064 487 2107 ἡδέως
522 2067 581 2106 ζῆι
615 2061 700 2098 ἂιει
738 2066 799 2097 τοῦ
870 2066 929 2097 der
947 2065 1026 2097 Sinn
1047 2065 1128 2097 aber
1154 2066 1320 2096 erl'ordert
1350 2065 1447 2097 einen
1476 2065 1542 2097 sol-

130 2113 320 2165 φρονίμως
337 2112 398 2143 καὶ
415 2112 533 2148 καλῶς
549 2123 607 2143 και
629 2108 797 2147 ὃικαι(ι·)ς
870 2112 951 2142 chen
971 2111 1109 2142 Zusatz.
1139 2110 1213 2151 x'gl.
1244 2112 1283 2142 (le
1313 2111 1368 2141 on'.
1397 2110 1453 2142 ΙΙΙ.
1483 2112 1538 2151 33,

128 2154 211 2189 ουδὲ
231 2159 422 2210 ([οονίμως
438 2157 500 2188 καὶ
518 2157 635 2194 καλῶς
659 2157 716 2188 καὶ
744 2152 800 2188 δι·
873 2157 955 2187 117:
993 2159 1067 2188 vila
1104 2159 1215 2188 omnis
1247 2157 1348 2188 beata
1379 2159 1539 2198 corpor-1¹5

128 2214 241 2239 καιως
264 2190 354 2235 α’ἰευ
380 2203 443 2234 τοῦ
467 2199 592 2243 ἡδεως.

163 2249 234 2290 sor
239 2252 359 2279 tunam
372 2267 414 2271 —-
423 2250 599 2290 .5·c1pz''.·on!1
618 2247 723 2285 „dass
738 2247 798 2278 das

128 2292 235 2324 Gliick
252 2294 312 2324 aus
323 2294 383 2325 den
393 2292 436 2325 w
441 2294 532 2324 eison
548 2304 611 2324 von
628 2293 798 2333 geringem

128 2338 272 2370 Einssuss
306 2339 398 2370 sei“.
443 2338 542 2378 Diog.
577 2338 615 2369 L.
638 2338 680 2369 X.
715 2339 796 2368 144:

125 2386 279 2428 βραχεῖα
298 2383 402 2426 σοφῷ
418 2379 506 2425 τύχη
524 2384 795 2426 παρεμπίπτει.

173 2430 229 2460 27.
256 2429 496 2468 Metrodorus,
526 2440 553 2459 5.
575 2440 613 2460 7u
634 2428 673 2460 ΙΙ
698 2430 728 2460 3
751 2429 782 2460 8,

175 2474 352 2516 occupat-z·
375 2479 441 2506 etc.
477 2473 567 2505 Naeh
596 2473 681 2505 Plut.
711 2474 795 2516 περὶ

127 2516 307 2564 εὐθιμίας
321 2519 794 2572 p.17‹3:11902affl‘.)1211-

125 2566 198 2615 μαί
222 2574 272 2603 σε,
305 2577 332 2596 ω
361 2561 460 2607 τύχη,
489 2565 550 2596 καὶ
577 2566 702 2595 πᾶσαι
735 2562 795 2604 νὴ]

128 2607 193 2649 σὴν
218 2622 265 2652 llll
277 2622 408 2655 ῃθηίλίίί
438 2608 620 2653 ssaoklfftfl
617 2619 692 2641 σ-ΙΙ

858 2204 974 2242 firma
1032 2204 1289 2234 constitutione
1346 2204 1540 2243 eiusque

869 2258 972 2279 cons
985 2251 999 2278 t
1012 2250 1192 2279 {tutiori
1206 2249 1241 2279 is
1267 2258 1327 2289 spe
1345 2247 1538 2289 eaeplorala

867 2294 925 2333 (111⁴
957 2303 977 2324 α
1012 2293 1221 2325 Metrodoro
1261 2295 1433 2334 ser-[ptum
1470 2293 1536 2331 est)

868 2341 1085 2370 continetur.
1107 2338 1198 2370 Auch
1219 2338 1259 2369 im
1274 2336 1406 2369 Griech.
1430 2341 1473 2376 (s.
1496 2347 1536 2367 zu

868 2383 910 2414 ll.
940 2384 970 2422 6,
996 2384 1050 2423 17)
1077 2383 1187 2415 steht:
1225 2380 1262 2414 τὸ
1292 2383 1399 2425 περὶ
1431 2379 1536 2414 ταύ-

869 2440 885 2460 T
899 2441 915 2469 η
929 2441 944 2465 ς
971 2427 1105 2461 πιστὸν
1125 2428 1298 2468 ἔλπισμα.

911 2478 978 2505 ιάηι
1001 2474 1150 2512 „sosort,
1165 2472 1532 2515 jcdenAugenblick‘·.

910 2516 973 2554 10.
1005 2521 1058 2551 25.
1089 2522 1239 2551 istorum
1262 2518 1453 2553 hominum}
1476 2518 1536 2549 der

865 2563 1060 2607 Epicureer.

912 2610 1028 2649 ''elmss
1051 2611 1112 2641 wie
1132 2611 1163 2641 5.
1188 2610 1238 2641 13.
