1684 2819
666 195 937 228 LlBERll.2
971 196 990 227 6
1498 195 1549 233 77

115 311 176 392 >et
197 311 428 366 perferant
417 325 459 351 1n
481 311 583 351 hanc
605 311 757 361 urbem,
784 311 884 352 sicut
905 311 1077 364 reliquas
1100 322 1250 358 omnes,
1272 321 1370 374 quae
1393 308 1547 362 quidem

138 375 252 409 erant
285 368 549 422 expetendae,
583 368 712 408 studio
744 375 862 421 atque
892 367 1087 408 industria
1122 380 1193 407 sua
1223 366 1391 406 maiores
1421 366 1550 406 nostri

139 424 441 465 transtulerunt.
485 423 612 478 Atque
635 433 836 465 oratorum
860 424 1013 478 quidem
1045 423 1130 464 laus
1161 424 1231 472 ita,
1257 423 1372 463 ducta
1401 422 1448 462 ab
1480 421 1549 462 hu-

137 481 236 531 mili,
261 481 370 521 venit
391 481 438 520 ad
461 495 671 531 summum,
708 489 749 521 ut
777 481 870 532 iam,
903 481 1004 534 quod
1037 487 1179 520 natura
1200 480 1276 520 fert
1304 479 1345 519 in
1369 478 1549 520 omnibus

136 539 219 578 fere
249 537 383 587 rebuS,
410 545 592 578 senescat
622 538 812 591 brevique
844 545 1018 591 tempore
1041 537 1088 576 ad
1109 537 1273 577 nihilum
1295 542 1464 577 ventura
1487 535 1547 576 vi-

138 595 292 635 deatur.
345 594 596 649 Philosophia
629 602 815 635 nascetur
846 593 1000 633 Latinis
1043 594 1199 646 quidem
1230 593 1372 633 litteris
1405 607 1458 633 ex
1487 592 1549 634 his

138 651 393 714 temporibus,
420 665 582 704 eamque
603 665 676 691 nos
699 651 930 691 adiuvemus
954 663 1104 702 nosque
1134 649 1242 703 ipsos
1274 649 1458 703 redargui
1486 663 1551 689 re-

138 708 295 761 fellique
315 708 520 761 patiamur.
549 707 703 764 Quod
684 707 717 747 si
737 707 764 747 ii
786 708 915 747 ferunt
932 707 1062 746 animo
1078 706 1227 758 iniquo,
1245 706 1309 758 qui
1326 707 1445 746 ce1tis
1467 705 1551 758 qui-

1556 694 1602 719 ‘5⁴2
1615 701 1684 717 *¹¹¹1*ae-

138 764 299 805 busdam
323 759 624 827 destinatisque
630 750 838 804 sententiis
862 763 973 816 quasi
995 762 1139 802 addicti
1160 770 1198 801 et
1215 763 1438 802 consecrati
1460 769 1572 810 sunt3
1659 756 1663 797 Ϊ

140 834 261 872 eaque
293 820 527 860 necessitate
560 820 780 869 constricti,
814 827 856 859 ut
887 820 1021 869 etiam,
1047 833 1146 871 quae
1178 833 1258 859 non
1286 820 1454 873 probare
1486 832 1550 858 so-

138 877 260 926 leant,
286 890 332 916 ea
354 883 546 930 cogantur
569 877 815 917 constantiae
838 890 979 917 caussa
1002 851 1234 916 defendere:
1272 889 1359 924 nos,
1392 875 1456 928 qui
1488 888 1550 914 se-

137 933 293 985 quimur
315 934 528 987 probabilia
551 947 623 974 nec
644 935 745 974 ultra
768 933 822 983 id,
850 934 950 986 quod
972 933 1058 973 veri
1083 933 1208 973 simile
1241 932 1429 981 occurrit,
1463 946 1552 985 pro-

137 990 248 1041 gredi
279 1004 501 1044 possumus,
528 998 565 1030 et
588 991 770 1031 refellere
792 991 875 1031 sine
899 989 1115 1044 pertinacia
1139 997 1176 1029 et
1198 989 1327 1029 refelli
1359 988 1445 1028 sine
1474 989 1552 1028 ira-

137 1045 279 1086 cundia
300 1046 428 1100 parati
456 1049 604 1088 sumus.

255 1102 403 1163 Quodsi
435 1103 531 1144 haec
563 1104 692 1144 studia
714 1104 892 1143 traducta
916 1110 1033 1143 erunt
1053 1103 1101 1142 ad
1123 1109 1299 1151 nostros,
1335 1116 1384 1142 ne
1414 1102 1552 1141 biblio·
1570 1110 1589 1141 6

141 1159 447 1212 thecis“quidem
473 1160 634 1201 Graecis
666 1160 890 1213 egebimus,
921 1160 962 1199 in
993 1159 1131 1212 quibus
1162 1159 1370 1198 multitudo
1401 1158 1551 1198 infinita

138 1215 328 1256 librorum
353 1224 511 1270 propter
533 1230 668 1257 eorum
692 1224 751 1257 est
774 1217 1078 1265 multitudinem,
1105 1216 1167 1268 qui
1192 1216 1461 1269 scripserunt,
1487 1229 1550 1254 ea-

138 1272 225 1312 dem
248 1273 350 1312 enim
374 1273 556 1314 dicuntur
577 1288 598 1314 a
620 1273 776 1324 multis,
813 1287 865 1313 ex
888 1287 962 1326 quo
987 1272 1096 1313 libris
1127 1273 1258 1312 onmia
1287 1273 1547 1312 referserunt.

139 1328 250 1379 Quod
274 1330 423 1369 accidet
445 1330 561 1370 etiam
584 1331 747 1379 nostris,
783 1330 816 1370 si
849 1331 895 1370 ad
927 1330 1021 1370 haec
1043 1330 1169 1370 studia
1192 1330 1322 1383 plures
1347 1328 1552 1369 confluxe-

185 1491 215 1522 5.
243 1501 332 1533 quae
354 1509 391 1513 —
413 1490 645 1532 expetendae.
676 1490 812 1522 Ciceros

139 1537 368 1576 gewb'hnliche
382 1536 674 1577 Entschuldigung
693 1536 747 1567 fiir
760 1536 812 1566 die

140 1582 338 1622 geringeren
353 1582 556 1622 Leistungen
573 1582 633 1612 der
643 1581 764 1612 Riimer
781 1582 811 1611 in

140 1625 249 1658 Hunst
260 1626 596 1658 undXVissenschaft.
609 1626 678 1666 vgl.
696 1626 719 1657 1.
736 1627 765 1665 1,
782 1627 811 1656 1.

187 1684 229 1715 ab
250 1684 391 1722 humili,
406 1683 657 1723 substantivirt,
673 1683 736 1714 wie
756 1683 815 1713 das

143 1728 222 1769 folg.
241 1729 288 1760 acl
305 1739 494 1759 szttmnum.
508 1727 586 1768 vgt.
602 1727 812 1769 Nitgelshach

141 1775 174 1806 2.
192 1774 228 1805 Α.
253 1773 287 1805 S.
304 1774 358 1804 70.

186 1831 234 1862 ad
250 1830 400 1861 nihilum
422 1831 580 1861 ventura.
603 1829 665 1861 Mit
684 1830 812 1871 (161·ρο-

140 1876 295 1907 litischen
314 1874 465 1906 Freiheit
491 1875 575 1906 sank
595 1876 626 1906 in
647 1875 707 1907 der
725 1874 813 1906 Thai

141 1922 218 1997 (siclin
244 1920 318 1952 bald
351 1921 434 1952 auch
463 1920 515 1952 die
543 1920 813 1952 Beredtsamkeit

165 1977 181 1998 a
210 1977 256 1997 111.

148 2039 159 2041 -
185 2023 417 2064 Philosophia
433 2026 602 2054 nascetur.
625 2021 692 2053 Das
706 2022 813 2065 Asyn-

140 2068 239 2100 delon
267 2068 352 2099 liisst
380 2069 441 2099 den
462 2068 652 2108 Gegensatz
680 2068 814 2099 starker

141 2114 396 2154 hervortreten,
424 2114 473 2145 als
499 2124 534 2145 es
561 2114 635 2145 eine
662 2113 813 2145 Partikel

140 2160 222 2191 thun
238 2159 367 2191 wiirde.
387 2178 432 2181 —
460 2158 522 2190 Die
542 2159 685 2190 Hdschr.
706 2159 813 2190 haben

140 2208 322 2244 nascatur,
350 2205 508 2245 welches,
537 2205 586 2235 als
613 2204 815 2236 selbststan-

141 2250 238 2290 diger
254 2249 352 2291 Conj.
370 2250 491 2282 hortat.
513 2250 591 2291 (wie
611 2250 814 2281 adiuvemus

140 2306 173 2327 u.
191 2296 396 2337 patiamur)
416 2294 559 2336 gefasst,
590 2295 710 2327 keinen
738 2305 815 2337 pas-

141 2341 265 2372 senden
279 2339 468 2380 Gegensatz
483 2352 524 2372 zu
539 2341 611 2377 dem
628 2340 813 2372 factischen

141 2390 328 2418 oratorum
358 2387 437 2417 laus
463 2389 515 2417 ita
542 2389 639 2418 venit
658 2387 706 2418 ad
721 2397 815 2417 sam—

141 2442 238 2462 mum
254 2437 319 2463 etc.
336 2431 454 2471 bildet,
471 2432 554 2463 noch
569 2432 719 2473 weniger
733 2432 815 2463 aber

142 2486 206 2507 von
226 2477 299 2508 dem
317 2487 566 2518 vorangegang.
589 2481 631 2509 at
648 2477 815 2517 abh‘aingig

144 2531 185 2551 zu
210 2522 339 2553 denken
369 2523 423 2558 ist,
454 2523 495 2554 da
520 2523 581 2554 der
599 2522 730 2554 Verfall
756 2523 816 2553 der

146 2565 412 2599 Beredtsamkeit
435 2568 527 2599 nicht
544 2568 597 2600 die
616 2568 736 2599 Bliithe
755 2568 815 2599 der

146 2609 356 2654 Philosophie
398 2613 567 2645 bewirken
614 2613 701 2645 kann
747 2614 812 2644 und

147 2656 206 2687 der
219 2667 324 2697 ganze
338 2658 629 2700 Zusammenhang
647 2659 813 2690 ‹lurchaus

884 1491 980 1522 einen
1012 1490 1232 1521 selbststand.
1263 1488 1343 1520 Satz
1374 1488 1555 1520 erfordert.

885 1536 998 1567 Daher
1031 1536 1088 1567 des
1118 1535 1280 1576 Herausg.
1318 1535 1553 1565 Einendation.

884 1580 975 1621 (Vgt.
1006 1580 1061 1612 111.
1086 1581 1138 1619 17,
1161 1581 1201 1612 36
1229 1591 1269 1611 zu
1295 1583 1463 1622 patietur
1490 1580 1555 1611 und

883 1626 1034 1667 Tregder
1059 1626 1165 1667 praef.
1194 1637 1224 1667 p.
1246 1626 1321 1666 Xl.)
1340 1644 1385 1647 ——-
1414 1624 1477 1657 Mit
1504 1625 1557 1656 ln-

884 1672 957 1702 halt
969 1672 1034 1702 und
1046 1671 1223 1703 Ausdruck
1238 1671 1297 1702 der
1311 1681 1440 1712 ganzen
1451 1670 1555 1702 Stelle

883 1717 952 1756 vgl.
976 1716 1002 1747 1.
1026 1718 1057 1756 3,
1080 1718 1112 1747 5.

928 1773 1069 1814 quidem
1098 1773 1151 1804 bei
1172 1773 1313 1804 Latinis
1337 1773 1482 1812 litteris,
1514 1773 1556 1803 im

884 1818 1040 1849 Hinblick
1060 1818 1119 1849 aul*
1135 1819 1187 1849 die
1205 1819 1420 1849 vorhandene
1444 1818 1556 1850 reiehe

882 1864 1068 1906 philosoph.
1093 1863 1282 1895 Litteratur
1300 1865 1360 1895 der
1378 1862 1555 1895 Griechen.

930 1921 1077 1960 addicti,
1097 1921 1231 1960 eigentl.
1248 1932 1310 1952 von
1330 1921 1558 1960 zahlungsun-

885 1966 1020 2006 fiihigen
1040 1966 1262 2006 Schuldnern,
1292 1966 1344 1997 (lie
1372 1967 1454 1997 nach
1484 1967 1556 1998 (16111

884 2012 1029 2043 'altestcn
1051 2012 1175 2043 Reehte
1203 2011 1349 2043 Sklaven
1378 2012 1436 2043 des
1457 2011 1558 2043 Gltiu-

884 2057 997 2097 bigers
1031 2057 1184 2089 wurden.
1237 2057 1430 2098 (Niebuhr,
1471 2059 1555 2088 rom.

886 2102 1022 2143 Gesch.,
1052 2103 1113 2134 Bd.
1135 2102 1160 2134 I.
1193 2102 1227 2133 S.
1251 2103 1315 2135 612
1336 2102 1400 2143 fg.)
1418 2121 1464 2124 —
1480 2101 1556 2143 vgl.

885 2148 964 2180 Hor.
979 2159 1029 2190 ep.
1051 2148 1076 2179 I.
1098 2149 1127 2187 1,
1146 2149 1204 2179 14:
1226 2148 1370 2180 Nullius
1389 2148 1558 2180 addictus

878 2194 1009 2235 jurare
1025 2196 1057 2225 in
1079 2195 1184 2225 verba
1203 2196 1384 2235 magistri.

930 2253 1145 2290 consecrati,
1184 2261 1249 2282 von
1284 2251 1344 2282 der
1376 2250 1557 2290 religib'sen

883 2294 1006 2326 W'eihe
1034 2296 1078 2326 im
1102 2295 1240 2327 Dienste
1266 2296 1362 2328 einer
1380 2295 1545 2327 Gottheit.

930 2343 1157 2372 constantiae
1172 2351 1279 2372 causa
1297 2351 1382 2382 „uin
1397 2342 1465 2373 sich
1482 2351 1557 2372 con-

883 2391 1022 2427 sequent
1041 2397 1083 2418 zu
1102 2386 1276 2418 bleiben“.

930 2434 1115 2472 sequimur
1146 2432 1368 2474 probabilia,
1404 2442 1431 2462 5.
1461 2442 1502 2462 zu
1530 2430 1555 2461 Ι.

885 2477 918 2516 9,
945 2477 997 2508 17.

930 2523 1030 2554 vltra
1055 2523 1104 2563 id,
1134 2528 1217 2554 statt
1243 2523 1301 2554 der
1320 2521 1557 2553 handschristl.

884 2567 1008 2599 Lesart
1027 2569 1125 2600 ultra
1145 2578 1250 2610 qnam
1269 2568 1318 2605 id,
1338 2568 1391 2598 die
1409 2567 1477 2598 sich
1498 2577 1560 2598 nur

885 2613 1078 2654 gekiinstelt
1105 2614 1263 2645 erktziren
1290 2613 1387 2654 lasst,
1417 2612 1461 2644 ist
1479 2611 1560 2644 We-

886 2659 1046 2700 senbergs
1066 2658 1261 2700 Conjectur.
