1684 2819
605 151 765 184 LlBER
786 151 840 184 111.
869 153 900 188 3
921 153 952 185 e.
976 154 1007 185 τ.

1438 157 1515 195 117

108 266 235 306 tinent
276 279 440 320 eumque
472 266 710 316 sollicitant,
746 269 983 322 animusque
1014 281 1157 322 aeger,
1191 275 1233 307 ut
1261 268 1316 308 ait
1346 268 1511 318 Ennius,

107 337 264 377 semper
285 330 413 370 errat,
447 338 577 378 neque
593 325 690 377 pati
706 337 836 378 neque
852 326 1020 378 perpeti
1039 330 1190 375 potest,
1227 339 1374 379 cupere
1403 341 1516 366 mem-

107 386 224 434 qmtm
248 379 412 419 desinit.
439 379 585 430 Quibus
609 380 757 420 duobus
780 379 927 420 morbis
946 383 1008 429 (ut
1031 381 1207 421 omittam
1229 381 1364 434 alios),
1389 384 1517 437 aegri-

106 435 240 474 tudine
263 443 301 475 et
322 436 549 489 cupiditate,
584 437 648 489 qui
680 438 834 477 tandem
866 444 1029 490 possunt
1059 438 1098 477 in
1121 451 1288 492 corpore
1310 452 1398 480 esse
1428 453 1516 493 gra—

104 490 265 532 viores?
306 492 378 543 Qui
407 507 503 533 vero
534 493 690 546 probari
723 500 866 546 potest,
898 501 940 533 ut
969 494 1041 533 sibi
1076 495 1221 535 mederi
1253 496 1406 536 animus
1436 510 1515 536 non
1550 504 1555 507 “

104 547 250 601 possit,
296 563 414 602 quum
456 550 579 603 ipsam
621 550 852 590 medicinam
888 550 1064 602 corporis
1105 550 1258 591 animus
1299 548 1514 603 invenerit,

105 618 300 658 quumque
321 607 366 646 ad
390 620 596 660 corporum
627 607 870 647 sanationem
902 606 1062 645 multum
1094 607 1178 660 ipsa
1200 622 1365 661 corpora
1388 616 1426 649 et
1448 623 1517 649 na-

105 666 194 700 tura
212 662 358 711 valeat,
379 676 449 703 nec
471 677 623 711 omnes,
646 663 709 715 qui
732 662 861 702 curari
883 676 925 701 se
948 662 1052 715 passi
1073 663 1166 712 sint,
1188 665 1373 704 continuo
1397 665 1515 705 etiam

105 718 394 767 convalescant,
421 720 539 758 animi
570 726 715 769 autem,
742 719 804 771 qui
827 732 869 758 se
892 719 1025 758 sanari
1047 719 1246 759 voluerint
1276 722 1516 776 praeceptis-

104 787 180 827 que
202 775 434 828 sapientium
455 775 680 828 paruerint,
716 774 800 815 sine
823 774 901 815 ulla
926 775 1167 815 dubitatione
1199 780 1417 817 sanentur?
1445 778 1516 819 Est
1537 787 1557 818 6

103 831 278 883 profecto
301 831 420 870 animi
450 831 658 881 medicina,
685 831 946 885 philosophia,
979 831 1090 872 cuius
1121 831 1313 872 auxilium
1344 847 1439 884 non,
1474 842 1516 874 ut

102 886 341 940 incorporis
364 887 527 936 morbis,
554 890 760 941 petendum
785 895 843 928 est
869 888 990 938 soris,
1017 887 1274 941 omnibusque
1297 889 1434 943 opibus
1456 891 1515 930 vi-

101 942 227 994 ribus,
253 951 294 984 ut
316 951 471 985 nosmet
492 945 565 998 ipsi
587 945 698 985 nobis
722 945 868 984 mederi
892 945 1102 998 possimus,
1132 945 1414 986 elaborandum
1438 954 1512 986 est.

103 998 342 1053 Quamquam
367 1002 412 1041 de
437 1001 623 1042 universa
644 1001 903 1056 philosophia,
925 1009 1069 1054 quanto
1094 1015 1212 1055 opere
1234 1009 1273 1042 et
1295 1004 1515 1057 expetenda

103 1063 212 1097 esset
240 1064 279 1097 et
300 1058 478 1107 colenda,
514 1058 626 1107 satis,
661 1066 704 1098 ut
732 1058 919 1107 arbitror,
955 1058 1098 1098 dictum
1131 1066 1191 1099 est
1222 1059 1261 1099 in
1284 1059 1512 1100 Hortensio.

101 1112 158 1152 De
188 1114 371 1155 maximis
400 1121 530 1155 autem
561 1115 679 1155 rebus
712 1115 809 1155 nihil
840 1116 923 1155 fere
954 1115 1240 1156 intermisimus
1272 1123 1410 1170 postea
1442 1129 1515 1156 nec

103 1169 302 1224 disputare
324 1184 397 1211 nec
419 1171 610 1213 scribere.
637 1172 705 1212 His
728 1179 859 1212 autem
880 1172 991 1213 libris
1015 1173 1197 1226 exposita
1221 1179 1312 1213 sunt
1334 1187 1395 1222 ea,
1418 1186 1516 1226 quae

101 1240 124 1266 a
145 1227 258 1267 nobis
291 1242 375 1268 cum
399 1228 656 1270 familiaribus
681 1229 827 1270 nostris
849 1229 887 1268 in
914 1228 1139 1269 Tusculano
1164 1236 1276 1268 erant
1300 1229 1512 1284 disputata.

102 1282 177 1324 Sed
199 1285 380 1338 quoniam
405 1285 554 1326 duobus
575 1285 843 1339 superioribus
867 1287 912 1326 de
934 1293 1060 1325 morte
1084 1292 1122 1325 et
1144 1285 1190 1326 de
1211 1285 1346 1326 dolore
1369 1287 1513 1326 dictum

101 1346 176 1389 est,
205 1341 343 1381 tertius
367 1341 447 1382 dies
476 1342 750 1396 disputationis
782 1343 854 1382 hoe
890 1343 1044 1383 tertium
1070 1342 1253 1383 volumen
1276 1343 1427 1383 efficiet.
1464 1341 1512 1382 Ut
1535 1352 1551 1381 7

102 1396 204 1436 enim
237 1397 277 1437 in
308 1396 559 1439 Academiam
590 1406 765 1440 nostram
798 1399 1094 1449 descendimus,
1137 1399 1329 1439 inclinato
1360 1400 1436 1439 iam
1473 1400 1513 1454 in

99 1454 447 1507 postmeridianum
481 1462 630 1510 tempus
661 1456 738 1506 die,
775 1456 933 1509 poposci
966 1470 1101 1496 eorum
1131 1455 1315 1508 aliquem,
1348 1456 1412 1509 qui
1446 1456 1513 1495 ad-

102 1517 230 1561 erant,
266 1526 443 1552 caussam
475 1513 711 1553 disserendi.
753 1513 852 1553 Tum
884 1526 949 1553 res
982 1520 1066 1552 acta
1099 1512 1155 1552 sie
1187 1519 1259 1552 est.

148 1592 287 1622 animus
310 1609 351 1613 —
372 1592 510 1623 desinit.
546 1592 616 1623 Aus
643 1591 772 1624 Ennius

103 1635 207 1677 Iphig.
229 1636 341 1667 Aulid.
378 1635 527 1668 Ribbeck
544 1637 755 1669 vermuthet:

102 1677 252 1712 [Animus
269 1691 376 1723 aeger
388 1681 528 1724 semper
542 1686 646 1714 errat
661 1682 773 1723 ne'que

376 1730 460 1769 poti
477 1738 585 1770 neque
598 1727 744 1770 perpeti

101 1768 200 1803 Patale
220 1775 274 1803 est
290 1795 403 1804 .....
427 1771 553 1815 eripere
577 1783 769 1816 numquam

379 1813 438 1850 de's
443 1821 475 1849 ‘in
482 1821 524 1850 ἵζ’.

99 1863 184 1894 Pota·
207 1863 306 1903 (auch
336 1863 389 1895 bei
407 1862 531 1895 Paeuv.
554 1863 771 1906 ffirpotz're'):

102 1907 245 1948 „Etwas
262 1907 389 1940 lebhaft
404 1908 615 1950 ergreife11“,
633 1912 776 1951 perpeti

36 1958 49 1965 ⁴
102 1954 512 1994 „standhaftertragen“.
536 1954 702 1997 Daspatc'
714 1955 773 1986 der

100 1999 242 2031 Hdschr.
263 1999 308 2031 ist
322 1999 508 2042 jedenfalls
527 2000 699 2032 verderbt.

130 2044 295 2086 ‘probare'
318 2049 361 2077 ut
378 2063 417 2069 --
433 2070 442 2086 ,
460 2045 687 2087 Verkiirzung
712 2046 770 2077 (165

97 2089 292 2122 Ausdrueks
319 2090 374 2122 fiir
398 2095 441 2122 ut
464 2092 607 2123 credam,
633 2091 771 2130 (creda-

98 2137 191 2176 mus)
217 2136 276 2167 mit
294 2137 374 2168 Ace.
395 2148 425 2168 c.
445 2137 530 2177 lnf.;
557 2137 619 2168 wie
646 2137 685 2168 de
711 2137 767 2168 fin.

99 2180 139 2212 Il.
162 2181 218 2222 33,
241 2182 324 2214 lllS:
364 2182 433 2224 Qui
453 2183 608 2225 probare¹
634 2186 767 2225 potest,

98 2231 142 2257 ut
165 2229 195 2258 is
213 2245 259 2250 —
274 2227 357 2268 plus
376 2238 483 2270 quam
502 2238 566 2269 ego
584 2230 656 2270 ipse
680 2238 772 2270 gau-

99 2272 207 2303 deat?
236 2272 368 2305 Ebenso
393 2273 467 2305 ist's
491 2273 551 2304 mit
578 2277 618 2304 nt
642 2273 696 2305 hei
724 2277 771 2304 te-

97 2327 178 2348 nere
197 2316 254 2359 (V.
277 2318 330 2359 11,
351 2319 409 2360 34)
430 2328 500 2359 „an
520 2319 614 2350 einer
632 2319 772 2350 Ansicht

99 2362 310 2396 festhalten“
337 2365 405 2396 und
431 2365 484 2396 bei
513 2364 649 2405 ‹ffeere
677 2364 771 2405 „be-

99 2408 268 2440 weisen“.

144 2454 282 2495 valeat,
313 2455 357 2486 im
377 2454 451 2486 Sin
467 2465 515 2496 gu
530 2455 538 2485 1
553 2465 609 2491 ar,
641 2454 684 2486 im
705 2454 771 2488 Au-

101 2499 228 2532 schluss
247 2500 338 2532 bloss
357 2511 397 2531 an
418 2500 475 2532 das
493 2501 594 2532 letzte
609 2500 768 2542 Subjeet3

100 2544 163 2575 wie
193 2545 297 2577 Acad.
317 2545 357 2578 11.
381 2546 436 2586 35,
460 2546 543 2577 1132
576 2550 611 2578 et
625 2546 771 2588 Peripa-

101 2591 204 2620 tetici
220 2594 257 2622 et
274 2595 370 2623 vetus
380 2591 572 2623 Academia
593 2592 769 2623 coneedit.

891 1593 922 1623 Cr.
952 1593 1198 1634 omnibusque,
1228 1602 1254 1623 5.
1279 1591 1305 1623 Ι.
1326 1592 1381 1632 29,
1405 1592 1441 1622 71
1472 1603 1515 1622 zu

843 1637 1090 1679 adhibuitque.

889 1684 1012 1725 opibus
1032 1683 1173 1714 viribus.
1197 1682 1239 1714 So
1258 1683 1409 1714 kommen
1430 1682 1514 1713 auch

843 1728 895 1759 (116
921 1728 1155 1770 spriichwiirtl⁴
1184 1727 1382 1760 Ausdriicke
1418 1730 1515 1768 equis

844 1776 928 1805 viris
953 1773 1021 1804 und
1048 1776 1159 1805 ventis
1186 1776 1292 1805 remis
1321 1773 1409 1813 „mit
1430 1772 1516 1803 aller

843 1817 974 1850 R1·aft“
996 1818 1106 1859 hiiufig
1123 1819 1208 1849 ohne
1228 1829 1294 1860 que
1309 1828 1384 1849 vor.

889 1876 931 1907 cle
958 1877 1123 1906 zmc'rersa
1146 1875 1375 1917 philosophia
1404 1873 1516 1914 „iiber

843 1921 895 1953 die
924 1920 1135 1962 philosophie
1169 1921 1210 1952 im
1236 1920 1510 1961 Allgemeinen'·‘.

841 1965 917 2007 Vgl.
931 1966 968 1998 ll.
986 1966 1017 2006 2,
1032 1967 1049 1997 4
1067 1966 1514 2008 conversaephilosophiae

840 2013 1171 2053 vituperatoribus,-
1212 2011 1269 2043 Ill.
1290 2010 1352 2051 34,
1370 2011 1410 2043 82
1440 2013 1515 2042 um?-

843 2068 979 2089 versam
998 2057 1272 2098 aegritudinem.

890 2114 1088 2155 eoepetenda
1108 2117 1207 2145 esset.
1237 2111 1348 2145 Ueber
1367 2114 1398 2145 d.
1414 2113 1511 2154 Conj.

843 2159 935 2202 Impl'.
967 2170 994 2191 s.
1016 2159 1041 2190 Ι.
1065 2160 1095 2197 l,
1118 2160 1131 2190 l
1154 2170 1196 2190 zu
1211 2161 1445 2201 pertinerent.

887 2208 920 2236 [n
939 2206 1144 2245 Hortensio,
1172 2215 1198 2235 5.
1221 2214 1263 2236 zu
1283 2204 1325 2237 11.
1348 2204 1380 2241 2,
1400 2205 1434 2235 4.

887 2261 948 2281 nee
962 2251 1130 2281 scribere,
1149 2249 1197 2280 Er
1211 2250 1314 2281 meint
1332 2249 1515 2281 besonders

842 2296 895 2327 (116
914 2295 1129 2328 Academica
1155 2295 1222 2326 und
1248 2295 1301 2327 die
1321 2295 1453 2327 Biieher
1472 2295 1513 2326 (le

831 2341 971 2382 finibus
995 2342 1072 2373 bon.
1095 2344 1129 2371 et
1144 2341 1232 2372 mal.

889 2399 919 2429 7.
948 2400 982 2429 ιή
1007 2398 1240 2430 Academiam
1265 2416 1309 2421 —
1336 2395 1513 2429 deseendi-

842 2454 930 2484 muS,
960 2453 987 2475 5,
1009 2454 1050 2475 zu
1071 2443 1111 2475 ΙΙ.
1136 2443 1168 2481 3,
1190 2444 1221 2475 9.

888 2510 1047 2532 caussam
1068 2499 1268 2531 disserendi
1292 2498 1386 2539 eigtl.
1411 2497 1512 2538 „eine

840 2544 1192 2586 Veranlassung—“,
1215 2540 1513 2584 dulim-„ein'l'he-

841 2601 893 2622 ma
920 2601 993 2622 zum
1012 2590 1251 2632 Disputire11“.
