1684 2819
121 166 172 206 38
695 161 752 194 DE
778 159 960 194 orfflcus

122 267 285 318 demque
313 276 393 304 non
422 263 673 303 necessarias.
716 263 865 309 Quibus
886 262 986 302 vitiis
1009 263 1208 303 declinatis
1230 264 1334 315 quod
1356 264 1395 303 in
1415 264 1531 303 rebus

120 322 296 362 honestis
325 327 361 360 et
389 319 609 371 cognitione
637 318 764 370 dignis
793 331 936 370 operae
965 331 1154 371 curaeque
1174 327 1360 372 ponetur,
1390 321 1429 360 id
1451 321 1532 360 iure

120 378 346 424 laudabitur,
368 382 411 416 ut
431 376 470 415 in
491 375 699 426 astrologia
720 374 759 414 C.
780 375 992 427 Sulpicium
1013 375 1241 424 audivimus,
1262 377 1301 416 in
1322 377 1532 428 geometria

122 435 208 474 Sex.
231 433 466 485 Pompeium
486 433 562 484 ipsi
584 431 852 483 cognovimus,
874 432 1019 471 multos
1041 432 1080 471 in
1101 431 1320 480 dialecticis,
1341 435 1471 485 plures
1493 434 1532 472 in

120 491 201 530 iure
237 489 349 529 civili:
387 502 483 541 quae
519 501 656 528 omnes
693 494 792 528 artes
829 489 868 527 in
897 489 974 527 veri
1001 488 1293 539 investigatione
1317 497 1532 538 versantur,

121 547 228 586 cuius
251 546 380 585 studio
403 559 423 584 a
446 546 561 585 rebus
582 545 760 596 gerendis
782 544 921 585 abduci
942 550 1077 584 contra
1098 545 1271 585 osticium
1294 550 1365 585 cst.
1404 547 1533 587 Virtu-

120 602 166 642 tis
195 603 298 642 enim
327 603 408 642 laus
438 603 567 642 omnis
596 603 635 641 in
656 602 807 641 actione
829 601 1020 641 consistit:
1051 615 1071 641 a
1093 615 1167 653 qua
1187 607 1316 641 tamen
1344 603 1386 641 fit
1413 602 1531 642 inter-

118 659 256 698 missio
295 672 409 710 saepe
445 659 631 710 multique
669 659 808 698 dantur
836 658 883 697 ad
914 659 1039 698 studia
1067 659 1230 706 reditus,
1270 665 1351 698 tum
1379 659 1532 711 agitatio

119 715 280 761 mentis,
310 728 407 767 quae
429 728 642 767 numquam
666 715 896 766 acquiescit,
927 721 1058 767 potest
1081 727 1155 755 nos
1178 715 1217 754 in
1239 715 1376 755 studiis
1399 717 1533 767 cogni-

118 771 236 811 tionis
258 772 371 812 etiam
393 772 476 812 sine
499 785 616 824 opera
637 778 772 811 nostra
795 772 1003 812 continere.
1043 772 1181 811 Omnis
1203 778 1332 812 autem
1354 772 1533 823 cogitatio

117 834 327 881 motusque
355 829 474 868 animi
503 835 568 868 aut
594 829 634 868 in
662 828 832 868 consiliis
861 829 1055 881 capiendis
1085 829 1131 869 de
1157 829 1476 871 rebusrhonestis
1498 834 1535 869 et

116 885 400 936 pertinentibus
429 886 475 925 ad
497 885 596 925 bene
617 886 803 937 beateque
825 886 1028 925 vivendum
1049 892 1113 925 aut
1134 885 1172 924 in
1195 886 1330 925 studiis
1353 886 1533 925 scientiae

118 942 427 994 cognitionisque
449 942 675 982 versabitur.
698 942 752 981 Ac
774 943 820 981 de
841 942 968 994 primo
992 942 1145 993 quidem
1169 942 1284 982 officii
1307 944 1412 982 sonte
1433 941 1532 982 dixi-

117 1010 216 1037 mus.

229 1055 282 1094 De
304 1054 428 1094 trihus
451 1060 577 1094 autem
599 1054 757 1105 reliquis
779 1055 965 1095 latissime
987 1060 1090 1106 patet
1107 1068 1149 1094 ea
1170 1056 1286 1102 ratio,
1309 1067 1384 1106 qua
1406 1054 1532 1094 socie-

160 1189 194 1222 C.
203 1189 229 1222 S
231 1189 390 1233 ulpiee'nm
403 1189 593 1222 audirimus
600 1202 610 1221 .·
625 1190 685 1220 der
693 1188 786 1221 lnfln.

114 1235 159 1267 ist
181 1235 283 1267 leicht
307 1245 366 1267 aus
391 1235 463 1266 dem
489 1235 785 1275 vorlicrgehenden

115 1279 386 1312 Zwischensatze
402 1290 443 1311 zu
457 1280 634 1320 ergiinzen.
662 1280 696 1311 C.
711 1280 787 1311 Sul-

115 1325 218 1367 picius
237 1324 354 1357 Gallus
371 1335 442 1356 war
460 1324 565 1365 Legat
590 1325 647 1356 des
666 1324 703 1356 L.
721 1325 787 1357 Ae-

114 1370 223 1401 milius
255 1369 390 1401 Paullus
421 1370 452 1400 in
477 1369 692 1402 Macedonici}
722 1371 786 1401 und

115 1414 179 1447 588
206 1414 305 1455 (166)
332 1415 465 1455 Consul,
491 1416 531 1446 de
556 1425 626 1446 sen.
656 1414 713 1455 14,
743 1415 783 1446 47

115 1462 204 1493 mori
215 1471 323 1504 paene
340 1460 533 1492 videbamus
556 1462 589 1491 in
608 1460 720 1492 studio
738 1461 787 1492 de·-

113 1505 280 1538 metiundi
301 1505 384 1537 caeli
409 1506 442 1537 C.
465 1504 611 1545 Gallum,
633 1505 787 1547 smm'lz'a-

117 1561 189 1582 rem
204 1552 314 1595 patris
335 1552 390 1591 tui,
409 1549 531 1594 Scipio.
562 1550 645 1582 Plin.
667 1555 734 1582 nat.
755 1552 784 1582 b.

115 1595 154 1636 ll,
176 1595 225 1637 12,
244 1596 264 1627 9
283 1599 316 1627 et
332 1597 501 1628 rationem
521 1595 653 1639 quidem
672 1596 785 1638 desec-

116 1644 172 1673 tus
194 1643 373 1683 utriusque
392 1643 526 1684 primus
555 1641 701 1673 Romani
724 1653 787 1683 ge-

114 1688 205 1718 neris
238 1688 271 1717 ιή
303 1686 426 1728 vulgus
458 1686 584 1719 metum
611 1686 781 1730 Sulpicius

118 1730 247 1772 Gallus,
282 1733 340 1773 (μα’
371 1731 490 1764 consul
519 1742 596 1764 eum
624 1731 785 1764 Marcello

104 1777 196 1817 suit,
223 1776 285 1808 sed
307 1779 379 1809 tum
405 1779 562 1809 tribuna-s·
580 1777 724 1809 mimum
742 1797 786 1800 —

114 1822 226 1864 pridie
248 1832 347 1863 quam
366 1822 491 1854 Perses
514 1833 580 1854 rear
603 1826 786 1865 superatas

114 1877 135 1897 a
152 1866 270 1899 Paullo
288 1870 339 1898 est
363 1869 395 1898 1'11
415 1869 603 1899 concionem
622 1868 662 1898 ab
680 1869 786 1911 impe-

114 1914 231 1944 ratore
252 1912 441 1956 productus
464 1912 509 1944 ad
521 1912 783 1955 praedlcendam

115 1957 177 1989 oeli
200 1959 263 1989 sin.

160 1967 242 2034 §Lan
262 2002 455 2045 Pompeius,
483 2001 596 2033 Olieim
616 2002 673 2033 (les
690 2002 785 2033 Pom-

115 2047 208 2089 peius
226 2047 376 2087 Magnus.
396 2047 489 2078 Brut.
508 2047 561 2087 47,
580 2047 640 2077 175
655 2046 784 2078 Sea-{us

106 2094 230 2134 ,ft-ater
247 2094 319 2124 eius
334 2095 496 2135 praestan
503 2093 672 2123 tissimum
691 2094 786 2133 inge-

116 2139 208 2170 nium
233 2137 424 2169 contulerat
446 2137 491 2169 ad
512 2147 680 2169 summam
699 2139 785 2169 iuris

117 2182 225 2215 civilis
250 2185 283 2214 et
304 2182 350 2214 ad
371 2183 558 2226 perfectam
575 2185 786 2224 geometriae

117 2231 150 2259 et
166 2238 281 2260 rernm
299 2230 484 2259 stoicorum
503 2229 688 2259 scienlimn.

162 2273 346 2304 dialecticis
354 2285 364 2304 .·
382 2273 421 2303 ‹le
440 2283 487 2304 or.
506 2271 549 2311 ll,
569 2272 622 2312 38,
646 2272 705 2303 157
731 2275 788 2314 qui

117 2318 244 2350 dicer-e!
266 2321 375 2350 artem
398 2329 434 2349 se
459 2317 594 2349 tradere
618 2319 699 2349 hene
716 2318 784 2350 dis-

117 2363 254 2395 serendi
275 2365 306 2394 et
332 2373 411 2394 vera
435 2365 468 2394 et
478 2362 579 2404 salsa
599 2362 786 2396 diiudican-

116 2408 162 2448 cli,
188 2409 284 2440 verbo
310 2407 436 2440 Graeco
467 2404 698 2449 διαλεκτικὴν
726 2419 786 2452 (ιρ-

114 2453 268 2496 pellaret.

161 2499 258 2530 cuias
291 2498 403 2530 studio
435 2498 556 2531 abduci
586 2501 666 2529 cet:
707 2508 784 2530 aus-

117 2542 298 2574 l'tihrlicher
326 2544 481 2575 dasselbe
511 2542 522 2575 l
556 2554 582 2575 c.
609 2543 684 2575 431¹.
717 2544 784 2584 vgl.

116 2587 201 2619 Einl.

906 1190 1046 1231 reditus,
1067 1190 1328 1231 Gelegenheiten
1347 1202 1407 1222 zur
1420 1190 1530 1223 Riick-

860 1235 959 1274 kehr3
979 1246 1005 1267 S.
1025 1235 1057 1278 ξ.
1073 1236 1126 1268 41.

906 1291 978 1321 st'ne
996 1299 1098 1333 opera
1114 1291 1250 1321 nostra:
1269 1289 1352 1321 ohne
1371 1290 1447 1321 dass
1466 1290 1529 1321 wir

861 1334 1180 1366 wissenschaftliche
1210 1334 1341 1375 Fragen
1374 1345 1448 1367 zum
1482 1336 1528 1367 ei-

859 1380 1046 1420 gentlichen
1063 1379 1295 1419 Gegenstande
1313 1390 1453 1412 unserer
1466 1381 1529 1412 Be-

860 1424 1072 1465 scli'zil'tigung
1093 1425 1228 1455 machon
1241 1449 1248 1463 ,
1278 1424 1365 1456 kann
1395 1425 1446 1457 die
1477 1426 1529 1457 nie

861 1470 1008 1501 ruhende
1027 1469 1344 1508 Geistesthiitigkeit
1369 1470 1442 1502 eine
1468 1470 1531 1502 Er-

859 1515 1045 1556 weiterung
1073 1525 1215 1546 unserer
1243 1513 1445 1547 lienntnisse
1475 1526 1529 1548 er·-

861 1560 1008 1591 streben.

905 1610 946 1649 7.
979 1616 1032 1648 20.
1066 1616 1126 1648 nie
1157 1616 1371 1657 Eintheilung
1399 1617 1465 1648 Cic.
1498 1617 1528 1648 in

858 1663 990 1695 instilia
1028 1673 1059 1693 u.
1093 1662 1309 1704 beneficentia
1349 1662 1531 1704 entspricht

860 1711 947 1739 etwa
970 1708 1030 1738 der
1047 1707 1098 1739 bei
1125 1707 1217 1748 Diog.
1236 1706 1349 1738 Laert.
1369 1706 1438 1747 VH,
1466 1706 1527 1738 127

860 1753 891 1784 in
916 1749 1042 1793 ἰσότης
1065 1763 1096 1784 u.
1117 1748 1390 1796 εὐγνωμοσύνη.
1426 1752 1527 1784 Dabei

861 1798 906 1829 ist
947 1797 998 1829 die
1033 1797 1150 1829 Pssiclit
1182 1808 1286 1838 gegen
1321 1797 1372 1828 die
1407 1797 1529 1830 Gotter

859 1853 978 1874 ausser
992 1842 1077 1874 Acht
1094 1843 1256 1884 gelas-sen,
1276 1843 1327 1874 die
1346 1843 1428 1874 doch
1445 1844 1527 1874 auch

861 1888 956 1919 einen
987 1887 1083 1919 Theil
1117 1889 1177 1919 der
1209 1888 1428 1927 allgenwinen
1460 1887 1527 1920 Ge-

859 1932 1054 1964 meinschal't
1077 1933 1293 1970 ausmachmg
1320 1933 1386 1971 vgl.
1410 1931 1438 1973 l,
1471 1931 1525 1972 43,

863 1978 936 2008 154.
978 1977 1034 2008 Boi
1062 1977 1154 2008 Stob.
1181 1988 1210 2019 1).
1234 1977 1294 2007 106
1321 1977 1403 2008 wird
1429 1973 1528 2009 εὗσέ-

857 2025 936 2063 fleta
969 2022 1019 2053 als
1049 2021 1347 2063 Unterabtheilung
1379 2022 1438 2053 der
1472 2021 1527 2053 ‹51-

859 2063 1034 2108 καιοσύνη
1068 2067 1255 2108 angeliilirt.
1287 2085 1330 2089 —
1362 2066 1436 2098 von
1470 2068 1529 2099 der

860 2111 1111 2153 Ger-eclitigkeit
1129 2112 1262 2143 handelt
1280 2123 1306 2144 c.
1324 2112 1444 2143 7—14.
1472 2112 1527 2144 Sic

859 2157 928 2198 lcgt
958 2157 1041 2188 zwei
1060 2157 1216 2189 Pssivhten
1247 2156 1306 2188 aus
1327 2157 1358 2199 ξ.
1383 2156 1528 2189 21-23.

860 2202 918 2234 Die
934 2202 1230 2243 L'ngercchtigkcit
1243 2202 1287 2233 lst
1301 2213 1364 2234 von
1382 2203 1528 2234 zwcier-

859 2247 902 2279 lei
921 2247 981 2279 Art
1000 2247 1029 2288 ξ.
1049 2247 1192 2278 24—27.
1229 2246 1376 2288 Griinde,
1395 2248 1447 2279 die
1466 2258 1527 2279 zur

861 2292 1154 2334 [ngerechtigkeit
1182 2292 1362 2324 verl'iihron
1380 2291 1411 2334 ξ.
1432 2292 1528 2324 28—

860 2338 913 2369 30.
949 2338 1007 2369 Die
1026 2337 1182 2369 Pssicbten
1202 2338 1261 2369 der
1275 2336 1526 2378 Gerechtigkeit

859 2384 993 2414 werden
1018 2383 1196 2414 moditicirt
1221 2383 1322 2414 durch
1347 2382 1525 2415 Uinst'zinde

859 2428 889 2469 ξ.
915 2427 987 2459 31Γ.
1038 2428 1096 2459 Die
1129 2427 1287 2459 Pssichten
1327 2438 1431 2469 gegen
1473 2428 1525 2460 die

860 2473 984 2505 Feinde
1003 2484 1030 2505 c.
1054 2472 1195 2504 11—14.

904 2530 1066 2561 latissime
1081 2532 1193 2573 patet:
1211 2539 1236 2560 s.
1255 2528 1287 2571 ξ.
1307 2530 1338 2561 4.

905 2589 1004 2630 ratio,
1024 2587 1054 2618 d.
1073 2586 1092 2617 i.
1106 2596 1200 2630 pars,
1217 2585 1320 2618 Iocus.
