1684 2819
585 155 788 188 LIBERI.
808 156 1060 198 49‚115.119.
1473 157 1524 196 73

203 271 325 312 Mors
346 284 434 310 mea
454 285 504 311 ne
526 277 674 311 careat
694 271 907 322 lacrumis,
937 272 1168 327 linquamus
1189 272 1328 311 amieis

267 327 522 377 Maeror-em,
546 333 592 367 ut
613 327 994 381 celebrentfimera
1016 343 1102 368 cnm
1121 329 1297 383 gemitu.

229 384 311 425 Nos
333 396 454 433 vero,
479 383 511 424 si
533 384 624 437 quid
644 384 723 424 tale
746 385 953 435 acciderit,
979 392 1019 424 ut
1040 398 1062 424 a
1084 385 1156 424 deo
1180 383 1447 424 denuntiatum
1469 385 1529 424 vi·
1549 392 1612 424 118

119 442 281 491 deatur,
316 448 360 481 ut
389 453 580 481 exeamus
603 454 624 480 e
646 441 728 481 vita
743 471 753 490 ,
788 441 882 482 laeti
905 449 943 481 et
964 447 1127 494 agentes
1149 440 1298 495 gratias
1320 454 1527 495 pareamus

119 497 318 550 emittique
339 512 412 538 nos
435 511 456 538 e
478 498 654 538 custodia
677 505 714 538 et
735 498 863 539 levari
884 498 1025 538 vinclis
1049 497 1288 538 arbitremur
1302 528 1313 548 ,
1337 504 1381 538 ut
1401 505 1467 539 aut
1487 497 1528 537 in

118 561 319 595 aeternam
343 561 381 594 et
412 554 526 608 plane
554 555 593 594 in
626 562 801 595 nostram
834 555 988 594 domum
1011 555 1298 607 remigremus,
1334 562 1401 595 aut
1422 553 1528 595 omni

118 625 237 652 sensu
260 611 517 664 molestiaque
541 624 767 662 careamusg
792 611 853 650 sin
875 617 1006 650 autem
1029 610 1126 650 nihil
1148 606 1457 661 denuntiabifur,
1483 624 1530 651 eo

121 674 250 709 tamen
272 668 395 708 simus
417 668 547 708 animo
562 699 573 717 ,
610 674 654 707 ut
683 667 912 707 horribilem
942 666 1050 706 illum
1075 667 1175 707 diem
1199 667 1285 707 aliis
1307 668 1421 708 nobis
1443 669 1528 708 fau-

119 733 221 766 stum
250 731 430 779 putemus
453 724 630 776 nihilque
661 723 702 763 in
724 723 837 763 malis
861 723 1072 773 ducamus,
1108 724 1210 776 quod
1240 723 1294 764 sit
1313 725 1377 763 vel
1410 738 1431 763 a
1454 724 1527 764 diis

118 781 404 822 immortalibus
425 780 488 820 vel
510 794 531 818 a
554 787 710 829 natura,
737 785 899 833 parente
922 780 1112 830 omnium,
1138 780 1407 820 constitutum.
1440 779 1531 821 Non

120 838 221 878 enim
244 844 393 877 temere
411 849 483 876 nec
505 837 667 876 fortuito
690 837 766 877 sati
789 843 826 875 et
843 836 963 876 creati
988 851 1145 888 sumus5
1171 836 1240 877 sed
1263 837 1437 890 profecto
1460 837 1533 876 fuit

120 895 307 948 quaedam
328 894 388 933 vis
403 924 413 943 ,
448 907 548 946 quae
579 894 715 946 generi
745 893 970 933 consuleret
1000 893 1170 934 humano
1193 907 1266 934 nec
1288 893 1327 932 id
1349 892 1530 946 gigneret

119 950 351 999 aut-aleret,
378 951 502 1003 quod,
536 964 652 1003 quum
675 950 971 991 exanclavisset
993 963 1130 991 omnes
1153 949 1332 999 labores,
1366 956 1449 990 tum
1470 949 1530 988 in-

119 1008 268 1048 cideret
288 1007 329 1047 in
351 1007 490 1047 mortis
511 1007 655 1047 malum
678 1007 977 1061 sempiternum.
1020 1007 1180 1047 Portum
1203 1007 1331 1061 potius
1355 1013 1530 1060 paratum

119 1065 230 1105 nobis
253 1071 292 1104 et
322 1064 541 1117 perfugium
564 1066 768 1118 putemus!
811 1064 895 1115 Quo
918 1065 1068 1104 utinam
1090 1064 1189 1105 velis
1219 1063 1346 1118 passis
1369 1062 1531 1118 pervehi
1551 1070 1615 1101 119

118 1121 256 1162 liceat!
303 1120 371 1160 Sin
394 1121 625 1162 reflantibus
648 1121 777 1162 ventis
799 1120 1048 1170 reiiciemur,
1084 1129 1216 1162 tamen
1239 1121 1376 1160 eodem
1399 1119 1529 1174 paullo

118 1179 269 1218 tardius
300 1178 522 1218 referamur
552 1191 718 1218 necesse
750 1185 824 1218 est.
870 1177 980 1228 Quod
1010 1185 1140 1218 autem
1163 1178 1343 1218 omnibus
1366 1189 1530 1217 necesse

120 1241 193 1284 est,
217 1234 310 1275 idne
332 1235 516 1274 miserum
541 1248 628 1275 esse
650 1235 717 1275 uni
739 1239 893 1288 potest?
908 1260 965 1265 ——
982 1235 1112 1276 Habes
1135 1235 1348 1288 epilogum,
1373 1246 1422 1273 ne
1441 1233 1530 1286 quid

118 1291 441 1346 praetermissum
464 1299 531 1331 aut
550 1291 730 1332 relictum
753 1299 882 1346 putes.

232 1346 293 1387 A.
327 1348 412 1402 Ego
433 1361 554 1399 vero3
591 1356 628 1389 et
649 1348 803 1401 quidem
834 1348 925 1388 fecit
946 1347 1063 1388 etiam
1086 1348 1159 1388 iste
1180 1361 1242 1387 me
1265 1347 1441 1401 epilogus
1464 1347 1529 1386 fir-

119 1404 299 1445 miorem.
348 1405 411 1445 M.
449 1404 627 1457 Optime,
659 1406 832 1458 inquam.
884 1404 960 1445 Sed
993 1418 1097 1445 nunc
1128 1405 1282 1457 quidem
1313 1403 1530 1443 valetudini

119 1461 335 1501 tribuamus
367 1461 533 1514 aliquid3
572 1476 658 1502 cras
690 1469 819 1502 autem
850 1469 887 1501 et
917 1468 1010 1514 quot
1041 1461 1123 1501 dies
1146 1461 1293 1500 erimus
1314 1460 1355 1500 iu
1379 1460 1530 1500 Tuscu-

120 1518 209 1558 lano
226 1549 236 1567 ,
261 1532 424 1571 agamus
447 1519 544 1558 haec
565 1525 604 1558 et
626 1531 671 1558 ea
694 1519 954 1572 potissimum,
980 1531 1078 1570 quae
1100 1517 1338 1558 levationem
1362 1516 1532 1556 habeant

122 1574 432 1627 aegritudinum,
468 1575 742 1625 formidinum,
777 1575 1056 1629 cupiditatum:
1091 1574 1155 1626 qui
1187 1574 1292 1613 omni
1316 1586 1336 1612 e
1359 1573 1530 1627 philoso-

122 1631 208 1684 phia
231 1638 291 1671 est
312 1632 460 1670 fructus
483 1631 722 1671 uberrimus.

166 1755 266 1787 Mors
293 1760 356 1786 etc.
392 1754 549 1786 Plutarch
577 1756 697 1798 (comp.
720 1755 789 1787 Sol.

122 1811 151 1832 c.
172 1800 299 1843 Poplic.
320 1811 348 1832 c.
367 1800 401 1841 1)
422 1801 488 1831 und
507 1800 652 1832 Stob'aus
671 1802 788 1841 (serm.

124 1846 204 1887 121)
222 1846 326 1885 geben
347 1846 406 1877 das
426 1845 598 1886 Original:

864 1755 951 1787 tulit
967 1772 1012 1777 —-
1030 1754 1167 1792 nolm't;
1194 1755 1251 1794 24,
1273 1754 1336 1786 59:
1356 1757 1535 1796 imperan-

864 1804 932 1832 tem
957 1819 987 1823 —
1011 1801 1235 1832 servientem.

908 1846 1066 1886 nihilque
1098 1847 1134 1877 in
1161 1845 1269 1877 malis
1294 1850 1358 1878 etc.
1410 1845 1533 1877 Diesen

123 1889 239 1932 Mqffe'
250 1902 312 1934 μοι
330 1885 533 1927 ἄκλαυστος
550 1887 713 1927 θάνατος
725 1886 792 1935 μό-

397 1937 462 1975 λοι,
484 1933 574 1968 ἀλλὰ
591 1937 731 1978 ([ίλοισι

165 1983 413 2026 Καλλείποιμι
441 1978 569 2015 θανὼν
594 1979 703 2025 ἄλγεα
730 1981 791 2014 καὶ

399 2025 592 2072 στοναχάς.

168 2073 245 2105 118.
297 2074 508 2106 horribilem
536 2092 576 2097 —
603 2075 789 2117 faustum.

119 2118 196 2151 Man
216 2119 355 2151 beachte
373 2119 436 2150 den
452 2120 596 2152 schonen
612 2119 792 2151 Chiasmus

120 2164 153 2196 iu
173 2165 232 2196 der
242 2164 508 2206 &Vortstellunffl
528 2166 591 2197 wie
611 2165 655 2197 ΙΙ.
676 2167 709 2205 4,
729 2165 765 2195 11
783 2176 790 2196 2

119 2210 286 2242 medetur
303 2212 452 2251 animis,
476 2213 597 2243 inanes
615 2211 792 2243 sollicitu-

123 2255 222 2288 dines
249 2256 428 2293 den-altit,-
463 2257 725 2299 cupiditatibus
752 2256 794 2287 [ι’-

8 2348 12 2355 *
46 2298 49 2301 ’
101 2298 244 2342 terat,
285 2301 393 2344 pellit
425 2304 589 2342 timorem
637 2302 700 2343 22,
726 2302 788 2333 53:

861 1902 925 1922 von
945 1891 1003 1922 der
1015 1890 1120 1922 Liebe
1148 1890 1214 1921 und
1228 1889 1399 1923 &Veisheit
1415 1890 1533 1923 Gottes

862 1937 1162 1977 hergenommenen
1201 1935 1316 1968 Grund
1366 1936 1422 1968 fiir
1469 1937 1533 1968 den

863 1981 1015 2014 Glauben
1049 1992 1090 2013 an
1116 1980 1409 2014 Unsterblichkeit
1441 1982 1534 2014 hatte

863 2027 981 2059 Cicero
1000 2038 1063 2059 nur
1080 2027 1113 2059 in
1133 2028 1245 2059 seiner
1257 2027 1535 2069 Beweisfiihrung

862 2074 1003 2115 geho'rig
1030 2073 1189 2114 darlegen
1216 2073 1343 2113 sollen,
1372 2078 1455 2106 statt
1480 2073 1534 2105 ihn

862 2120 935 2151 hier
953 2130 989 2151 so
1009 2118 1168 2159 beil'ziufig
1186 2118 1411 2151 anzul'uhren.

910 2165 988 2197 119.
1023 2164 1101 2206 Ego
1135 2174 1239 2196 vero:
1283 2164 1358 2205 „Ja
1383 2165 1534 2196 wohl!“

861 2210 925 2242 wie
953 2210 1006 2251 11,
1028 2210 1071 2241 24
1096 2209 1153 2242 Me
1176 2219 1256 2241 vero
1283 2210 1448 2242 delectat.

909 2266 1059 2298 agamus
1076 2256 1173 2287 lzaee.
1201 2254 1280 2296 Vgl.
1300 2255 1356 2297 20,
1375 2256 1439 2288 46:
1468 2257 1539 2287 nisi

865 2301 901 2333 id
920 2303 1012 2343 agit.
