1684 2819
645 180 1018 223 LissER-n.1o,37.
1481 180 1534 219 95

687 295 802 350 apdd
820 296 1039 336 Lacaenas
1060 294 1263 359 virgeneS‚

220 352 372 417 anbas
392 351 527 406 ma'gz's
542 353 776 405 palaestra,
802 351 981 399 Eurota,
1005 353 1082 399 sol,
1103 349 1255 405 palm's‘,
1281 350 1414 397 labor,

216 406 378 450 IPIzlz'tz'a
399 410 441 448 in
461 410 596 455 studio
620 414 694 455 e-,9t
720 407 838 461 qaa'm
849 409 932 462 fe7
935 410 1065 449 li‘lnas
1087 406 1162 448 ha'7
1166 407 1284 447 bara.

130 466 238 518 Ergo
270 464 329 504 his
362 464 570 505 laboriosis
601 463 953 505 exercitationibus
977 471 1016 504 et
1046 464 1159 505 dolor
1187 463 1416 503 intercurrit
1438 477 1535 503 non-

130 534 361 574 numquam:
396 521 662 574 impelluntur,
689 520 899 570 feriuntur,
924 520 1174 570 abiiciuntur,
1199 519 1364 571 cadunt,
1390 527 1429 560 et
1449 520 1534 574 ipse

129 578 241 619 labor
261 577 372 630 quasi
396 578 534 617 callum
559 577 751 631 quoddam
775 576 931 617 obducit
953 577 1093 617 dolori.

243 644 422 685 Militiam
444 657 540 685 vero
570 646 763 695 (nostram
786 644 869 684 dico
884 673 893 689 ,
928 658 1007 683 non
1029 643 1339 696 Spartiatarum,
1375 656 1537 696 quorum
1553 641 1608 687 16

132 702 306 755 procedit
337 701 439 740 acies
471 701 518 739 ad
550 700 708 749 tibiam,
750 713 822 739 nec
853 699 1060 739 adhibetur
1088 699 1168 739 ulla
1198 699 1284 739 sine
1313 699 1536 752 anapaestis
1560 707 1600 739 37

129 757 290 811 pedibus
314 756 502 804 hortatio)
526 780 581 785 ——
610 756 735 795 nostri
759 756 959 797 exercitus
989 755 1156 809 primum
1178 755 1280 795 unde
1304 769 1447 795 nomen
1469 756 1536 795 ha-

127 815 270 861 beant,
295 812 428 862 vides,
463 811 628 861 deinde,
655 812 721 865 qui
742 812 875 861 labor,
901 819 1071 865 quantus
1094 811 1286 865 agminis:

128 868 314 909 dimidiati
338 867 485 909 mensis
508 867 675 917 cibaria3
709 869 815 908 ferre
833 899 843 918 ,

126 925 287 966 vallum.
327 924 426 966 Nam
448 932 615 976 scutum,
640 925 831 978 gladium,

172 1078 341 1118 virgines,
361 1076 393 1107 in
413 1076 473 1108 der
489 1076 610 1108 Poesie
629 1076 718 1109 oster
734 1087 799 1109 von

123 1122 251 1163 jungen
270 1120 417 1153 Frauen.

172 1178 304 1210 militia
336 1193 381 1203 =
414 1178 590 1210 militares
623 1180 798 1210 exercita-

128 1226 258 1255 tiones.

172 1270 208 1299 z‘n
224 1268 345 1299 stadio
360 1272 424 1308 est,
441 1262 507 1299 εἴη.
520 1269 600 1310 hey„
617 1269 699 1300 doch
714 1270 797 1301 nach

126 1311 289 1353 Analogie
307 1323 370 1344 von
390 1316 426 1345 in
444 1312 592 1354 deliciis,
613 1316 647 1345 in
666 1315 799 1346 honore

126 1368 201 1390 esse
217 1369 250 1389 u.
268 1358 334 1399 dgl.
355 1358 578 1399 (Lachmann,
598 1370 639 1390 zu
658 1359 795 1392 Lucret.

125 1403 166 1435 11.
188 1404 310 1446 p.231‚
339 1414 371 1434 u.
391 1403 539 1436 Ribbeck
558 1405 670 1436 halten
689 1407 725 1436 in
745 1405 800 1436 fiir

125 1449 247 1481 unecht
274 1449 339 1480 und
367 1449 490 1481 studio
517 1449 603 1481 daun
630 1451 798 1483 natiirlicb

126 1493 182 1525 fiir
198 1495 260 1526 den
280 1494 410 1534 Dativ.)

162 1550 348 1591 fertilitas
368 1552 536 1583 barbara.
570 1551 639 1583 Der
655 1551 800 1584 Rinder-

126 1596 310 1627 reichthum
336 1601 459 1627 musste
487 1596 587 1627 durch
618 1597 675 1628 das
702 1598 798 1638 triige

125 1640 317 1680 wolliistige
352 1640 466 1672 Leben
508 1641 568 1672 der
600 1641 798 1674 Orientalen

124 1685 220 1717 mehr
247 1684 419 1716 besordert
435 1686 568 1717 werden
583 1711 592 1726 ,
622 1687 673 1718 als
694 1687 797 1720 durch

126 1731 179 1762 die
219 1731 492 1773 gymnastischen
519 1730 700 1772 Uebungen
740 1733 800 1765 der

128 1775 314 1818 Spartaner
339 1776 404 1806 und
432 1776 524 1808 ihrer
543 1775 686 1809 Frauen.
716 1778 799 1817 (He—

126 1821 211 1852 cuba
230 1821 323 1852 hatte
345 1821 398 1858 17,
418 1820 584 1862 Priamus,
605 1822 743 1855 Danaus
763 1835 795 1855 u.

126 1866 297 1909 Aegyptus
317 1866 358 1896 50
376 1864 534 1907 Rinder.)

126 1923 423 2009 chanaam
436 1923 470 1986 5¹¹
501 1923 798 2010 taxatae&

126 2013 300 2045 stossen“.
473 1992 496 2009 ’⁹

170 2057 302 2089 callam
315 2075 354 2081 —-
368 2058 515 2090 obducit
531 2059 669 2091 dolori:
692 2060 797 2099 „hiir-

123 2106 173 2134 tet
199 2102 240 2134 ab
266 2113 371 2143 gegen
397 2103 460 2136 (len
479 2104 679 2136 Schmerz“.
718 2104 794 2145 Vgl.

125 2147 167 2178 ad
186 2147 264 2179 sam.
286 2147 347 2180 IX.
368 2148 400 2187 2,
417 2148 457 2180 3:
487 2150 706 2182 consuetudo
726 2151 798 2182 cal-

125 2192 197 2224 lum
216 2193 371 2225 obduxit
386 2196 569 2227 stomacho
586 2206 686 2234 meo;
712 2196 795 2227 auch

124 2242 227 2269 unten
246 2237 304 2270 111.
326 2238 380 2279 22,
403 2239 458 2271 53.

169 2290 233 2329 16.
254 2294 308 2325 37.
335 2295 505 2327 Militiam
523 2306 617 2336 vero,
638 2296 681 2328 im
694 2296 796 2328 Sinne

123 2349 189 2370 von
201 2339 260 2371 Ad
271 2340 345 2371 mil.
362 2350 444 2372 vero
463 2342 556 2382 quod
569 2344 716 2382 attinet,
742 2342 795 2373 ein

124 2384 202 2415 sehr
216 2384 411 2426 auffalliges
421 2386 612 2418 Anakoluth
626 2387 683 2428 (da
696 2388 797 2420 nach-

125 2428 186 2460 her
201 2430 261 2461 mit
285 2433 405 2463 nostri
431 2434 609 2464 emer-citus
636 2433 689 2464 die
708 2432 796 2464 Con—

126 2475 286 2506 struction
307 2486 391 2516 ganz
410 2487 472 2508 neu
490 2477 643 2520 anhebt),
672 2478 718 2510 ist
736 2479 797 2509 da-

127 2518 228 2551 durch
247 2531 288 2552 zu
307 2521 474 2563 erklaren,
489 2523 565 2554 dass
585 2524 719 2555 militia
731 2534 795 2554 von

127 2568 286 2597 nostram
316 2567 476 2599 attrahirt
508 2568 566 2599 ist.
631 2568 792 2600 Aehnlich

128 2608 210 2640 oben
242 2609 267 2642 1.
287 2611 350 2652 24,
371 2613 434 2644 56:
473 2615 631 2645 animum
664 2616 793 2655 ipsum.

1324 813 1427 851 ferre
1450 812 1536 865 plus

876 869 908 909 si
930 869 1019 921 quid
1047 869 1093 909 ad
1117 882 1229 909 usum
1251 867 1399 918 velint,
1434 869 1537 908 ferre

867 925 1018 979 galeam
1040 926 1081 965 in
1104 938 1226 964 onere
1248 924 1373 965 nostri
1395 924 1539 964 milites

869 1076 947 1117 vgl.
975 1075 1077 1116 Verg.
1106 1075 1190 1107 Aen.
1221 1075 1247 1107 I.
1276 1076 1361 1107 573:

869 1133 976 1165 qnam
994 1125 1130 1161 statuo,
1154 1124 1274 1152 vestra
1294 1124 1359 1152 est.

915 1169 1022 1206 acies,
1043 1166 1272 1206 Wesenbergs
1287 1165 1543 1205 Verhesserung

868 1212 926 1244 des
938 1212 1110 1244 sinnlosen
1123 1212 1314 1243 admodum
1326 1211 1542 1251 deerschr.,

868 1258 913 1289 ist
940 1258 1000 1289 der
1026 1257 1141 1289 bisher
1160 1256 1459 1297 aufgenommenen
1477 1266 1542 1287 von

868 1303 1062 1341 Lambinus,
1083 1313 1222 1344 agmen,
1241 1302 1481 1342 vorzuzieben,
1502 1301 1544 1332 da

869 1349 922 1379 die
941 1347 1067 1379 Laced.
1088 1348 1180 1379 nicht
1198 1347 1258 1379 auf
1281 1348 1354 1379 dem
1373 1346 1542 1384 Marsche‚

870 1393 1012 1425 sondern
1038 1393 1124 1424 heim
1150 1393 1277 1433 Beginn
1305 1394 1364 1424 der
1383 1392 1544 1423 Schlacht

1416 1074 1541 1108 Urbem

858 1439 941 1471 sich
968 1439 1027 1470 der
1052 1438 1169 1470 Floten
1205 1438 1383 1470 bedienten
1417 1436 1462 1479 (s.
1493 1437 1544 1467 die

869 1484 950 1525 folg.
963 1484 1090 1515 Stellen
1101 1493 1161 1515 aus
1171 1483 1277 1515 Thuc.
1290 1482 1405 1515 u.Val.
1416 1481 1541 1524 Max.).

915 1530 963 1561 ad
981 1530 1124 1568 tibiam,
1148 1529 1239 1560 nieht
1257 1529 1304 1560 ad
1318 1529 1458 1567 tubam,
1478 1528 1543 1559 wie

868 1574 923 1606 hei
942 1574 1005 1605 den
1024 1574 1149 1605 andern
1170 1573 1332 1605 Vb'lkern.
1369 1572 1476 1604 Thuc
1497 1571 1539 1603 V.

870 1620 932 1650 70:
967 1614 1260 1670 Λακεδαιμόνιοι
1288 1617 1456 1670 βραδέως
1479 1617 1542 1649 καὶ

867 1660 940 1695 ὑπὸ
960 1660 1125 1704 αὐλητῶν
1143 1664 1288 1695 πολλῶ]
1313 1659 1416 1706 νόιιῳ
1433 1662 1541 1715 ἐγκα-

866 1705 1068 1741 &semmaa
1100 1727 1145 1731 —
1179 1708 1238 1740 ἱνα
1271 1692 1417 1753 ὁμαλῶς
1449 1705 1540 1749 μετὰ

868 1754 1014 1809 ῥυθμοῦ
1069 1755 1257 1794 βαίιοντες
1311 1751 1538 1806 προέλθοιεν,

866 1799 929 1831 καὶ
967 1811 1018 1843 μη
1061 1796 1316 1840 ὃιασπασθειη
1357 1795 1481 1835 αἰτοῖς
1520 1796 1540 1839 ἡ

868 1841 980 1881 τάξις.

913 1892 1122 1931 anapaestis
1151 1889 1316 1931 pedibas.
1359 1887 1436 1929 vgl.
1463 1887 1540 1920 Val.

866 1933 958 1966 Max.
978 1934 1020 1966 ll.
1041 1935 1080 1976 6,
1101 1935 1140 1966 2:
1175 1934 1542 1967 Lacedaemoniorum

867 1982 1048 2012 eoeercitus
1061 1991 1130 2012 non
1144 1984 1227 2012 ante
1240 1979 1288 2011 ad
1303 1978 1540 2011 dimicandum

868 2025 1075 2057 descendere
1093 2026 1267 2065 solebant,
1297 2035 1402 2067 quam
1433 2025 1542 2056 tibiae

868 2074 1041 2102 concentu
1069 2074 1104 2102 et
1126 2073 1319 2111 anapaesti
1338 2069 1441 2111 pedis
1467 2079 1542 2100 mo-

867 2116 950 2147 dulo
970 2117 1234 2148 cohortationis
1249 2115 1403 2147 calorem
1422 2116 1540 2146 animo

868 2164 1080 2202 traxissent,
1111 2165 1233 2202 vegeto
1253 2164 1289 2192 et
1306 2161 1428 2192 crebro
1445 2162 1540 2191 ictus

865 2217 952 2238 sono
1003 2209 1146 2237 strenae
1195 2207 1330 2237 hostem
1371 2205 1541 2237 invadere

867 2251 1057 2283 admoniti.
1131 2250 1254 2282 Solche
1304 2250 1540 2292 anap'astische

864 2293 1095 2349 κελεύσματα
1110 2296 1183 2327 sind
1198 2306 1259 2328 uns
1275 2296 1356 2328 noch
1370 2296 1537 2335 erhalten,

865 2352 894 2373 z.
916 2342 954 2373 B.
974 2336 1044 2384 ”Ay
1046 2337 1107 2379 et’,
1135 2335 1162 2372 ὦ
1186 2337 1368 2393 Σπάρτας
1393 2340 1539 2373 ἕιοπλοι

864 2387 1000 2440 κοῦροι,
1020 2386 1109 2419 ποτὶ
1127 2384 1194 2418 τὰν
1204 2382 1329 2429 ’ἰοεως
1344 2387 1501 2418 κίιασιν.

911 2434 974 2474 qui
997 2433 1109 2472 labor,
1139 2435 1297 2473 quantus
1325 2433 1477 2473 ag'mz'nzs
1494 2444 1539 2456 ==

865 2480 936 2520 qui,
959 2481 1114 2519 quantus
1133 2478 1236 2509 labor
1253 2478 1429 2518 agminzs!

911 2523 1058 2563 cz'stbarza
1080 2523 1161 2555 nach
1182 2522 1340 2554 Cfisarh.
1360 2521 1424 2552 civ.
1445 2518 1471 2551 Ι.
1494 2518 1535 2550 78

864 2567 920 2600 fiir
946 2567 988 2599 22
1015 2567 1128 2609 Tage,

865 2614 962 2645 einen
980 2611 1108 2645 Monat.

1174 2567 1248 2599 Liv.
1279 2564 1402 2598 XLIV.
1429 2564 1448 2596 2
1483 2564 1537 2596 fiir
