<?xml version="1.0" encoding="UTF-8"?>
<!DOCTYPE html PUBLIC "-//W3C//DTD XHTML 1.0 Transitional//EN"
    "http://www.w3.org/TR/xhtml1/DTD/xhtml1-transitional.dtd">
<html xmlns="http://www.w3.org/1999/xhtml" xml:lang="en" lang="en">
 <head>
  <title>
</title>
<meta http-equiv="Content-Type" content="text/html;charset=utf-8" />
  <meta name='ocr-system' content='tesseract 3.04.00' />
  <meta name='ocr-capabilities' content='ocr_page ocr_carea ocr_par ocr_line ocrx_word'/>
</head>
<body>
  <div class='ocr_page' id='page_1' title='image "./tusculanarumdisp00ciceuoft_0202.png"; bbox 0 0 1684 2819; ppageno 0'>
   <div class='ocr_carea' id='block_1_1' title="bbox 86 140 1572 1552">
    <p class='ocr_par' dir='ltr' id='par_1_1' title="bbox 159 140 1569 477">
     <span class='ocr_line' id='line_1_1' title="bbox 165 140 1165 191; baseline 0.001 -15"><span class='ocrx_word' id='word_1_1' title='bbox 165 145 244 184; x_wconf 78' lang='lat'><strong>175</strong></span> <span class='ocrx_word' id='word_1_2' title='bbox 564 143 727 176; x_wconf 69' lang='lat' dir='ltr'><strong>maun</strong></span> <span class='ocrx_word' id='word_1_3' title='bbox 749 144 805 191; x_wconf 67' lang='lat' dir='ltr'><strong>iv.</strong></span> <span class='ocrx_word' id='word_1_4' title='bbox 837 146 890 187; x_wconf 86' lang='lat'><strong>11,</strong></span> <span class='ocrx_word' id='word_1_5' title='bbox 912 140 966 177; x_wconf 59' lang='grc' dir='ltr'><strong>ῥα.</strong></span> <span class='ocrx_word' id='word_1_6' title='bbox 988 145 1042 177; x_wconf 81' lang='lat'><strong>27.</strong></span> <span class='ocrx_word' id='word_1_7' title='bbox 1113 145 1165 177; x_wconf 85' lang='lat'><strong>12.</strong></span> 
     </span>
     <span class='ocr_line' id='line_1_2' title="bbox 160 255 1568 312; baseline 0 -14"><span class='ocrx_word' id='word_1_8' title='bbox 160 256 271 298; x_wconf 88' lang='lat' dir='ltr'><strong>Atilii</strong></span> <span class='ocrx_word' id='word_1_9' title='bbox 293 264 378 305; x_wconf 80' lang='lat' dir='ltr'><strong>est,</strong></span> <span class='ocrx_word' id='word_1_10' title='bbox 411 264 453 296; x_wconf 90' lang='lat' dir='ltr'><strong>ut</strong></span> <span class='ocrx_word' id='word_1_11' title='bbox 482 258 521 295; x_wconf 79' lang='lat' dir='ltr'><strong>iu</strong></span> <span class='ocrx_word' id='word_1_12' title='bbox 544 255 748 295; x_wconf 75' lang='lat' dir='ltr'><strong>hominum</strong></span> <span class='ocrx_word' id='word_1_13' title='bbox 770 257 1003 296; x_wconf 76' lang='lat' dir='ltr'><strong>universnm</strong></span> <span class='ocrx_word' id='word_1_14' title='bbox 1023 271 1183 312; x_wconf 74' lang='lat' dir='ltr'><strong>genus,</strong></span> <span class='ocrx_word' id='word_1_15' title='bbox 1216 258 1316 311; x_wconf 89' lang='lat' dir='ltr'><strong>quod</strong></span> <span class='ocrx_word' id='word_1_16' title='bbox 1347 257 1568 311; x_wconf 81' lang='lat' dir='ltr'><strong>accepimus</strong></span> 
     </span>
     <span class='ocr_line' id='line_1_3' title="bbox 160 306 1569 369; baseline 0 -15"><span class='ocrx_word' id='word_1_17' title='bbox 160 314 206 354; x_wconf 88' lang='lat' dir='ltr'><strong>de</strong></span> <span class='ocrx_word' id='word_1_18' title='bbox 229 314 395 354; x_wconf 78' lang='lat' dir='ltr'>Timone</span> <span class='ocrx_word' id='word_1_19' title='bbox 417 311 501 364; x_wconf 89' lang='lat' dir='ltr'><strong>(qui</strong></span> <span class='ocrx_word' id='word_1_20' title='bbox 523 307 840 365; x_wconf 72' lang='grc' dir='ltr'><em>μισάνθρωποι</em></span> <span class='ocrx_word' id='word_1_21' title='bbox 863 306 1149 367; x_wconf 71' lang='lat' dir='ltr'><strong>appellantur5‚</strong></span> <span class='ocrx_word' id='word_1_22' title='bbox 1185 321 1229 354; x_wconf 88' lang='lat' dir='ltr'><strong>ut</strong></span> <span class='ocrx_word' id='word_1_23' title='bbox 1258 315 1569 369; x_wconf 73' lang='lat' dir='ltr'><em>inhospitalitas</em></span> 
     </span>
     <span class='ocr_line' id='line_1_4' title="bbox 159 367 1567 423; baseline -0.001 -12"><span class='ocrx_word' id='word_1_24' title='bbox 159 378 242 420; x_wconf 65' lang='lat' dir='ltr'><strong>est,</strong></span> <span class='ocrx_word' id='word_1_25' title='bbox 269 382 368 423; x_wconf 88' lang='lat' dir='ltr'><strong>quae</strong></span> <span class='ocrx_word' id='word_1_26' title='bbox 391 380 528 407; x_wconf 92' lang='lat' dir='ltr'><strong>omnes</strong></span> <span class='ocrx_word' id='word_1_27' title='bbox 551 367 846 420; x_wconf 73' lang='lat' dir='ltr'><strong>aegrotationes</strong></span> <span class='ocrx_word' id='word_1_28' title='bbox 868 368 988 408; x_wconf 88' lang='lat' dir='ltr'><strong>animi</strong></span> <span class='ocrx_word' id='word_1_29' title='bbox 1010 382 1064 409; x_wconf 79' lang='lat' dir='ltr'><strong>ex</strong></span> <span class='ocrx_word' id='word_1_30' title='bbox 1084 370 1248 423; x_wconf 88' lang='lat' dir='ltr'><strong>quodam</strong></span> <span class='ocrx_word' id='word_1_31' title='bbox 1273 377 1378 411; x_wconf 91' lang='lat' dir='ltr'><strong>metu</strong></span> <span class='ocrx_word' id='word_1_32' title='bbox 1400 384 1567 411; x_wconf 82' lang='lat' dir='ltr'><strong>nascun-</strong></span> 
     </span>
     <span class='ocr_line' id='line_1_5' title="bbox 160 423 1114 477; baseline -0.001 -10"><span class='ocrx_word' id='word_1_33' title='bbox 160 434 223 467; x_wconf 90' lang='lat' dir='ltr'><strong>tur</strong></span> <span class='ocrx_word' id='word_1_34' title='bbox 244 439 378 466; x_wconf 90' lang='lat' dir='ltr'><strong>earum</strong></span> <span class='ocrx_word' id='word_1_35' title='bbox 402 437 552 472; x_wconf 84' lang='lat' dir='ltr'><strong>rerum,</strong></span> <span class='ocrx_word' id='word_1_36' title='bbox 573 437 669 477; x_wconf 81' lang='lat' dir='ltr'><strong>quas</strong></span> <span class='ocrx_word' id='word_1_37' title='bbox 694 423 849 477; x_wconf 85' lang='lat' dir='ltr'><strong>fugiunt</strong></span> <span class='ocrx_word' id='word_1_38' title='bbox 871 431 909 464; x_wconf 92' lang='lat' dir='ltr'><strong>et</strong></span> <span class='ocrx_word' id='word_1_39' title='bbox 931 425 1114 466; x_wconf 90' lang='lat' dir='ltr'><strong>oderunt.</strong></span> 
     </span>
    </p>

    <p class='ocr_par' dir='ltr' id='par_1_2' title="bbox 135 481 1572 1044">
     <span class='ocr_line' id='line_1_6' title="bbox 271 481 1567 535; baseline 0.002 -14"><span class='ocrx_word' id='word_1_40' title='bbox 271 481 471 521; x_wconf 85' lang='lat' dir='ltr'><strong>Definiunt</strong></span> <span class='ocrx_word' id='word_1_41' title='bbox 499 487 629 521; x_wconf 85' lang='lat' dir='ltr'><strong>autem</strong></span> <span class='ocrx_word' id='word_1_42' title='bbox 660 481 781 520; x_wconf 90' lang='lat' dir='ltr'><strong>animi</strong></span> <span class='ocrx_word' id='word_1_43' title='bbox 803 482 1129 535; x_wconf 77' lang='lat' dir='ltr'><em>aegrotationem</em></span> <span class='ocrx_word' id='word_1_44' title='bbox 1153 482 1418 535; x_wconf 80' lang='lat' dir='ltr'><strong>opinationem</strong></span> <span class='ocrx_word' id='word_1_45' title='bbox 1448 482 1567 523; x_wconf 79' lang='lat' dir='ltr'><strong>velie-</strong></span> 
     </span>
     <span class='ocr_line' id='line_1_7' title="bbox 158 537 1563 592; baseline 0.001 -14"><span class='ocrx_word' id='word_1_46' title='bbox 158 545 328 579; x_wconf 82' lang='lat' dir='ltr'><strong>mentem</strong></span> <span class='ocrx_word' id='word_1_47' title='bbox 351 537 397 576; x_wconf 92' lang='lat' dir='ltr'><strong>de</strong></span> <span class='ocrx_word' id='word_1_48' title='bbox 419 550 463 577; x_wconf 88' lang='lat' dir='ltr'><strong>re</strong></span> <span class='ocrx_word' id='word_1_49' title='bbox 485 551 564 577; x_wconf 87' lang='lat' dir='ltr'><strong>non</strong></span> <span class='ocrx_word' id='word_1_50' title='bbox 596 537 840 591; x_wconf 84' lang='lat' dir='ltr'><strong>expetenda,</strong></span> <span class='ocrx_word' id='word_1_51' title='bbox 878 544 1072 589; x_wconf 77' lang='lat' dir='ltr'><strong>tamquam</strong></span> <span class='ocrx_word' id='word_1_52' title='bbox 1103 538 1216 578; x_wconf 85' lang='lat' dir='ltr'><strong>valde</strong></span> <span class='ocrx_word' id='word_1_53' title='bbox 1246 540 1466 592; x_wconf 82' lang='lat' dir='ltr'><strong>expetenda</strong></span> <span class='ocrx_word' id='word_1_54' title='bbox 1497 540 1563 588; x_wconf 75' lang='lat' dir='ltr'><strong>sit,</strong></span> 
     </span>
     <span class='ocr_line' id='line_1_8' title="bbox 157 593 1567 648; baseline 0.001 -14"><span class='ocrx_word' id='word_1_55' title='bbox 157 596 430 635; x_wconf 80' lang='lat' dir='ltr'><strong>inhaerentem</strong></span> <span class='ocrx_word' id='word_1_56' title='bbox 454 601 492 634; x_wconf 85' lang='lat' dir='ltr'><strong>et</strong></span> <span class='ocrx_word' id='word_1_57' title='bbox 513 594 668 647; x_wconf 89' lang='lat' dir='ltr'><strong>penitus</strong></span> <span class='ocrx_word' id='word_1_58' title='bbox 690 594 862 634; x_wconf 91' lang='lat' dir='ltr'><strong>insitam.</strong></span> <span class='ocrx_word' id='word_1_59' title='bbox 892 593 1000 644; x_wconf 86' lang='lat' dir='ltr'><strong>Quod</strong></span> <span class='ocrx_word' id='word_1_60' title='bbox 1024 600 1154 635; x_wconf 87' lang='lat' dir='ltr'><strong>autem</strong></span> <span class='ocrx_word' id='word_1_61' title='bbox 1172 595 1348 635; x_wconf 86' lang='lat' dir='ltr'><strong>nascitur</strong></span> <span class='ocrx_word' id='word_1_62' title='bbox 1369 609 1423 635; x_wconf 84' lang='lat' dir='ltr'><strong>ex</strong></span> <span class='ocrx_word' id='word_1_63' title='bbox 1439 594 1567 648; x_wconf 79' lang='lat' dir='ltr'><strong>offen-</strong></span> 
     </span>
     <span class='ocr_line' id='line_1_9' title="bbox 155 650 1564 705; baseline 0.001 -14"><span class='ocrx_word' id='word_1_64' title='bbox 155 654 284 700; x_wconf 75' lang='lat' dir='ltr'><strong>sione,</strong></span> <span class='ocrx_word' id='word_1_65' title='bbox 299 651 353 690; x_wconf 89' lang='lat' dir='ltr'><strong>ita</strong></span> <span class='ocrx_word' id='word_1_66' title='bbox 370 650 581 690; x_wconf 90' lang='lat' dir='ltr'><strong>definiunt:</strong></span> <span class='ocrx_word' id='word_1_67' title='bbox 608 651 830 704; x_wconf 82' lang='lat' dir='ltr'><strong>opinionem</strong></span> <span class='ocrx_word' id='word_1_68' title='bbox 850 650 1122 691; x_wconf 88' lang='lat' dir='ltr'><strong>vehementem</strong></span> <span class='ocrx_word' id='word_1_69' title='bbox 1142 650 1188 703; x_wconf 78' lang='lat' dir='ltr'><strong>de</strong></span> <span class='ocrx_word' id='word_1_70' title='bbox 1205 664 1249 691; x_wconf 88' lang='lat' dir='ltr'><strong>re</strong></span> <span class='ocrx_word' id='word_1_71' title='bbox 1267 665 1346 691; x_wconf 90' lang='lat' dir='ltr'><strong>non</strong></span> <span class='ocrx_word' id='word_1_72' title='bbox 1363 652 1564 705; x_wconf 84' lang='lat' dir='ltr'><strong>fugienda,</strong></span> 
     </span>
     <span class='ocr_line' id='line_1_10' title="bbox 154 706 1566 761; baseline 0 -13"><span class='ocrx_word' id='word_1_73' title='bbox 154 707 424 748; x_wconf 87' lang='lat' dir='ltr'><strong>inhaerentem</strong></span> <span class='ocrx_word' id='word_1_74' title='bbox 449 714 486 746; x_wconf 83' lang='lat' dir='ltr'><strong>et</strong></span> <span class='ocrx_word' id='word_1_75' title='bbox 505 707 659 760; x_wconf 87' lang='lat' dir='ltr'><strong>penitus</strong></span> <span class='ocrx_word' id='word_1_76' title='bbox 676 708 849 756; x_wconf 86' lang='lat' dir='ltr'><strong>insitam,</strong></span> <span class='ocrx_word' id='word_1_77' title='bbox 873 715 1068 759; x_wconf 88' lang='lat' dir='ltr'><strong>tamquam</strong></span> <span class='ocrx_word' id='word_1_78' title='bbox 1087 707 1281 761; x_wconf 82' lang='lat' dir='ltr'><strong>fugienda.</strong></span> <span class='ocrx_word' id='word_1_79' title='bbox 1308 706 1413 748; x_wconf 83' lang='lat' dir='ltr'><strong>Haec</strong></span> <span class='ocrx_word' id='word_1_80' title='bbox 1435 715 1566 749; x_wconf 87' lang='lat' dir='ltr'><strong>autem</strong></span> 
     </span>
     <span class='ocr_line' id='line_1_11' title="bbox 156 763 1572 819; baseline 0.001 -16"><span class='ocrx_word' id='word_1_81' title='bbox 156 764 332 818; x_wconf 84' lang='lat' dir='ltr'><strong>opinatio</strong></span> <span class='ocrx_word' id='word_1_82' title='bbox 369 771 428 805; x_wconf 86' lang='lat' dir='ltr'><strong>est</strong></span> <span class='ocrx_word' id='word_1_83' title='bbox 464 764 648 804; x_wconf 86' lang='lat' dir='ltr'><strong>iudicatio</strong></span> <span class='ocrx_word' id='word_1_84' title='bbox 685 777 728 804; x_wconf 85' lang='lat' dir='ltr'><strong>se</strong></span> <span class='ocrx_word' id='word_1_85' title='bbox 766 764 883 811; x_wconf 86' lang='lat' dir='ltr'><strong>scire,</strong></span> <span class='ocrx_word' id='word_1_86' title='bbox 920 764 1021 816; x_wconf 88' lang='lat' dir='ltr'><strong>quod</strong></span> <span class='ocrx_word' id='word_1_87' title='bbox 1053 764 1219 805; x_wconf 87' lang='lat' dir='ltr'><strong>nesciat.</strong></span> <span class='ocrx_word' id='word_1_88' title='bbox 1263 763 1572 819; x_wconf 80' lang='lat' dir='ltr'><strong>Aegrotatz&#39;om&#39;</strong></span> 
     </span>
     <span class='ocr_line' id='line_1_12' title="bbox 156 821 1566 874; baseline 0.001 -14"><span class='ocrx_word' id='word_1_89' title='bbox 156 828 288 861; x_wconf 89' lang='lat' dir='ltr'><strong>autem</strong></span> <span class='ocrx_word' id='word_1_90' title='bbox 314 821 405 861; x_wconf 88' lang='lat' dir='ltr'><strong>talia</strong></span> <span class='ocrx_word' id='word_1_91' title='bbox 429 822 616 874; x_wconf 83' lang='lat' dir='ltr'><strong>quaedam</strong></span> <span class='ocrx_word' id='word_1_92' title='bbox 640 821 812 861; x_wconf 84' lang='lat' dir='ltr'><strong>subiecta</strong></span> <span class='ocrx_word' id='word_1_93' title='bbox 836 827 952 860; x_wconf 86' lang='lat' dir='ltr'><strong>sunt:</strong></span> <span class='ocrx_word' id='word_1_94' title='bbox 989 823 1184 870; x_wconf 69' lang='lat' dir='ltr'><strong>avaritia,</strong></span> <span class='ocrx_word' id='word_1_95' title='bbox 1217 821 1401 870; x_wconf 83' lang='lat' dir='ltr'><strong>ambitio,</strong></span> <span class='ocrx_word' id='word_1_96' title='bbox 1427 822 1566 861; x_wconf 80' lang='lat' dir='ltr'><strong>mulie·</strong></span> 
     </span>
     <span class='ocr_line' id='line_1_13' title="bbox 135 877 1561 932; baseline 0 -15"><span class='ocrx_word' id='word_1_97' title='bbox 135 879 323 925; x_wconf 55' lang='lat' dir='ltr'><strong>amitas,</strong></span> <span class='ocrx_word' id='word_1_98' title='bbox 343 879 597 932; x_wconf 65' lang='lat' dir='ltr'><strong>pervicacia,</strong></span> <span class='ocrx_word' id='word_1_99' title='bbox 624 878 857 932; x_wconf 60' lang='lat' dir='ltr'><strong>ligurritim</strong></span> <span class='ocrx_word' id='word_1_100' title='bbox 883 878 1123 925; x_wconf 70' lang='lat' dir='ltr'><strong>vinolentia,</strong></span> <span class='ocrx_word' id='word_1_101' title='bbox 1149 877 1366 932; x_wconf 74' lang='lat' dir='ltr'><strong>cuppedia,</strong></span> <span class='ocrx_word' id='word_1_102' title='bbox 1387 885 1425 918; x_wconf 90' lang='lat' dir='ltr'><strong>et</strong></span> <span class='ocrx_word' id='word_1_103' title='bbox 1442 879 1474 918; x_wconf 87' lang='lat' dir='ltr'><strong>si</strong></span> <span class='ocrx_word' id='word_1_104' title='bbox 1491 892 1561 930; x_wconf 87' lang='lat' dir='ltr'><strong>qua</strong></span> 
     </span>
     <span class='ocr_line' id='line_1_14' title="bbox 153 933 1560 988; baseline -0.001 -14"><span class='ocrx_word' id='word_1_105' title='bbox 153 934 312 974; x_wconf 85' lang='lat' dir='ltr'><strong>similia.</strong></span> <span class='ocrx_word' id='word_1_106' title='bbox 347 934 433 974; x_wconf 69' lang='lat' dir='ltr'><strong>,Est</strong></span> <span class='ocrx_word' id='word_1_107' title='bbox 470 941 599 974; x_wconf 88' lang='lat' dir='ltr'><strong>autem</strong></span> <span class='ocrx_word' id='word_1_108' title='bbox 638 934 806 974; x_wconf 86' lang='lat' dir='ltr'><strong>avaritia</strong></span> <span class='ocrx_word' id='word_1_109' title='bbox 843 933 1014 986; x_wconf 89' lang='lat' dir='ltr'><strong>opinatio</strong></span> <span class='ocrx_word' id='word_1_110' title='bbox 1050 935 1264 974; x_wconf 87' lang='lat' dir='ltr'><strong>vehemens</strong></span> <span class='ocrx_word' id='word_1_111' title='bbox 1302 934 1347 974; x_wconf 90' lang='lat' dir='ltr'><strong>de</strong></span> <span class='ocrx_word' id='word_1_112' title='bbox 1381 934 1560 988; x_wconf 87' lang='lat' dir='ltr'><strong>pecunia,</strong></span> 
     </span>
     <span class='ocr_line' id='line_1_15' title="bbox 153 990 1564 1044; baseline 0.001 -14"><span class='ocrx_word' id='word_1_113' title='bbox 153 991 263 1043; x_wconf 86' lang='lat' dir='ltr'><strong>quasi</strong></span> <span class='ocrx_word' id='word_1_114' title='bbox 285 990 400 1030; x_wconf 87' lang='lat' dir='ltr'><strong>valde</strong></span> <span class='ocrx_word' id='word_1_115' title='bbox 422 991 644 1043; x_wconf 84' lang='lat' dir='ltr'><strong>expetenda</strong></span> <span class='ocrx_word' id='word_1_116' title='bbox 668 991 734 1040; x_wconf 84' lang='lat' dir='ltr'><strong>sit,</strong></span> <span class='ocrx_word' id='word_1_117' title='bbox 759 990 971 1030; x_wconf 84' lang='lat' dir='ltr'><strong>inhaerens</strong></span> <span class='ocrx_word' id='word_1_118' title='bbox 995 997 1034 1031; x_wconf 90' lang='lat' dir='ltr'><strong>et</strong></span> <span class='ocrx_word' id='word_1_119' title='bbox 1055 991 1211 1044; x_wconf 90' lang='lat' dir='ltr'><strong>penitus</strong></span> <span class='ocrx_word' id='word_1_120' title='bbox 1233 990 1378 1039; x_wconf 81' lang='lat' dir='ltr'><strong>insita3</strong></span> <span class='ocrx_word' id='word_1_121' title='bbox 1403 991 1564 1031; x_wconf 91' lang='lat' dir='ltr'><strong>similis-</strong></span> 
     </span>
    </p>

    <p class='ocr_par' dir='ltr' id='par_1_3' title="bbox 86 1046 1561 1100">
     <span class='ocr_line' id='line_1_16' title="bbox 86 1046 1561 1100; baseline 0 -13"><span class='ocrx_word' id='word_1_122' title='bbox 86 1056 127 1087; x_wconf 75' lang='lat'><strong>27</strong></span> <span class='ocrx_word' id='word_1_123' title='bbox 151 1060 226 1100; x_wconf 89' lang='lat' dir='ltr'><strong>que</strong></span> <span class='ocrx_word' id='word_1_124' title='bbox 267 1054 327 1086; x_wconf 90' lang='lat' dir='ltr'><strong>est</strong></span> <span class='ocrx_word' id='word_1_125' title='bbox 362 1046 538 1087; x_wconf 89' lang='lat' dir='ltr'><strong>eiusdem</strong></span> <span class='ocrx_word' id='word_1_126' title='bbox 575 1047 733 1100; x_wconf 86' lang='lat' dir='ltr'><strong>generis</strong></span> <span class='ocrx_word' id='word_1_127' title='bbox 770 1046 943 1087; x_wconf 85' lang='lat' dir='ltr'><strong>definitio</strong></span> <span class='ocrx_word' id='word_1_128' title='bbox 975 1047 1232 1099; x_wconf 87' lang='lat' dir='ltr'><strong>reliquarum.</strong></span> <span class='ocrx_word' id='word_1_129' title='bbox 1284 1046 1561 1099; x_wconf 77' lang='lat' dir='ltr'><strong>Qffonsiouam</strong></span> 
     </span>
    </p>

    <p class='ocr_par' dir='ltr' id='par_1_4' title="bbox 151 1103 1563 1213">
     <span class='ocr_line' id='line_1_17' title="bbox 151 1103 1563 1158; baseline -0.001 -15"><span class='ocrx_word' id='word_1_130' title='bbox 151 1110 280 1144; x_wconf 86' lang='lat' dir='ltr'><strong>autem</strong></span> <span class='ocrx_word' id='word_1_131' title='bbox 303 1103 553 1144; x_wconf 86' lang='lat' dir='ltr'><strong>definitiones</strong></span> <span class='ocrx_word' id='word_1_132' title='bbox 575 1111 667 1143; x_wconf 90' lang='lat' dir='ltr'><strong>sunt</strong></span> <span class='ocrx_word' id='word_1_133' title='bbox 690 1103 908 1150; x_wconf 80' lang='lat' dir='ltr'><strong>eiusmodi,</strong></span> <span class='ocrx_word' id='word_1_134' title='bbox 941 1110 982 1143; x_wconf 87' lang='lat' dir='ltr'><strong>ut</strong></span> <span class='ocrx_word' id='word_1_135' title='bbox 1013 1103 1321 1158; x_wconf 65' lang='lat' dir='ltr'><strong>inhospitalitas</strong></span> <span class='ocrx_word' id='word_1_136' title='bbox 1350 1104 1399 1143; x_wconf 84' lang='lat' dir='ltr'><strong>sit</strong></span> <span class='ocrx_word' id='word_1_137' title='bbox 1430 1103 1563 1157; x_wconf 91' lang='lat' dir='ltr'><strong>opinio</strong></span> 
     </span>
     <span class='ocr_line' id='line_1_18' title="bbox 153 1160 1562 1213; baseline 0 -13"><span class='ocrx_word' id='word_1_138' title='bbox 153 1160 390 1210; x_wconf 83' lang='lat' dir='ltr'><strong>vehemens,</strong></span> <span class='ocrx_word' id='word_1_139' title='bbox 426 1160 541 1200; x_wconf 84' lang='lat' dir='ltr'><strong>valde</strong></span> <span class='ocrx_word' id='word_1_140' title='bbox 572 1160 795 1213; x_wconf 85' lang='lat' dir='ltr'><strong>fugiendum</strong></span> <span class='ocrx_word' id='word_1_141' title='bbox 830 1173 917 1201; x_wconf 83' lang='lat' dir='ltr'><strong>esse</strong></span> <span class='ocrx_word' id='word_1_142' title='bbox 940 1160 1160 1213; x_wconf 85' lang='lat' dir='ltr'><strong>hospitem,</strong></span> <span class='ocrx_word' id='word_1_143' title='bbox 1195 1172 1318 1212; x_wconf 86' lang='lat' dir='ltr'><strong>eaque</strong></span> <span class='ocrx_word' id='word_1_144' title='bbox 1350 1160 1562 1201; x_wconf 85' lang='lat' dir='ltr'><strong>inhaerens</strong></span> 
     </span>
    </p>

    <p class='ocr_par' dir='ltr' id='par_1_5' title="bbox 150 1216 1561 1270">
     <span class='ocr_line' id='line_1_19' title="bbox 150 1216 1561 1270; baseline 0 -14"><span class='ocrx_word' id='word_1_145' title='bbox 150 1224 189 1256; x_wconf 89' lang='lat' dir='ltr'><strong>et</strong></span> <span class='ocrx_word' id='word_1_146' title='bbox 210 1217 364 1270; x_wconf 88' lang='lat' dir='ltr'><strong>penitus</strong></span> <span class='ocrx_word' id='word_1_147' title='bbox 386 1217 530 1266; x_wconf 67' lang='lat' dir='ltr'><strong>insita,</strong></span> <span class='ocrx_word' id='word_1_148' title='bbox 559 1217 819 1270; x_wconf 86' lang='lat' dir='ltr'><strong>similiterque</strong></span> <span class='ocrx_word' id='word_1_149' title='bbox 841 1216 1026 1256; x_wconf 87' lang='lat' dir='ltr'><strong>definitur</strong></span> <span class='ocrx_word' id='word_1_150' title='bbox 1049 1224 1087 1256; x_wconf 79' lang='lat' dir='ltr'><strong>et</strong></span> <span class='ocrx_word' id='word_1_151' title='bbox 1108 1217 1321 1256; x_wconf 74' lang='lat' dir='ltr'><strong>mulierum</strong></span> <span class='ocrx_word' id='word_1_152' title='bbox 1346 1217 1495 1265; x_wconf 82' lang='lat' dir='ltr'><strong>odium,</strong></span> <span class='ocrx_word' id='word_1_153' title='bbox 1522 1224 1561 1257; x_wconf 92' lang='lat' dir='ltr'><strong>ut</strong></span> 
     </span>
    </p>

    <p class='ocr_par' dir='ltr' id='par_1_6' title="bbox 149 1273 1126 1327">
     <span class='ocr_line' id='line_1_20' title="bbox 149 1273 1126 1327; baseline 0 -15"><span class='ocrx_word' id='word_1_154' title='bbox 149 1273 364 1327; x_wconf 77' lang='lat' dir='ltr'><strong>Hippolyti,</strong></span> <span class='ocrx_word' id='word_1_155' title='bbox 391 1281 442 1322; x_wconf 85' lang='lat' dir='ltr'><strong>et,</strong></span> <span class='ocrx_word' id='word_1_156' title='bbox 471 1280 512 1313; x_wconf 91' lang='lat' dir='ltr'><strong>ut</strong></span> <span class='ocrx_word' id='word_1_157' title='bbox 534 1273 728 1322; x_wconf 78' lang='lat' dir='ltr'><strong>Timonis,</strong></span> <span class='ocrx_word' id='word_1_158' title='bbox 750 1275 923 1327; x_wconf 74' lang='lat' dir='ltr'><strong>generis</strong></span> <span class='ocrx_word' id='word_1_159' title='bbox 944 1273 1126 1313; x_wconf 80' lang='lat' dir='ltr'><strong>humaui.</strong></span> 
     </span>
    </p>

    <p class='ocr_par' dir='ltr' id='par_1_7' title="bbox 147 1329 1561 1552">
     <span class='ocr_line' id='line_1_21' title="bbox 260 1329 1561 1383; baseline 0 -14"><span class='ocrx_word' id='word_1_160' title='bbox 260 1329 389 1383; x_wconf 85' lang='lat' dir='ltr'><strong>Atque</strong></span> <span class='ocrx_word' id='word_1_161' title='bbox 412 1337 455 1370; x_wconf 88' lang='lat' dir='ltr'><strong>ut</strong></span> <span class='ocrx_word' id='word_1_162' title='bbox 476 1330 523 1369; x_wconf 92' lang='lat' dir='ltr'><strong>ad</strong></span> <span class='ocrx_word' id='word_1_163' title='bbox 545 1330 784 1370; x_wconf 88' lang='lat' dir='ltr'><strong>valetudinis</strong></span> <span class='ocrx_word' id='word_1_164' title='bbox 803 1329 1095 1370; x_wconf 88' lang='lat' dir='ltr'><strong>similitudinem</strong></span> <span class='ocrx_word' id='word_1_165' title='bbox 1116 1329 1322 1369; x_wconf 85' lang='lat' dir='ltr'><strong>veniamus</strong></span> <span class='ocrx_word' id='word_1_166' title='bbox 1341 1342 1464 1382; x_wconf 83' lang='lat' dir='ltr'><strong>eaque</strong></span> <span class='ocrx_word' id='word_1_167' title='bbox 1483 1330 1561 1369; x_wconf 87' lang='lat' dir='ltr'><strong>col-</strong></span> 
     </span>
     <span class='ocr_line' id='line_1_22' title="bbox 148 1385 1559 1439; baseline -0.001 -12"><span class='ocrx_word' id='word_1_168' title='bbox 148 1386 294 1427; x_wconf 83' lang='lat' dir='ltr'><strong>latione</strong></span> <span class='ocrx_word' id='word_1_169' title='bbox 318 1394 473 1427; x_wconf 88' lang='lat' dir='ltr'><strong>utamur</strong></span> <span class='ocrx_word' id='word_1_170' title='bbox 495 1387 721 1439; x_wconf 86' lang='lat' dir='ltr'><strong>aliquando,</strong></span> <span class='ocrx_word' id='word_1_171' title='bbox 747 1388 815 1427; x_wconf 87' lang='lat' dir='ltr'><strong>sed</strong></span> <span class='ocrx_word' id='word_1_172' title='bbox 840 1386 1018 1439; x_wconf 76' lang='lat' dir='ltr'><strong>parcius,</strong></span> <span class='ocrx_word' id='word_1_173' title='bbox 1053 1400 1167 1438; x_wconf 86' lang='lat' dir='ltr'><strong>quam</strong></span> <span class='ocrx_word' id='word_1_174' title='bbox 1191 1385 1319 1426; x_wconf 82' lang='lat' dir='ltr'><strong>solent</strong></span> <span class='ocrx_word' id='word_1_175' title='bbox 1341 1386 1483 1426; x_wconf 91' lang='lat' dir='ltr'><strong>Stoici:</strong></span> <span class='ocrx_word' id='word_1_176' title='bbox 1519 1393 1559 1426; x_wconf 92' lang='lat' dir='ltr'><strong>ut</strong></span> 
     </span>
     <span class='ocr_line' id='line_1_23' title="bbox 147 1442 1560 1498; baseline -0.001 -15"><span class='ocrx_word' id='word_1_177' title='bbox 147 1450 238 1484; x_wconf 87' lang='lat' dir='ltr'><strong>sunt</strong></span> <span class='ocrx_word' id='word_1_178' title='bbox 260 1442 327 1483; x_wconf 91' lang='lat' dir='ltr'><strong>alii</strong></span> <span class='ocrx_word' id='word_1_179' title='bbox 350 1444 398 1483; x_wconf 95' lang='lat' dir='ltr'><strong>ad</strong></span> <span class='ocrx_word' id='word_1_180' title='bbox 421 1442 519 1483; x_wconf 87' lang='lat' dir='ltr'><strong>alios</strong></span> <span class='ocrx_word' id='word_1_181' title='bbox 543 1444 700 1483; x_wconf 85' lang='lat' dir='ltr'><strong>morbos</strong></span> <span class='ocrx_word' id='word_1_182' title='bbox 723 1443 984 1498; x_wconf 83' lang='lat' dir='ltr'><strong>procliviores</strong></span> <span class='ocrx_word' id='word_1_183' title='bbox 1001 1473 1010 1489; x_wconf 87' lang='lat'>‚</span> <span class='ocrx_word' id='word_1_184' title='bbox 1035 1443 1168 1496; x_wconf 86' lang='lat' dir='ltr'><strong>itaque</strong></span> <span class='ocrx_word' id='word_1_185' title='bbox 1191 1443 1353 1482; x_wconf 80' lang='lat' dir='ltr'><strong>dicimus</strong></span> <span class='ocrx_word' id='word_1_186' title='bbox 1376 1443 1560 1496; x_wconf 80' lang='lat' dir='ltr'><strong>gravedi-</strong></span> 
     </span>
     <span class='ocr_line' id='line_1_24' title="bbox 147 1499 1556 1552; baseline 0.001 -13"><span class='ocrx_word' id='word_1_187' title='bbox 147 1513 266 1544; x_wconf 86' lang='lat' dir='ltr'><strong>nosos</strong></span> <span class='ocrx_word' id='word_1_188' title='bbox 290 1499 503 1552; x_wconf 83' lang='lat' dir='ltr'><strong>quosdam,</strong></span> <span class='ocrx_word' id='word_1_189' title='bbox 530 1501 717 1552; x_wconf 88' lang='lat' dir='ltr'><strong>quosdam</strong></span> <span class='ocrx_word' id='word_1_190' title='bbox 742 1500 1005 1548; x_wconf 86' lang='lat' dir='ltr'><strong>torminosos,</strong></span> <span class='ocrx_word' id='word_1_191' title='bbox 1039 1513 1115 1539; x_wconf 90' lang='lat' dir='ltr'><strong>non</strong></span> <span class='ocrx_word' id='word_1_192' title='bbox 1140 1500 1230 1552; x_wconf 87' lang='lat' dir='ltr'><strong>quia</strong></span> <span class='ocrx_word' id='word_1_193' title='bbox 1252 1499 1327 1538; x_wconf 86' lang='lat' dir='ltr'><strong>iam</strong></span> <span class='ocrx_word' id='word_1_194' title='bbox 1352 1499 1456 1549; x_wconf 85' lang='lat' dir='ltr'><strong>sint,</strong></span> <span class='ocrx_word' id='word_1_195' title='bbox 1491 1500 1556 1540; x_wconf 87' lang='lat' dir='ltr'><strong>sed</strong></span> 
     </span>
    </p>
   </div>
   <div class='ocr_carea' id='block_1_2' title="bbox 93 490 135 522">
    <p class='ocr_par' dir='ltr' id='par_1_8' title="bbox 93 490 135 522">
     <span class='ocr_line' id='line_1_25' title="bbox 93 490 135 522; baseline 0 0"><span class='ocrx_word' id='word_1_196' title='bbox 93 490 135 522; x_wconf 81' lang='lat'><strong>26</strong></span> 
     </span>
    </p>
   </div>
   <div class='ocr_carea' id='block_1_3' title="bbox 136 1640 814 2636">
    <p class='ocr_par' dir='ltr' id='par_1_9' title="bbox 142 1640 814 1773">
     <span class='ocr_line' id='line_1_26' title="bbox 191 1640 814 1681; baseline 0.002 -9"><span class='ocrx_word' id='word_1_197' title='bbox 191 1640 312 1673; x_wconf 78' lang='lat' dir='ltr'><strong>Timon</strong></span> <span class='ocrx_word' id='word_1_198' title='bbox 341 1651 401 1672; x_wconf 88' lang='lat' dir='ltr'><strong>aus</strong></span> <span class='ocrx_word' id='word_1_199' title='bbox 420 1641 550 1681; x_wconf 82' lang='lat' dir='ltr'><strong>Athen,</strong></span> <span class='ocrx_word' id='word_1_200' title='bbox 583 1652 624 1673; x_wconf 91' lang='lat' dir='ltr'><strong>zu</strong></span> <span class='ocrx_word' id='word_1_201' title='bbox 653 1640 814 1673; x_wconf 79' lang='lat' dir='ltr'><strong>Sokrates</strong></span> 
     </span>
     <span class='ocr_line' id='line_1_27' title="bbox 143 1686 813 1727; baseline 0 -10"><span class='ocrx_word' id='word_1_202' title='bbox 143 1686 231 1726; x_wconf 79' lang='lat' dir='ltr'><strong>Zeit,</strong></span> <span class='ocrx_word' id='word_1_203' title='bbox 250 1687 352 1718; x_wconf 86' lang='lat' dir='ltr'><strong>durch</strong></span> <span class='ocrx_word' id='word_1_204' title='bbox 366 1686 494 1718; x_wconf 87' lang='lat' dir='ltr'><strong>Lucian</strong></span> <span class='ocrx_word' id='word_1_205' title='bbox 515 1687 547 1718; x_wconf 92' lang='lat' dir='ltr'><strong>in</strong></span> <span class='ocrx_word' id='word_1_206' title='bbox 568 1687 675 1718; x_wconf 80' lang='lat' dir='ltr'><strong>einem</strong></span> <span class='ocrx_word' id='word_1_207' title='bbox 695 1687 813 1727; x_wconf 82' lang='lat' dir='ltr'><strong>eignen</strong></span> 
     </span>
     <span class='ocr_line' id='line_1_28' title="bbox 142 1732 750 1773; baseline -0.002 -10"><span class='ocrx_word' id='word_1_208' title='bbox 142 1732 282 1773; x_wconf 87' lang='lat' dir='ltr'><strong>Dialoge</strong></span> <span class='ocrx_word' id='word_1_209' title='bbox 300 1732 511 1763; x_wconf 84' lang='lat' dir='ltr'><strong>vortrefflich</strong></span> <span class='ocrx_word' id='word_1_210' title='bbox 532 1732 750 1773; x_wconf 81' lang='lat' dir='ltr'><strong>geschildert.</strong></span> 
     </span>
    </p>

    <p class='ocr_par' dir='ltr' id='par_1_10' title="bbox 140 1778 813 1854">
     <span class='ocr_line' id='line_1_29' title="bbox 187 1778 813 1819; baseline 0 -11"><span class='ocrx_word' id='word_1_211' title='bbox 187 1780 250 1819; x_wconf 83' lang='lat' dir='ltr'><strong>qui</strong></span> <span class='ocrx_word' id='word_1_212' title='bbox 262 1796 304 1800; x_wconf 96' lang='lat'><strong>—</strong></span> <span class='ocrx_word' id='word_1_213' title='bbox 320 1778 552 1819; x_wconf 65' lang='lat' dir='ltr'><strong>appellantur</strong></span> <span class='ocrx_word' id='word_1_214' title='bbox 568 1778 813 1819; x_wconf 71' lang='lat' dir='ltr'><strong>„dergleiclien</strong></span> 
     </span>
     <span class='ocr_line' id='line_1_30' title="bbox 140 1821 738 1854; baseline 0 -1"><span class='ocrx_word' id='word_1_215' title='bbox 140 1821 247 1854; x_wconf 88' lang='lat' dir='ltr'><strong>Leute</strong></span> <span class='ocrx_word' id='word_1_216' title='bbox 268 1833 343 1854; x_wconf 87' lang='lat' dir='ltr'><strong>man</strong></span> <span class='ocrx_word' id='word_1_217' title='bbox 363 1825 576 1854; x_wconf 81' lang='lat' dir='ltr'><strong>—ne1111t“.</strong></span> <span class='ocrx_word' id='word_1_218' title='bbox 735 1822 738 1823; x_wconf 46' lang='lat'><em>⁷</em></span> 
     </span>
    </p>

    <p class='ocr_par' dir='ltr' id='par_1_11' title="bbox 138 1871 812 2045">
     <span class='ocr_line' id='line_1_31' title="bbox 185 1871 810 1910; baseline -0.002 -11"><span class='ocrx_word' id='word_1_219' title='bbox 185 1878 276 1910; x_wconf 84' lang='lat' dir='ltr'><strong>quae</strong></span> <span class='ocrx_word' id='word_1_220' title='bbox 312 1887 352 1891; x_wconf 84' lang='lat'><strong>-—</strong></span> <span class='ocrx_word' id='word_1_221' title='bbox 382 1871 652 1909; x_wconf 75' lang='lat' dir='ltr'><strong>aegrotationes</strong></span> <span class='ocrx_word' id='word_1_222' title='bbox 686 1871 810 1901; x_wconf 75' lang='lat' dir='ltr'><strong>animi,</strong></span> 
     </span>
     <span class='ocr_line' id='line_1_32' title="bbox 138 1913 812 1953; baseline -0.001 -9"><span class='ocrx_word' id='word_1_223' title='bbox 138 1914 211 1944; x_wconf 89' lang='lat' dir='ltr'><strong>hier</strong></span> <span class='ocrx_word' id='word_1_224' title='bbox 245 1914 287 1944; x_wconf 92' lang='lat' dir='ltr'><strong>im</strong></span> <span class='ocrx_word' id='word_1_225' title='bbox 315 1913 454 1945; x_wconf 86' lang='lat' dir='ltr'><strong>weitern</strong></span> <span class='ocrx_word' id='word_1_226' title='bbox 475 1913 589 1953; x_wconf 80' lang='lat' dir='ltr'><strong>Sinne,</strong></span> <span class='ocrx_word' id='word_1_227' title='bbox 618 1913 658 1944; x_wconf 88' lang='lat' dir='ltr'><strong>da</strong></span> <span class='ocrx_word' id='word_1_228' title='bbox 687 1924 724 1945; x_wconf 91' lang='lat' dir='ltr'><strong>er</strong></span> <span class='ocrx_word' id='word_1_229' title='bbox 751 1913 812 1944; x_wconf 89' lang='lat' dir='ltr'><strong>das</strong></span> 
     </span>
     <span class='ocr_line' id='line_1_33' title="bbox 138 1959 811 2001; baseline 0 -12"><span class='ocrx_word' id='word_1_230' title='bbox 138 1959 263 1999; x_wconf 89' lang='lat' dir='ltr'><strong>meint,</strong></span> <span class='ocrx_word' id='word_1_231' title='bbox 292 1969 362 1990; x_wconf 80' lang='lat' dir='ltr'><strong>was</strong></span> <span class='ocrx_word' id='word_1_232' title='bbox 389 1969 425 1990; x_wconf 84' lang='lat' dir='ltr'><strong>er</strong></span> <span class='ocrx_word' id='word_1_233' title='bbox 451 1959 574 1990; x_wconf 78' lang='lat' dir='ltr'><strong>vorher</strong></span> <span class='ocrx_word' id='word_1_234' title='bbox 600 1961 811 2001; x_wconf 55' lang='lat' dir='ltr'><strong>osthus-iones</strong></span> 
     </span>
     <span class='ocr_line' id='line_1_34' title="bbox 138 2009 731 2045; baseline 0 -10"><span class='ocrx_word' id='word_1_235' title='bbox 138 2009 297 2045; x_wconf 79' lang='lat' dir='ltr'><strong>genannt.</strong></span> <span class='ocrx_word' id='word_1_236' title='bbox 728 2026 731 2030; x_wconf 60' lang='lat'><em>›</em></span> 
     </span>
    </p>

    <p class='ocr_par' dir='ltr' id='par_1_12' title="bbox 136 2049 811 2456">
     <span class='ocr_line' id='line_1_35' title="bbox 183 2049 811 2089; baseline -0.003 -9"><span class='ocrx_word' id='word_1_237' title='bbox 183 2049 239 2080; x_wconf 78' lang='lat'><strong>26.</strong></span> <span class='ocrx_word' id='word_1_238' title='bbox 275 2050 464 2089; x_wconf 72' lang='lat' dir='ltr'><strong>Dqfim&#39;unt</strong></span> <span class='ocrx_word' id='word_1_239' title='bbox 482 2067 520 2072; x_wconf 92' lang='lat'><strong>—-</strong></span> <span class='ocrx_word' id='word_1_240' title='bbox 543 2051 657 2080; x_wconf 72' lang='lat' dir='ltr'><strong>animi</strong></span> <span class='ocrx_word' id='word_1_241' title='bbox 686 2058 811 2089; x_wconf 75' lang='lat' dir='ltr'><strong>aegro-</strong></span> 
     </span>
     <span class='ocr_line' id='line_1_36' title="bbox 139 2090 811 2137; baseline -0.001 -12"><span class='ocrx_word' id='word_1_242' title='bbox 139 2097 326 2126; x_wconf 70' lang='lat' dir='ltr'><strong>tationum.</strong></span> <span class='ocrx_word' id='word_1_243' title='bbox 342 2110 346 2113; x_wconf 95' lang='lat'>·</span> <span class='ocrx_word' id='word_1_244' title='bbox 367 2094 415 2125; x_wconf 87' lang='lat' dir='ltr'><strong>Da</strong></span> <span class='ocrx_word' id='word_1_245' title='bbox 445 2097 652 2135; x_wconf 68' lang='lat' dir='ltr'><strong>aegrotatio</strong></span> <span class='ocrx_word' id='word_1_246' title='bbox 671 2090 811 2137; x_wconf 66' lang='grc' dir='ltr'>(ιῖςίῥοὶ-</span> 
     </span>
     <span class='ocr_line' id='line_1_37' title="bbox 139 2138 808 2184; baseline 0 -14"><span class='ocrx_word' id='word_1_247' title='bbox 139 2141 275 2184; x_wconf 78' lang='grc' dir='ltr'>σῑημα)</span> <span class='ocrx_word' id='word_1_248' title='bbox 297 2150 358 2171; x_wconf 90' lang='lat' dir='ltr'><strong>nur</strong></span> <span class='ocrx_word' id='word_1_249' title='bbox 376 2141 471 2171; x_wconf 80' lang='lat' dir='ltr'><strong>einen</strong></span> <span class='ocrx_word' id='word_1_250' title='bbox 494 2141 618 2171; x_wconf 79' lang='lat' dir='ltr'><strong>hb&#39;licrn</strong></span> <span class='ocrx_word' id='word_1_251' title='bbox 637 2138 726 2170; x_wconf 86' lang='lat' dir='ltr'><strong>Grad</strong></span> <span class='ocrx_word' id='word_1_252' title='bbox 747 2151 808 2171; x_wconf 71' lang='lat' dir='ltr'><strong>von</strong></span> 
     </span>
     <span class='ocr_line' id='line_1_38' title="bbox 139 2183 808 2229; baseline -0.001 -13"><span class='ocrx_word' id='word_1_253' title='bbox 139 2187 282 2216; x_wconf 74' lang='lat' dir='ltr'><strong>morbus</strong></span> <span class='ocrx_word' id='word_1_254' title='bbox 309 2183 486 2229; x_wconf 68' lang='grc' dir='ltr'>(νόσημα)</span> <span class='ocrx_word' id='word_1_255' title='bbox 521 2186 739 2225; x_wconf 74' lang='lat' dir='ltr'><strong>hezeichuet‚</strong></span> <span class='ocrx_word' id='word_1_256' title='bbox 773 2196 808 2216; x_wconf 89' lang='lat' dir='ltr'><strong>so</strong></span> 
     </span>
     <span class='ocr_line' id='line_1_39' title="bbox 137 2230 809 2272; baseline 0 -11"><span class='ocrx_word' id='word_1_257' title='bbox 137 2231 229 2270; x_wconf 66' lang='lat' dir='ltr'><strong>giebt</strong></span> <span class='ocrx_word' id='word_1_258' title='bbox 263 2230 380 2262; x_wconf 83' lang='lat' dir='ltr'><strong>Cicero</strong></span> <span class='ocrx_word' id='word_1_259' title='bbox 417 2232 471 2262; x_wconf 87' lang='lat' dir='ltr'><strong>l&#39;iir</strong></span> <span class='ocrx_word' id='word_1_260' title='bbox 506 2233 712 2272; x_wconf 66' lang='lat' dir='ltr'><strong>aegrotatio</strong></span> <span class='ocrx_word' id='word_1_261' title='bbox 757 2231 809 2261; x_wconf 79' lang='lat' dir='ltr'><strong>dic</strong></span> 
     </span>
     <span class='ocr_line' id='line_1_40' title="bbox 137 2275 809 2307; baseline 0 0"><span class='ocrx_word' id='word_1_262' title='bbox 137 2281 231 2307; x_wconf 73' lang='lat' dir='ltr'><strong>sonst</strong></span> <span class='ocrx_word' id='word_1_263' title='bbox 267 2276 320 2307; x_wconf 79' lang='lat' dir='ltr'><strong>fiir</strong></span> <span class='ocrx_word' id='word_1_264' title='bbox 348 2278 491 2307; x_wconf 73' lang='lat' dir='ltr'><strong>mot-bus</strong></span> <span class='ocrx_word' id='word_1_265' title='bbox 527 2277 657 2307; x_wconf 80' lang='lat' dir='ltr'><strong>iihliche</strong></span> <span class='ocrx_word' id='word_1_266' title='bbox 688 2275 809 2307; x_wconf 71' lang='lat' dir='ltr'><strong>Erktii-</strong></span> 
     </span>
     <span class='ocr_line' id='line_1_41' title="bbox 136 2321 805 2361; baseline 0 -9"><span class='ocrx_word' id='word_1_267' title='bbox 136 2331 242 2361; x_wconf 72' lang='lat' dir='ltr'><strong>rung3</strong></span> <span class='ocrx_word' id='word_1_268' title='bbox 262 2321 346 2352; x_wconf 87' lang='lat' dir='ltr'><strong>denn</strong></span> <span class='ocrx_word' id='word_1_269' title='bbox 367 2321 462 2361; x_wconf 80' lang='lat' dir='ltr'><strong>Diog.</strong></span> <span class='ocrx_word' id='word_1_270' title='bbox 485 2322 523 2353; x_wconf 84' lang='lat' dir='ltr'><strong>L.</strong></span> <span class='ocrx_word' id='word_1_271' title='bbox 539 2321 612 2353; x_wconf 72' lang='lat' dir='ltr'><strong>Vll.</strong></span> <span class='ocrx_word' id='word_1_272' title='bbox 630 2322 692 2353; x_wconf 72' lang='lat'><strong>115</strong></span> <span class='ocrx_word' id='word_1_273' title='bbox 712 2326 805 2361; x_wconf 79' lang='lat' dir='ltr'><strong>sagt:</strong></span> 
     </span>
     <span class='ocr_line' id='line_1_42' title="bbox 138 2363 807 2410; baseline 0 -12"><span class='ocrx_word' id='word_1_274' title='bbox 138 2363 318 2408; x_wconf 73' lang='grc' dir='ltr'>νόσημα</span> <span class='ocrx_word' id='word_1_275' title='bbox 349 2367 465 2407; x_wconf 77' lang='grc' dir='ltr'><em>οἴησις</em></span> <span class='ocrx_word' id='word_1_276' title='bbox 490 2364 637 2410; x_wconf 22' lang='grc' dir='ltr'><strong>σᾳηόδρα</strong></span> <span class='ocrx_word' id='word_1_277' title='bbox 658 2367 807 2398; x_wconf 65' lang='grc' dir='ltr'><em>δοκοῦν-</em></span> 
     </span>
     <span class='ocr_line' id='line_1_43' title="bbox 137 2412 379 2456; baseline 0 -13"><span class='ocrx_word' id='word_1_278' title='bbox 137 2424 196 2448; x_wconf 78' lang='grc' dir='ltr'><strong>τος</strong></span> <span class='ocrx_word' id='word_1_279' title='bbox 222 2412 379 2456; x_wconf 67' lang='grc' dir='ltr'><strong>αἱρετοῦ.</strong></span> 
     </span>
    </p>

    <p class='ocr_par' dir='ltr' id='par_1_13' title="bbox 136 2458 810 2580">
     <span class='ocr_line' id='line_1_44' title="bbox 180 2458 810 2499; baseline 0 -10"><span class='ocrx_word' id='word_1_280' title='bbox 180 2459 274 2489; x_wconf 82' lang='lat' dir='ltr'><strong>llaec</strong></span> <span class='ocrx_word' id='word_1_281' title='bbox 299 2461 415 2489; x_wconf 81' lang='lat' dir='ltr'><strong>autom</strong></span> <span class='ocrx_word' id='word_1_282' title='bbox 445 2461 605 2499; x_wconf 73' lang='lat' dir='ltr'><strong>opinatio</strong></span> <span class='ocrx_word' id='word_1_283' title='bbox 639 2459 718 2498; x_wconf 71' lang='lat' dir='ltr'><strong>geht</strong></span> <span class='ocrx_word' id='word_1_284' title='bbox 749 2458 810 2489; x_wconf 81' lang='lat' dir='ltr'><strong>auf</strong></span> 
     </span>
     <span class='ocr_line' id='line_1_45' title="bbox 136 2503 806 2545; baseline 0.003 -12"><span class='ocrx_word' id='word_1_285' title='bbox 136 2503 231 2534; x_wconf 84' lang='lat' dir='ltr'><strong>beide</strong></span> <span class='ocrx_word' id='word_1_286' title='bbox 266 2503 468 2544; x_wconf 82' lang='lat' dir='ltr'><strong>angesiilirte</strong></span> <span class='ocrx_word' id='word_1_287' title='bbox 499 2504 603 2535; x_wconf 84' lang='lat' dir='ltr'><strong>Arten</strong></span> <span class='ocrx_word' id='word_1_288' title='bbox 640 2505 698 2535; x_wconf 76' lang='lat' dir='ltr'><strong>dor</strong></span> <span class='ocrx_word' id='word_1_289' title='bbox 733 2507 806 2545; x_wconf 81' lang='lat' dir='ltr'><strong>opi-</strong></span> 
     </span>
     <span class='ocr_line' id='line_1_46' title="bbox 136 2551 249 2580; baseline 0.027 -3"><span class='ocrx_word' id='word_1_290' title='bbox 136 2551 249 2580; x_wconf 76' lang='lat' dir='ltr'><strong>natio.</strong></span> 
     </span>
    </p>

    <p class='ocr_par' dir='ltr' id='par_1_14' title="bbox 179 2594 803 2636">
     <span class='ocr_line' id='line_1_47' title="bbox 179 2594 803 2636; baseline 0.002 -12"><span class='ocrx_word' id='word_1_291' title='bbox 179 2594 351 2625; x_wconf 79' lang='lat' dir='ltr'><strong>iucle&#39;eatio</strong></span> <span class='ocrx_word' id='word_1_292' title='bbox 381 2594 434 2625; x_wconf 77' lang='lat' dir='ltr'><strong>l&#39;iir</strong></span> <span class='ocrx_word' id='word_1_293' title='bbox 459 2595 628 2626; x_wconf 78' lang='lat' dir='ltr'><strong>iudicium</strong></span> <span class='ocrx_word' id='word_1_294' title='bbox 661 2595 742 2636; x_wconf 81' lang='lat' dir='ltr'><strong>(vgl.</strong></span> <span class='ocrx_word' id='word_1_295' title='bbox 774 2596 803 2633; x_wconf 78' lang='grc' dir='ltr'><strong>Ῑ,</strong></span> 
     </span>
    </p>
   </div>
   <div class='ocr_carea' id='block_1_4' title="bbox 881 1639 1559 2410">
    <p class='ocr_par' dir='ltr' id='par_1_15' title="bbox 881 1639 1559 1774">
     <span class='ocr_line' id='line_1_48' title="bbox 889 1639 1559 1682; baseline 0 -10"><span class='ocrx_word' id='word_1_296' title='bbox 889 1642 927 1672; x_wconf 74' lang='grc'><strong>15</strong></span> <span class='ocrx_word' id='word_1_297' title='bbox 948 1652 989 1672; x_wconf 89' lang='lat' dir='ltr'><strong>zu</strong></span> <span class='ocrx_word' id='word_1_298' title='bbox 1009 1640 1207 1682; x_wconf 74' lang='lat' dir='ltr'><strong>opinatio),</strong></span> <span class='ocrx_word' id='word_1_299' title='bbox 1228 1639 1393 1672; x_wconf 77' lang='lat' dir='ltr'><strong>ebenl‘alls</strong></span> <span class='ocrx_word' id='word_1_300' title='bbox 1413 1650 1476 1671; x_wconf 88' lang='lat' dir='ltr'><strong>neu</strong></span> <span class='ocrx_word' id='word_1_301' title='bbox 1501 1650 1559 1681; x_wconf 85' lang='lat' dir='ltr'><strong>ge-</strong></span> 
     </span>
     <span class='ocr_line' id='line_1_49' title="bbox 886 1685 1558 1727; baseline -0.001 -10"><span class='ocrx_word' id='word_1_302' title='bbox 886 1686 1002 1726; x_wconf 81' lang='lat' dir='ltr'><strong>bildet,</strong></span> <span class='ocrx_word' id='word_1_303' title='bbox 1024 1686 1087 1717; x_wconf 77' lang='lat' dir='ltr'><strong>wie</strong></span> <span class='ocrx_word' id='word_1_304' title='bbox 1113 1686 1357 1717; x_wconf 73' lang='lat' dir='ltr'><strong>mulierositas</strong></span> <span class='ocrx_word' id='word_1_305' title='bbox 1384 1685 1449 1716; x_wconf 91' lang='lat' dir='ltr'><strong>und</strong></span> <span class='ocrx_word' id='word_1_306' title='bbox 1477 1696 1558 1727; x_wconf 78' lang='lat' dir='ltr'><strong>cup-</strong></span> 
     </span>
     <span class='ocr_line' id='line_1_50' title="bbox 881 1730 1554 1774; baseline -0.001 -11"><span class='ocrx_word' id='word_1_307' title='bbox 881 1732 989 1774; x_wconf 74' lang='lat' dir='ltr'><strong>pedia</strong></span> <span class='ocrx_word' id='word_1_308' title='bbox 1010 1731 1075 1763; x_wconf 89' lang='lat' dir='ltr'><strong>und</strong></span> <span class='ocrx_word' id='word_1_309' title='bbox 1095 1730 1112 1773; x_wconf 83' lang='lat'>§</span> <span class='ocrx_word' id='word_1_310' title='bbox 1131 1730 1172 1762; x_wconf 70' lang='lat'><strong>&#39;28</strong></span> <span class='ocrx_word' id='word_1_311' title='bbox 1193 1731 1321 1774; x_wconf 80' lang='lat' dir='ltr'><strong>lapsio,</strong></span> <span class='ocrx_word' id='word_1_312' title='bbox 1344 1731 1554 1773; x_wconf 74' lang='lat' dir='ltr'><strong>despicatio.</strong></span> 
     </span>
    </p>

    <p class='ocr_par' dir='ltr' id='par_1_16' title="bbox 883 1776 1557 1944">
     <span class='ocr_line' id='line_1_51' title="bbox 930 1776 1557 1809; baseline 0.002 -1"><span class='ocrx_word' id='word_1_313' title='bbox 930 1788 966 1808; x_wconf 81' lang='lat' dir='ltr'><strong>se</strong></span> <span class='ocrx_word' id='word_1_314' title='bbox 991 1779 1095 1808; x_wconf 70' lang='lat' dir='ltr'><strong>scire.</strong></span> <span class='ocrx_word' id='word_1_315' title='bbox 1154 1776 1198 1809; x_wconf 81' lang='lat' dir='ltr'><strong>Se</strong></span> <span class='ocrx_word' id='word_1_316' title='bbox 1232 1777 1273 1808; x_wconf 88' lang='lat' dir='ltr'><strong>ist</strong></span> <span class='ocrx_word' id='word_1_317' title='bbox 1308 1777 1368 1808; x_wconf 83' lang='lat' dir='ltr'><strong>der</strong></span> <span class='ocrx_word' id='word_1_318' title='bbox 1398 1777 1557 1809; x_wconf 81' lang='lat' dir='ltr'><strong>reflexive</strong></span> 
     </span>
     <span class='ocr_line' id='line_1_52' title="bbox 883 1822 1552 1862; baseline 0.001 -9"><span class='ocrx_word' id='word_1_319' title='bbox 883 1822 1004 1854; x_wconf 80' lang='lat' dir='ltr'><strong>Aecus.</strong></span> <span class='ocrx_word' id='word_1_320' title='bbox 1026 1822 1109 1854; x_wconf 86' lang='lat' dir='ltr'><strong>auch</strong></span> <span class='ocrx_word' id='word_1_321' title='bbox 1130 1832 1193 1853; x_wconf 83' lang='lat' dir='ltr'><strong>von</strong></span> <span class='ocrx_word' id='word_1_322' title='bbox 1213 1823 1284 1853; x_wconf 86' lang='lat' dir='ltr'><strong>dem</strong></span> <span class='ocrx_word' id='word_1_323' title='bbox 1306 1822 1412 1854; x_wconf 82' lang='lat' dir='ltr'><strong>lndef.</strong></span> <span class='ocrx_word' id='word_1_324' title='bbox 1435 1832 1552 1862; x_wconf 67' lang='lat' dir='ltr'><strong>„mam</strong></span> 
     </span>
     <span class='ocr_line' id='line_1_53' title="bbox 884 1866 1556 1907; baseline 0 -8"><span class='ocrx_word' id='word_1_325' title='bbox 884 1868 1018 1899; x_wconf 76' lang='lat' dir='ltr'><strong>ciner“.</strong></span> <span class='ocrx_word' id='word_1_326' title='bbox 1043 1866 1120 1907; x_wconf 77' lang='lat' dir='ltr'><strong>vgl.</strong></span> <span class='ocrx_word' id='word_1_327' title='bbox 1138 1867 1220 1899; x_wconf 85' lang='lat' dir='ltr'><strong>oben</strong></span> <span class='ocrx_word' id='word_1_328' title='bbox 1237 1868 1270 1907; x_wconf 76' lang='lat'><strong>9,</strong></span> <span class='ocrx_word' id='word_1_329' title='bbox 1287 1868 1346 1899; x_wconf 77' lang='lat'><strong>20:</strong></span> <span class='ocrx_word' id='word_1_330' title='bbox 1367 1871 1444 1899; x_wconf 75' lang='lat' dir='ltr'><strong>sine</strong></span> <span class='ocrx_word' id='word_1_331' title='bbox 1462 1879 1556 1900; x_wconf 82' lang='lat' dir='ltr'><strong>emo-</strong></span> 
     </span>
     <span class='ocr_line' id='line_1_54' title="bbox 884 1914 1138 1944; baseline -0.004 0"><span class='ocrx_word' id='word_1_332' title='bbox 884 1914 1042 1944; x_wconf 81' lang='lat' dir='ltr'><strong>lumento</strong></span> <span class='ocrx_word' id='word_1_333' title='bbox 1061 1923 1138 1944; x_wconf 81' lang='lat' dir='ltr'><strong>suo.</strong></span> 
     </span>
    </p>

    <p class='ocr_par' dir='ltr' id='par_1_17' title="bbox 882 1957 1555 2128">
     <span class='ocr_line' id='line_1_55' title="bbox 929 1957 1555 2000; baseline 0 -11"><span class='ocrx_word' id='word_1_334' title='bbox 929 1959 1119 2000; x_wconf 62' lang='lat' dir='ltr'><strong>lzguiw&#39;tio</strong></span> <span class='ocrx_word' id='word_1_335' title='bbox 1138 1973 1181 1982; x_wconf 83' lang='lat'>=</span> <span class='ocrx_word' id='word_1_336' title='bbox 1197 1958 1467 1999; x_wconf 77' lang='lat' dir='ltr'><strong>gourmandise,</strong></span> <span class='ocrx_word' id='word_1_337' title='bbox 1492 1957 1555 1989; x_wconf 90' lang='lat' dir='ltr'><strong>Le-</strong></span> 
     </span>
     <span class='ocr_line' id='line_1_56' title="bbox 883 2003 1552 2045; baseline 0.001 -11"><span class='ocrx_word' id='word_1_338' title='bbox 883 2003 1163 2043; x_wconf 68' lang='lat' dir='ltr'><strong>ukoi-lial&#39;tigkeit3</strong></span> <span class='ocrx_word' id='word_1_339' title='bbox 1188 2003 1361 2044; x_wconf 67' lang='lat' dir='ltr'><strong>cuppedia</strong></span> <span class='ocrx_word' id='word_1_340' title='bbox 1380 2004 1425 2041; x_wconf 83' lang='lat' dir='ltr'><strong>(v.</strong></span> <span class='ocrx_word' id='word_1_341' title='bbox 1449 2006 1552 2045; x_wconf 76' lang='lat' dir='ltr'><strong>cupio</strong></span> 
     </span>
     <span class='ocr_line' id='line_1_57' title="bbox 883 2047 1553 2090; baseline 0 -11"><span class='ocrx_word' id='word_1_342' title='bbox 883 2050 946 2081; x_wconf 89' lang='lat' dir='ltr'><strong>und</strong></span> <span class='ocrx_word' id='word_1_343' title='bbox 975 2049 1113 2089; x_wconf 69' lang='lat' dir='ltr'><strong>edere),</strong></span> <span class='ocrx_word' id='word_1_344' title='bbox 1146 2047 1460 2089; x_wconf 74' lang='lat' dir='ltr'><strong>Naschhaftigkeit.</strong></span> <span class='ocrx_word' id='word_1_345' title='bbox 1489 2060 1553 2090; x_wconf 72' lang='lat' dir='ltr'><strong>qa-</strong></span> 
     </span>
     <span class='ocr_line' id='line_1_58' title="bbox 882 2096 1007 2128; baseline -0.008 -3"><span class='ocrx_word' id='word_1_346' title='bbox 882 2096 1007 2128; x_wconf 47' lang='lat' dir='ltr'><strong>[mysac.</strong></span> 
     </span>
    </p>

    <p class='ocr_par' dir='ltr' id='par_1_18' title="bbox 881 2138 1554 2227">
     <span class='ocr_line' id='line_1_59' title="bbox 928 2138 1554 2182; baseline -0.002 -11"><span class='ocrx_word' id='word_1_347' title='bbox 928 2140 981 2171; x_wconf 76' lang='lat'><strong>27.</strong></span> <span class='ocrx_word' id='word_1_348' title='bbox 1004 2140 1232 2182; x_wconf 71' lang='lat' dir='ltr'><strong>Hippolytus,</strong></span> <span class='ocrx_word' id='word_1_349' title='bbox 1254 2139 1321 2180; x_wconf 80' lang='lat' dir='ltr'><strong>vgl.</strong></span> <span class='ocrx_word' id='word_1_350' title='bbox 1342 2138 1458 2182; x_wconf 89' lang='lat' dir='ltr'><strong>Eurip.</strong></span> <span class='ocrx_word' id='word_1_351' title='bbox 1474 2139 1554 2182; x_wconf 82' lang='lat' dir='ltr'><strong>Hip-</strong></span> 
     </span>
     <span class='ocr_line' id='line_1_60' title="bbox 881 2186 1134 2227; baseline 0 -12"><span class='ocrx_word' id='word_1_352' title='bbox 881 2186 946 2227; x_wconf 87' lang='lat' dir='ltr'><strong>pol.</strong></span> <span class='ocrx_word' id='word_1_353' title='bbox 971 2197 1002 2217; x_wconf 71' lang='lat' dir='ltr'><strong>v.</strong></span> <span class='ocrx_word' id='word_1_354' title='bbox 1027 2188 1066 2217; x_wconf 80' lang='lat' dir='ltr'><strong>lt)</strong></span> <span class='ocrx_word' id='word_1_355' title='bbox 1085 2196 1134 2227; x_wconf 88' lang='lat' dir='ltr'><strong>sq.</strong></span> 
     </span>
    </p>

    <p class='ocr_par' dir='ltr' id='par_1_19' title="bbox 881 2228 1550 2317">
     <span class='ocr_line' id='line_1_61' title="bbox 926 2228 1550 2272; baseline 0 -10"><span class='ocrx_word' id='word_1_356' title='bbox 926 2228 988 2266; x_wconf 67' lang='lat'><strong>1‘2⁴</strong></span> <span class='ocrx_word' id='word_1_357' title='bbox 1022 2233 1151 2272; x_wconf 71' lang='lat' dir='ltr'><strong>Atque,</strong></span> <span class='ocrx_word' id='word_1_358' title='bbox 1180 2231 1242 2261; x_wconf 68' lang='lat' dir='ltr'><strong>wie</strong></span> <span class='ocrx_word' id='word_1_359' title='bbox 1267 2229 1325 2262; x_wconf 82' lang='lat' dir='ltr'><strong>lll.</strong></span> <span class='ocrx_word' id='word_1_360' title='bbox 1348 2231 1399 2270; x_wconf 83' lang='lat'><strong>13,</strong></span> <span class='ocrx_word' id='word_1_361' title='bbox 1423 2231 1485 2270; x_wconf 68' lang='lat'><strong>283</strong></span> <span class='ocrx_word' id='word_1_362' title='bbox 1514 2241 1550 2262; x_wconf 86' lang='lat' dir='ltr'><strong>so</strong></span> 
     </span>
     <span class='ocr_line' id='line_1_62' title="bbox 881 2277 1238 2317; baseline -0.006 -10"><span class='ocrx_word' id='word_1_363' title='bbox 881 2277 963 2308; x_wconf 83' lang='lat' dir='ltr'><strong>auch</strong></span> <span class='ocrx_word' id='word_1_364' title='bbox 986 2282 1085 2308; x_wconf 79' lang='lat' dir='ltr'><strong>untcn</strong></span> <span class='ocrx_word' id='word_1_365' title='bbox 1110 2277 1162 2317; x_wconf 75' lang='lat'><strong>13,</strong></span> <span class='ocrx_word' id='word_1_366' title='bbox 1183 2278 1238 2307; x_wconf 72' lang='lat'><strong>30.</strong></span> 
     </span>
    </p>

    <p class='ocr_par' dir='ltr' id='par_1_20' title="bbox 911 2321 1515 2362">
     <span class='ocr_line' id='line_1_63' title="bbox 911 2321 1515 2362; baseline -0.003 -9"><span class='ocrx_word' id='word_1_367' title='bbox 911 2322 1127 2361; x_wconf 47' lang='lat' dir='ltr'><strong>*collatiomg</strong></span> <span class='ocrx_word' id='word_1_368' title='bbox 1150 2332 1250 2353; x_wconf 82' lang='lat' dir='ltr'><strong>unser</strong></span> <span class='ocrx_word' id='word_1_369' title='bbox 1270 2346 1293 2362; x_wconf 79' lang='lat'><strong>,.</strong></span> <span class='ocrx_word' id='word_1_370' title='bbox 1307 2321 1515 2361; x_wconf 75' lang='lat' dir='ltr'><strong>Analogie“.</strong></span> 
     </span>
    </p>

    <p class='ocr_par' dir='ltr' id='par_1_21' title="bbox 924 2366 1550 2410">
     <span class='ocr_line' id='line_1_64' title="bbox 924 2366 1550 2410; baseline -0.003 -11"><span class='ocrx_word' id='word_1_371' title='bbox 924 2370 1048 2410; x_wconf 83' lang='lat' dir='ltr'><strong>itaque</strong></span> <span class='ocrx_word' id='word_1_372' title='bbox 1076 2367 1177 2407; x_wconf 75' lang='lat' dir='ltr'><strong>„und</strong></span> <span class='ocrx_word' id='word_1_373' title='bbox 1204 2367 1267 2398; x_wconf 83' lang='lat' dir='ltr'><strong>wie</strong></span> <span class='ocrx_word' id='word_1_374' title='bbox 1293 2367 1355 2397; x_wconf 83' lang='lat' dir='ltr'><strong>wir</strong></span> <span class='ocrx_word' id='word_1_375' title='bbox 1380 2367 1411 2397; x_wconf 89' lang='lat' dir='ltr'><strong>iu</strong></span> <span class='ocrx_word' id='word_1_376' title='bbox 1439 2366 1550 2398; x_wconf 79' lang='lat' dir='ltr'><strong>dieser</strong></span> 
     </span>
    </p>
   </div>
   <div class='ocr_carea' id='block_1_5' title="bbox 879 2413 1176 2452">
    <p class='ocr_par' dir='ltr' id='par_1_22' title="bbox 879 2413 1176 2452">
     <span class='ocr_line' id='line_1_65' title="bbox 879 2413 1176 2452; baseline -0.003 -8"><span class='ocrx_word' id='word_1_377' title='bbox 879 2413 1073 2452; x_wconf 76' lang='lat' dir='ltr'><strong>Bezieliung</strong></span> <span class='ocrx_word' id='word_1_378' title='bbox 1092 2413 1176 2443; x_wconf 84' lang='lat'><strong>-“.</strong></span> 
     </span>
    </p>
   </div>
   <div class='ocr_carea' id='block_1_6' title="bbox 877 2455 1549 2634">
    <p class='ocr_par' dir='ltr' id='par_1_23' title="bbox 877 2455 1549 2634">
     <span class='ocr_line' id='line_1_66' title="bbox 924 2455 1545 2497; baseline -0.002 -8"><span class='ocrx_word' id='word_1_379' title='bbox 924 2461 992 2490; x_wconf 82' lang='lat' dir='ltr'><strong>iam</strong></span> <span class='ocrx_word' id='word_1_380' title='bbox 1016 2458 1169 2497; x_wconf 78' lang='lat' dir='ltr'><strong>„cben“,</strong></span> <span class='ocrx_word' id='word_1_381' title='bbox 1191 2467 1254 2488; x_wconf 85' lang='lat' dir='ltr'><strong>von</strong></span> <span class='ocrx_word' id='word_1_382' title='bbox 1283 2455 1356 2487; x_wconf 78' lang='lat' dir='ltr'><strong>drm</strong></span> <span class='ocrx_word' id='word_1_383' title='bbox 1379 2456 1545 2497; x_wconf 81' lang='lat' dir='ltr'><strong>jodesmal</strong></span> 
     </span>
     <span class='ocr_line' id='line_1_67' title="bbox 878 2501 1549 2543; baseline -0.001 -9"><span class='ocrx_word' id='word_1_384' title='bbox 878 2502 1169 2543; x_wconf 68' lang='lat' dir='ltr'><strong>Gegonwiimigen.</strong></span> <span class='ocrx_word' id='word_1_385' title='bbox 1201 2501 1319 2541; x_wconf 72' lang='lat' dir='ltr'><strong>(Nune</strong></span> <span class='ocrx_word' id='word_1_386' title='bbox 1344 2502 1459 2533; x_wconf 80' lang='lat' dir='ltr'><strong>wiirdc</strong></span> <span class='ocrx_word' id='word_1_387' title='bbox 1488 2513 1549 2533; x_wconf 89' lang='lat' dir='ltr'><strong>nur</strong></span> 
     </span>
     <span class='ocr_line' id='line_1_68' title="bbox 877 2545 1547 2590; baseline -0.001 -10"><span class='ocrx_word' id='word_1_388' title='bbox 877 2549 938 2580; x_wconf 85' lang='lat' dir='ltr'><strong>auf</strong></span> <span class='ocrx_word' id='word_1_389' title='bbox 964 2549 1022 2579; x_wconf 84' lang='lat' dir='ltr'><strong>das</strong></span> <span class='ocrx_word' id='word_1_390' title='bbox 1051 2549 1123 2579; x_wconf 79' lang='lat' dir='ltr'><strong>(lem</strong></span> <span class='ocrx_word' id='word_1_391' title='bbox 1152 2546 1387 2590; x_wconf 78' lang='lat' dir='ltr'><strong>Sprecliendcn</strong></span> <span class='ocrx_word' id='word_1_392' title='bbox 1417 2545 1547 2588; x_wconf 82' lang='lat' dir='ltr'><strong>Gegen-</strong></span> 
     </span>
     <span class='ocr_line' id='line_1_69' title="bbox 877 2594 1171 2634; baseline -0.007 -9"><span class='ocrx_word' id='word_1_393' title='bbox 877 2594 1016 2634; x_wconf 69' lang='lat' dir='ltr'><strong>wiirtige</strong></span> <span class='ocrx_word' id='word_1_394' title='bbox 1035 2594 1171 2634; x_wconf 72' lang='lat' dir='ltr'><strong>gehon.)</strong></span> 
     </span>
    </p>
   </div>
  </div>
 </body>
</html>
