1684 2819
98 416 140 448 92
171 407 283 445 irasci
305 418 424 456 posse
445 405 610 455 negatis,
639 405 745 443 deus.

170 193 251 234 238
636 190 693 223 DE
718 189 900 224 NATURA
924 190 1107 224 DEORUM

170 296 337 346 inquam,
360 293 492 332 evertit
506 292 748 338 Corinthum,
768 291 1038 341 Karthaginem
1061 291 1284 331 Hasdrubal.
1325 292 1372 330 Hi
1389 292 1466 330 duo
1488 291 1574 330 illos

170 351 304 390 oculos
322 362 411 388 orae
427 348 640 387 maritimae
657 348 884 394 effoderunt,
904 358 985 385 non
1001 347 1118 386 iratus
1137 348 1264 399 aliqui,
1282 361 1395 399 quem
1415 348 1574 386 omnino

787 404 835 442 At
856 403 1059 442 subvenire
1080 409 1179 442 certe
1207 405 1332 454 potuit
1357 410 1393 443 et
1414 415 1575 443 conser-

91 464 144 504 39
171 475 256 501 vare
277 462 394 500 urbes
417 467 541 500 tantas
564 467 677 511 atque
697 461 802 499 tales.
844 459 921 497 Vos
944 459 1047 498 enim
1068 458 1143 510 ipsi
1170 460 1295 498 dicere
1321 461 1454 499 soletis
1481 460 1574 498 nihil

97 1142 139 1174 93

169 531 272 565 csse,
295 518 398 569 quod
421 518 515 556 deus
537 518 686 556 efficere
707 528 787 555 non
809 516 953 567 possit,
982 521 1018 553 et
1045 515 1200 566 quidem
1224 515 1306 554 sine
1331 516 1460 555 labore
1481 516 1576 561 ullo3

168 580 211 613 ut
231 574 333 612 enim
356 574 560 612 hominum
584 573 755 611 membra
777 572 879 611 nulla
908 572 1156 611 contentione
1184 577 1314 610 mente
1335 572 1418 623 ipsa
1439 585 1481 611 ac
1505 585 1575 610 vo-

169 631 311 669 luntate
332 635 578 675 moveantur,
606 629 661 668 sic
687 629 846 667 numine
869 629 1032 667 deorum
1055 628 1186 667 onmia
1208 628 1299 678 fingi
1320 628 1469 666 moveri
1490 640 1576 667 mu-

169 687 317 737 tarique
337 698 467 738 posse.
510 686 641 736 Neque
668 685 706 724 id
728 685 851 724 dicitis
881 684 1152 736 superstitiose
1182 690 1294 735 atque
1320 684 1485 730 aniliter,
1511 684 1577 722 sed

169 743 326 795 physica
348 742 615 793 constantique
637 741 796 781 ratione.
838 741 1033 780 Materiam
1063 740 1166 779 enim
1188 753 1339 785 rerum,
1371 753 1416 778 ex
1443 752 1516 791 qua
1543 745 1579 778 et

169 801 207 838 in
236 812 310 851 qua
339 799 468 837 omnia
497 798 593 845 sint,
623 803 742 837 totam
771 811 857 836 esse
884 797 1086 836 flexibilem
1115 803 1151 835 et
1180 796 1510 843 commutabilem,
1538 801 1578 834 ut

167 856 261 895 nihil
283 855 330 894 sit
352 855 455 905 quod
477 866 558 892 non
580 868 624 892 ex
646 867 687 893 ca
706 854 881 905 quamvis
903 853 1030 892 subito
1053 853 1143 904 fingi
1166 853 1413 904 conxertiquf
1433 852 1579 903 possit,

168 913 251 951 cius
280 918 406 950 autem
433 911 637 949 univelsae
666 911 848 949 lictiicem
885 916 922 948 ct
958 909 1253 948 moderanicem
1291 909 1456 948 divinam
1494 920 1579 947 esse

169 967 466 1019 providentiam:
495 968 596 1005 hanc
616 966 747 1016 igitur,
769 978 1014 1017 quocumque
1037 979 1077 1004 5(
1099 971 1268 1012 moveat,
1291 966 1440 1004 eslicere
1462 977 1579 1015 posse

169 1024 354 1075 quidquid
378 1023 473 1061 velit.
514 1023 644 1084 Itaque
664 1027 728 1060 aut
748 1022 871 1061 nescit
892 1022 981 1073 quid
1004 1021 1141 1072 possit,
1162 1028 1225 1060 aut
1245 1021 1401 1071 negligit
1421 1033 1461 1059 r‹
1465 1033 1483 1058 s
1506 1021 1579 1058 hu-

170 1092 319 1126 manas,
347 1084 427 1125 aut,
457 1079 548 1129 quid
577 1078 626 1117 sit
653 1078 863 1129 optimum,
891 1090 970 1116 non
992 1083 1123 1128 potest
1143 1077 1322 1116 iudicare.
1364 1077 1451 1115 Non
1475 1083 1581 1115 curat

171 1137 345 1186 singulos
367 1135 558 1173 homines.
599 1135 686 1173 Non
714 1135 876 1173 mirum:
905 1147 953 1172 ne
981 1134 1148 1172 civitates
1172 1133 1338 1184 quidem.
1381 1133 1467 1171 Non
1486 1130 1580 1171 eas‘?

169 1205 217 1231 ne
237 1192 415 1231 nationes
434 1192 589 1242 quidem
611 1196 647 1229 et
665 1196 808 1241 gentes.
850 1191 998 1237 Quodsi
1017 1191 1086 1229 has
1103 1189 1216 1228 etiam
1234 1195 1467 1235 contemnet,
1489 1188 1581 1239 quid

170 1249 311 1287 mirum
333 1254 391 1286 est
413 1260 528 1286 omne
550 1247 596 1285 ab
619 1260 660 1285 ea
682 1259 806 1297 genus
827 1247 1043 1285 humanum
1066 1259 1151 1284 esse
1171 1244 1470 1296 contemptum?
1505 1245 1579 1283 Sed

171 1318 248 1356 quo
271 1305 390 1343 modo
414 1304 528 1343 iidem
552 1303 676 1341 dicitis
698 1315 777 1341 non
801 1303 929 1341 onmia
952 1303 1046 1341 deos
1069 1302 1268 1353 persequi,
1290 1302 1403 1340 iidem
1426 1302 1538 1340 vultis
1560 1314 1578 1338 a

213 1438 418 1479 Hasdrubal,
451 1436 709 1477 Karthagischer
737 1437 839 1468 Feld—

169 1485 247 1515 herr
264 1484 296 1514 in
313 1484 385 1514 dem
402 1482 523 1523 Hriege
547 1492 650 1522 gegen
670 1482 732 1513 den
753 1481 838 1512 Bun-

170 1530 396 1569 desgenossen
417 1529 476 1559 der
500 1528 638 1567 Rtsmer,
663 1525 839 1558 Masinissa

168 1585 232 1605 von
252 1573 441 1613 Numidien,
472 1572 618 1604 welcher
646 1570 749 1612 Iirieg
777 1572 839 1602 den

913 1440 1065 1481 eorporis
1096 1437 1219 1468 777018777Ι
1253 1439 1418 1479 temperat
1447 1447 1485 1467 778
1513 1436 1581 1477 ste-

913 1485 982 1515 etit.

957 1528 1139 1559 materiam
1161 1519 1292 1565 reram,
1323 1537 1368 1558 ea*
1396 1536 1461 1568 qua
1489 1528 1520 1557 et
1549 1527 1582 1556 [77

913 1583 978 1615 qaa
1012 1574 1122 1604 omnia
1155 1573 1234 1603 sint.
1294 1571 1362 1603 Zur
1394 1571 1583 1610 Erkliirung

169 1618 310 1650 Rb'mern
336 1619 396 1650 den
421 1618 588 1650 Vorwand
618 1627 691 1648 zum
716 1616 838 1648 dritten

168 1664 353 1695 Punisclien
371 1662 492 1704 Kriege
511 1662 585 1703 gab.

217 1702 285 1742 39.
311 1708 422 1740 (12.771
438 1709 526 1740 enim
542 1709 715 1739 hommum
732 1717 838 1737 7778777-

170 1756 209 1786 177·
211 1765 232 1786 a
249 1757 308 1785 ete.
333 1753 486 1785 Dieselbe
497 1753 525 1785 Υ
529 1752 743 1793 ergleichung
757 1751 838 1782 auch

169 1800 208 1829 (18
228 1799 301 1830 Div.
320 1798 344 1838 l,
362 1798 421 1837 53,
444 1798 522 1829 120:
554 1800 586 1829 si
599 1797 726 1829 animal
743 1807 839 1828 omne

171 1846 207 1875 ut
224 1843 291 1875 87711
310 1845 359 1874 ita
377 1845 486 1875 utitur
502 1846 595 1875 motu
613 1843 670 1873 sai
685 1843 839 1884 eorporis

166 1899 287 1931 prono,
306 1888 450 1930 obliquo,
468 1890 605 1930 supino,
623 1888 839 1927 membraque

170 1944 365 1975 quocunqne
391 1933 461 1964 877ίί
478 1933 609 1975 flectit,
634 1933 838 1972 contat-‚quet

168 1981 331 2021 pom-igit,
351 1979 536 2017 contrahet
562 1987 664 2019 eaque
686 1979 764 2007 ante
787 1977 838 2017 qs-

161 2025 241 2065 ficit
255 2034 363 2067 paene
380 2034 478 2065 quam
496 2024 640 2064 cog-'Utat
665 2024 787 2073 quanto
805 2020 841 2052 771

170 2068 230 2100 deo
249 2069 474 2110 estfizci'lms,
492 2078 588 2099 emas
605 2079 624 2098 77
635 2077 656 2097 77
665 2077 762 2097 7777777
779 2076 839 2109 pa-

170 2116 245 2145 rent
288 2115 410 2145 omnia.
472 2112 624 2146 stamen·
647 2111 841 2142 bezeichnet

171 2160 265 2191 recht
303 2159 477 2199 eigentlich
526 2159 616 2189 diese
662 2156 837 2187 wirksame

171 2204 281 2236 Macht
314 2205 373 2235 der
403 2203 540 2243 Gijtter,
581 2202 644 2233 wie
685 2201 838 2232 dasselbe

172 2248 273 2280 Wort
296 2260 358 2280 von
383 2249 558 2280 Lucretius
582 2246 637 2287 111,
666 2246 727 2277 144
757 2246 839 2277 auch

172 2305 234 2325 von
260 2295 319 2325 der
337 2294 447 2326 Macht
469 2294 528 2324 (181·
553 2293 649 2323 88818
673 2291 754 2322 iiber
777 2292 839 2322 den

173 2339 253 2371 Leib
268 2340 455 2381 gebraucht
472 2339 572 2369 wird:
600 2347 723 2379 corpas
738 2338 839 2379 paret

173 2388 203 2416 81
220 2384 266 2416 ad
279 2395 401 2416 7777777877
419 2385 540 2415 mentis
555 2392 749 2423 momenque
767 2392 839 2412 mo-

173 2432 277 2461 vetur.
302 2430 360 2460 Die
375 2429 572 2469 cigentliche
588 2428 778 2465 ssedeutung
796 2426 839 2457 ist

172 2477 337 2516 =nutas,
353 2485 484 2506 woraus
499 2474 566 2505 sicli
582 2473 672 2503 (11858
688 2472 838 2502 iibertra-

173 2530 255 2560 gene
274 2520 374 2551 leicht
391 2520 531 2550 erkliirt:
550 2518 614 2549 und
628 2519 733 2548 nutas
747 2527 838 2547 777877-

173 2566 217 2595 tis
232 2564 492 2596 beiLactant.de
506 2562 582 2605 opis.
593 2562 715 2593 deit-,72
734 2563 838 2600 neri-1¹,

173 2611 291 2650 quibus
309 2621 402 2641 mens
420 2627 462 2632 --
481 2610 617 2640 minimo
634 2609 719 2638 nutu
735 2608 838 2637 totius

913 1617 999 1649 kann
1019 1618 1146 1658 dienen,
1163 1627 1232 1648 was
1250 1617 1316 1648 Cic.
1336 1616 1437 1648 Acad.
1459 1615 1480 1655 l,
1498 1617 1525 1657 7,
1539 1615 1579 1646 27

912 1667 1000 1703 sagt:
1015 1665 1197 1694 subiectam
1210 1664 1333 1705 patant
1348 1661 1583 1704 (Peripatetici

911 1711 944 1739 et
962 1711 1089 1739 veteres
1106 1707 1314 1747 Academico
1341 1708 1493 1738 omnibus
1510 1708 1582 1737 sine

911 1753 977 1785 771177
1009 1755 1118 1796 speeie
1154 1756 1254 1794 atque
1289 1754 1458 1784 carentem
1492 1752 1582 1783 (77777ιί

911 1798 1072 1840 qualitate
1102 1799 1280 1829 materiam
1313 1796 1498 1839 quandam,
1537 1806 1582 1827 eae

912 1854 977 1884 qaa
1005 1845 1117 1875 ‹nnnia
1147 1853 1312 1886 ewpressa
1339 1845 1438 1883 atque
1466 1842 1582 1883 efficta

911 1889 998 1919 sint:
1018 1899 1103 1930 qaae
1121 1890 1193 1919 tota
1211 1888 1323 1918 omnia
1339 1889 1488 1930 accipere
1500 1896 1580 1928 pos—

912 1935 966 1974 sit,
985 1934 1202 1974 manibusque
1219 1931 1326 1963 modis
1344 1933 1472 1962 777771777·7“
1482 1933 1581 1972 atque

912 1989 956 2009 (7.7·
971 1980 1172 2020 ο777777”ρ777·18
1185 1980 1245 2008 ete.
1270 1976 1345 2015 x'gl.
1361 1976 1442 2007 Plat.
1457 1974 1581 2006 Timao.

913 2034 942 2064 p.
959 2022 996 2053 51
1016 2022 1053 2053 A.
1092 2022 1188 2053 111858
1207 2021 1403 2060 Frmaterie,
1421 2030 1480 2052 aus
1499 2020 1580 2051 wel-

913 2068 991 2098 81181·
1009 2067 1059 2097 die
1079 2071 1303 2107 sogenannten
1323 2067 1395 2097 vier
1410 2065 1580 2097 Elemente

912 2113 975 2143 und
999 2112 1064 2143 71118
1088 2112 1224 2152 iibrigcn
1249 2111 1456 2142 niateriellcn
1476 2110 1580 2150 Dinge

912 2158 1157 2199 hervei-gehen,
1187 2157 1238 2188 (118
1267 2156 1347 2187 aber
1369 2155 1474 2187 selbst
1498 2155 1580 2186 ohne

911 2203 977 2234 alle
1011 2202 1049 2233 1)(
1054 2203 1195 2233 stnnmte
1229 2200 1377 2243 Qualitiit
1410 2201 1468 2240 ist,
1507 2200 1580 2230 81118

914 2243 975 2288 ὕλη
995 2243 1145 2285 ἄποιος
1173 2247 1216 2278 ist
1241 2247 1322 2277 auch
1341 2247 1401 2296 den
1421 2244 1577 2276 Stoikern

912 2293 963 2323 (118
982 2304 1024 2323 οι
1029 2294 1091 2323 σία
1118 2287 1325 2366 77ῦ1·ὅ1·Ιτωι
1341 2287 1532 2328 (cuthwin
1562 2286 1579 2329 ἡ

912 2334 1038 2381 πρώτη
1059 2333 1132 2378 ἴλη.
1169 2335 1363 2376 1)iog.1x
1369 2335 1411 2375 ll,
1434 2335 1494 2365 150
1513 2333 1577 2373 v.gl

914 2383 987 2413 137.

956 2427 1009 2459 93.
1037 2429 1237 2459 contemnes.
1265 2425 1371 2456 Durch
1390 2424 1448 2454 das
1464 2423 1579 2454 Futur.

911 2473 992 2504 wird
1011 2473 1220 2513 angedeutet,
1240 2471 1316 2501 dass
1335 2469 1405 2500 (1185
1419 2469 1469 2499 als
1483 2468 1577 2499 noth—

911 2517 1060 2557 wendige
1085 2516 1187 2556 Folge
1212 2526 1271 2546 aus
1301 2515 1372 2545 (18111
1398 2515 1578 2553 vorlierge-

911 2563 1037 2594 henden
1056 2561 1278 2593 anzunehmcn
1298 2560 1367 2590 sein
1387 2559 1508 2590 werde.

956 2606 1058 2639 iidem
1075 2606 1188 2638 dicitis
1202 2624 1244 2628 —
1259 2604 1357 2637 iidem
1376 2604 1487 2645 valtis,
1506 2613 1531 2634 S.
1547 2613 1577 2633 1·.
