1684 2819
69 839 130 870 145

168 170 244 208 174
631 170 683 200 nr:
709 169 889 201 NATt'm
915 170 1095 203 osonum

164 283 275 310 mus:
299 285 318 310 a
341 284 416 322 quo
439 282 558 321 quum
582 282 704 308 sonus
727 276 784 308 est
805 276 998 321 acceptus,
1020 272 1132 310 etiam
1150 285 1169 310 e
1186 284 1325 311 somno
1348 272 1569 311 excitamur.

163 327 397 366 Flexuosum
420 327 492 364 iter
512 326 643 372 hahet,
672 338 719 364 ne
741 325 830 375 quid
863 326 1004 365 intrare
1033 328 1175 377 possit,
1206 329 1238 367 si
1261 328 1422 379 simplex
1451 334 1488 367 et
1508 328 1567 368 di-

162 388 310 422 rectum
333 388 494 433 pateret3
524 382 723 432 provisum
746 381 877 426 etiam,
908 387 966 428 ut,
991 382 1022 420 si
1044 395 1116 433 qua
1138 384 1295 423 minima
1318 384 1477 423 bestiola
1501 397 1568 423 co—

161 444 318 477 naretur
338 438 569 488 irrumpere,
596 438 635 476 in
657 437 838 476 sordibus
860 438 1008 476 aurium
1032 440 1226 489 tamquam
1249 440 1287 478 in
1308 441 1411 479 visco
1434 441 1566 479 inhae-

161 500 340 533 resceret.
377 495 492 533 Extra
513 500 640 532 autem
663 493 832 531 eminent
849 506 945 544 quae
961 494 1199 544 appellantur
1215 508 1338 542 aures,
1361 503 1397 535 et
1416 497 1568 547 tegendi

161 562 297 590 caussa
333 552 451 589 sactae
476 550 699 600 tutandique
727 561 880 595 se1]SUS,
909 557 944 588 et
966 563 1013 588 ne
1034 550 1198 589 adiectae
1222 564 1332 590 voces
1355 552 1570 592 laberentur

161 612 273 657 atque
294 612 466 645 errarent
486 606 712 657 priusquam
735 618 874 644 sensus
897 606 943 644 ab
966 606 1024 644 his
1046 607 1184 657 pulsus
1203 613 1315 645 esset.
1353 608 1427 646 Sed
1449 609 1568 647 duros

159 668 195 701 et
217 663 325 713 quasi
349 663 554 701 corneolos
577 663 718 700 hahent
739 662 918 701 introitus
937 662 1146 713 multisque
1163 675 1250 701 cum
1270 663 1442 708 flexibus,
1464 665 1569 714 quod

159 719 219 757 his
254 719 401 757 naturis
430 719 570 757 relatus
605 718 860 768 ampliticatur
893 731 1027 757 sonus.
1076 719 1265 766 Quocirca
1294 725 1330 758 et
1362 719 1401 757 in
1429 719 1568 758 fidibus

158 775 352 813 testudine
374 781 576 813 resonatur
604 780 668 813 aut
696 787 837 820 cornu,
867 780 904 813 et
932 788 973 813 ex
1004 775 1191 814 tortuosis
1221 775 1316 813 locis
1345 780 1382 814 et
1408 775 1569 814 inclusis

162 831 249 869 soni
272 833 491 869 reseruntur
512 831 730 881 ampliores.
765 831 946 869 Similiter
967 843 1092 877 nares,
1116 844 1211 882 quae
1234 844 1389 882 semper
1410 836 1570 883 propter

158 887 395 925 necessarias
426 887 608 925 utilitates
637 892 785 937 patent,
815 888 1091 926 contractiores
1121 888 1261 925 hahent
1292 888 1492 933 introitus,
1519 900 1569 926 ne

160 942 251 994 quid
275 943 312 981 in
335 956 411 989 eas,
436 943 537 993 quod
560 948 708 989 noceat,
730 944 856 993 possit
874 944 1092 993 pervadere,
1118 944 1397 994 humoremque
1415 957 1569 994 semper

158 999 313 1045 hahent,
335 999 380 1037 ad
404 999 600 1048 pulverem
619 999 811 1049 multaque
834 999 901 1037 alia
920 1000 1141 1049 depellenda
1164 1012 1243 1037 non
1266 1000 1450 1038 inutilem.
1488 1000 1567 1038 Gu-

159 1060 282 1093 status
310 1055 502 1105 praeclare
530 1060 687 1104 saeptus
717 1060 792 1092 est:
822 1067 889 1092 ore
918 1055 1020 1093 enim
1051 1055 1286 1101 continetur,
1316 1061 1352 1093 et
1379 1056 1424 1093 ad
1452 1067 1566 1094 usum

158 1116 244 1161 apte
265 1116 301 1149 et
328 1111 373 1148 ad
402 1110 673 1149 incolumitatis
696 1111 924 1149 custodiam.
967 1111 1181 1161 Omnisque
1202 1124 1340 1150 sensus
1364 1112 1568 1150 hominum

80 1169 134 1206 58
159 1167 280 1204 multo
308 1167 495 1204 antecellit
521 1166 697 1204 sensibus
726 1167 948 1205 bestiarum.
991 1167 1163 1206 Primum
1193 1168 1295 1205 enim
1326 1168 1423 1206 oculi
1454 1167 1493 1205 in
1521 1167 1567 1205 iis

69 1567 127 1598 14o

157 1223 322 1268 artibus,
344 1235 507 1273 quarum
530 1222 714 1260 iudicium
736 1229 793 1261 est
815 1223 1036 1268 oculorum,
1061 1224 1098 1261 in
1120 1223 1249 1274 pictis,
1275 1224 1371 1262 lictis
1394 1223 1567 1261 caelatis—

158 1291 229 1329 que
252 1279 407 1320 formis,
437 1279 475 1316 in
505 1291 714 1329 corporum
739 1279 850 1317 etiam
876 1279 1048 1317 motione
1076 1286 1186 1329 atque
1208 1285 1316 1329 gestu
1339 1280 1459 1318 multa
1482 1292 1565 1318 ‹zer—

157 1340 255 1373 nunt
276 1335 473 1380 subtiliusg
497 1335 670 1372 colorum
688 1335 800 1373 etiam
819 1340 855 1373 et
872 1337 1079 1385 figurarum
1100 1341 1179 1373 tum
1200 1341 1437 1373 venustatem
1455 1341 1567 1386 atque

158 1391 334 1429 ordinem
357 1397 410 1437 et,
440 1395 479 1428 ut
500 1390 549 1428 ita
573 1391 714 1436 (licam,
745 1391 956 1429 decentiam
981 1391 1079 1429 oculi
1101 1391 1287 1430 iudicant:
1318 1397 1431 1442 atque
1453 1392 1564 1430 etiam

158 1447 226 1485 alia
248 1446 406 1484 maiora.
448 1446 546 1484 Nam
569 1452 605 1484 et
624 1446 782 1484 virtutes
810 1452 846 1484 et
868 1447 952 1485 vitia
982 1454 1239 1497 cognoscunt:
1268 1448 1405 1486 iratum
1430 1448 1566 1498 propi-

156 1503 264 1546 tium,
286 1503 488 1541 laetantem
512 1502 718 1549 dolentem,
740 1504 878 1541 fortem
896 1504 1088 1553 ignavum,
1111 1504 1294 1542 audacem
1312 1504 1567 1554 timidumque

157 1564 410 1610 cognoscunt.
451 1558 689 1609 Auriumque
718 1558 807 1597 item
831 1565 890 1597 est
917 1559 1136 1598 admirabile
1167 1560 1361 1611 quoddam
1384 1559 1566 1600 artilicio-

945 1685 1017 1713 tum
1050 1685 1254 1713 venustatem
1283 1700 1342 1713 -—.
1396 1682 1459 1713 Das
1493 1688 1566 1714 ent-

209 1682 279 1713 144.
306 1694 347 1713 ηε
360 1682 439 1723 quid
450 1683 581 1714 intrare
591 1684 710 1725 possit,
725 1683 756 1713 .ςί
766 1693 825 1725 ρα-

900 1728 1102 1768 sprcchende
1128 1730 1200 1759 tum
1223 1727 1318 1759 l'chlt:
1349 1728 1432 1758 deun
1463 1737 1565 1758 anzu-

158 1730 254 1759 leret.
289 1727 355 1758 Der
371 1727 576 1767 abgckiirzte
592 1727 766 1758 Ausdruck
783 1727 826 1758 ist

157 1783 197 1802 zu
211 1773 389 1811 ergiinzen,
409 1776 496 1803 etwa
510 1773 610 1803 durch
626 1773 827 1814 quoclfieret

157 1818 237 1847 oder
253 1817 338 1858 sieri
357 1820 491 1859 posset,
516 1819 547 1848 se?
560 1820 629 1859 pat.
665 1817 825 1849 Aeantion

157 1861 243 1893 Gen.
264 1861 301 1895 V,
327 1861 379 1891 lo:
405 1865 472 1892 lam
491 1863 565 1893 iure
581 1863 718 1903 legeque
726 1862 824 1904 filins

156 1908 243 1947 siet,
273 1917 372 1948 quam
410 1908 442 1937 si
469 1918 513 1937 ea·
536 1918 574 1937 co
595 1910 693 1948 patre
721 1909 823 1937 natus

157 1954 259 1989 essct,
279 1952 308 1982 d.
327 1952 356 1981 h.
376 1961 474 1992 quam
492 1954 582 1982 esset
590 1951 702 1993 silius,
720 1953 752 1981 si
765 1969 823 1982 —.

159 1996 232 2035 vgl.
254 1995 389 2027 h'iihner
406 2007 447 2026 zu
466 1995 599 2026 Tuscul.
618 1996 655 2034 V,
676 1996 729 2035 233,
748 1997 800 2026 31⁴5.

201 2065 253 2095 his
271 2066 404 2095 nataris
420 2078 464 2090 =
482 2065 583 2096 rebus
607 2065 707 2095 leuius
725 2066 783 2095 nal
788 2075 825 2095 11-

157 2120 225 2141 rae.

202 2168 270 2206 58.
308 2175 378 2205 1-15.
415 2174 522 2206 multa
550 2176 690 2206 eermmt
718 2175 825 2205 subti-

156 2220 231 2252 lia-v.
268 2220 340 2251 Man
366 2220 442 2250 darl'
463 2220 531 2250 sich
557 2220 644 2250 nieht
669 2219 823 2257 schenen,

156 2275 254 2306 quam
285 2266 412 2296 bestiae
437 2264 718 2295 hinzuzudenken.
758 2263 824 2294 Der

156 2310 364 2351 Comparativ
389 2310 472 2340 wird
497 2310 526 2339 in
551 2310 637 2340 allen
658 2309 823 2350 Sprachen

157 2354 205 2386 ol't
223 2365 258 2385 so
277 2355 474 2395 gebraucht,
499 2355 575 2385 dass
600 2355 661 2385 ihm
687 2354 745 2384 aut'
765 2354 824 2385 der

156 2400 279 2431 andern
300 2400 390 2431 Seite
410 2400 497 2430 nit-lit
514 2399 565 2429 ein
585 2399 726 2439 Positiv‚
746 2409 823 2429 son-

156 2445 235 2476 dcrn
261 2446 332 2475 cine
357 2444 519 2483 Negation
549 2444 739 2483 gcgcniiber
767 2454 824 2483 ge·

157 2490 253 2521 ‹lacht
276 2490 370 2521 wird.
411 2490 444 2520 S.
469 2489 605 2520 Nitzsch
631 2500 670 2520 zu
700 2488 823 2520 l'lato's

158 2534 211 2565 lon
232 2546 260 2576 p.
279 2535 332 2565 titi.
367 2535 448 2565 Also
467 2534 536 2565 hier
553 2535 710 2566 sublilium·
724 2544 824 2575 qnam

157 2581 293 2612 bestiae.
304 2591 387 2622 qnae
400 2579 483 2610 nihil
492 2579 659 2611 subtiliter
671 2582 823 2610 coruunt.

899 1782 982 1811 men,
1001 1773 1077 1803 dass
1095 1773 1152 1803 das
1168 1772 1320 1812 solgende
1336 1775 1368 1803 et
1380 1772 1566 1804 decentiam

899 1817 952 1848 l'iir
970 1820 1038 1848 Ιιιηι
1058 1817 1239 1848 decentiam
1266 1818 1375 1850 stehe.
1401 1817 1567 1849 vei-bietet

899 1863 958 1892 ‹ler
976 1862 1072 1903 Sinn,
1096 1863 1135 1893 da
1159 1863 1309 1893 (lec-enlin
1333 1862 1413 1893 chen
1434 1873 1495 1892 nur
1512 1862 1564 1893 ein

896 1907 1039 1937 andei-er
1062 1907 1232 1937 Ausdruck
1265 1907 1317 1937 l'tir
1346 1910 1504 1938 venustas
1533 1909 1567 1938 et

898 1951 981 1982 ordo
1000 1951 1052 1982 ist.
1087 1952 1201 1982 Cicero
1216 1952 1270 1982 hat
1282 1952 1363 1982 auch
1379 1952 1450 1982 hier
1464 1952 1565 1982 tliich—

899 1997 944 2035 tig
957 1996 1182 2035 geschrieben.
1218 1996 1282 2026 Das
1299 1996 1399 2027 XVort
1415 1996 1567 2028 decentia

899 2041 939 2071 ist
976 2041 1129 2079 librigeus
1165 2042 1214 2071 ein
1249 2041 1565 2079 ringeln-iiucliliches

899 2086 960 2115 mid
993 2096 1054 2115 von
1086 2087 1200 2116 (livero
1232 2086 1336 2117 sclhst
1364 2087 1564 2125 gemat-Mes,

898 2131 959 2161 uie
976 2131 1056 2161 auch
1075 2131 1132 2161 das
1152 2134 1188 2161 ut
1205 2133 1252 2161 ila
1270 2131 1377 2162 (licam
1396 2131 1565 2168 andeutet,

899 2186 948 2206 nm
969 2176 1028 2206 den
1049 2175 1172 2215 Begrill'
1193 2176 1252 2206 der
1271 2172 1474 2217 εὐπρέπεια
1492 2180 1565 2207 ent—

898 2221 1120 2262 sprerhender
1147 2221 1419 2257 ausmidriicken,
1449 2220 1498 2251 als
1528 2231 1566 2251 er

898 2266 997 2297 durch
1010 2268 1168 2296 venustas
1182 2269 1213 2296 et
1222 2265 1564 2297 ordoauszudriicken

898 2320 977 2341 war.

944 2358 1000 2386 tim
1004 2356 1040 2387 id
1041 2367 1060 2387 u
1065 2367 1095 2386 1η
1099 2367 1117 2397 q
1121 2367 1162 2387 tw
1212 2367 1295 2397 cogn
1301 2366 1400 2387 oscum
1406 2358 1427 2386 t.
1490 2354 1539 2386 Ma
1546 2366 1564 2386 ιι

897 2402 1025 2432 miichte
1044 2402 1101 2431 das
1123 2401 1265 2431 verbum
1291 2401 1360 2431 hier
1384 2400 1465 2430 oder
1481 2400 1563 2431 kurz

899 2446 1020 2476 vorher
1036 2450 1171 2486 gespart
1197 2446 1277 2476 oder
1301 2446 1359 2476 mit
1381 2445 1485 2475 ciuem
1503 2455 1562 2475 an-

897 2491 976 2521 ‹lcrn
993 2491 1185 2521 vertausvht
1202 2491 1397 2522 wiinschen:
1415 2490 1496 2520 aber
1514 2490 1563 2520 ich

897 2534 1014 2573 «tantm,
1033 2535 1113 2566 auch
1133 2535 1162 2565 in
1180 2535 1290 2566 dieser
1300 2534 1563 2574 Wi‹·‹l‹=1·hotung

897 2580 1031 2611 verriith
1050 2581 1116 2611 sich
1135 2578 1279 2611 (Iiccro‘s
1300 2579 1533 2619 Fliichtigkeit.
