1684 2819
698 179 775 212 LIB.
793 179 830 212 II.
867 180 959 212 CAP.
977 181 1030 213 21.
1484 184 1562 222 147

163 296 276 329 num,
311 281 375 333 qui
401 294 485 320 rem
514 281 720 322 liaberent.⁷
766 281 943 334 Capitalis
971 282 1095 321 oratio
1124 288 1198 330 est,
1229 283 1275 322 ad
1297 284 1563 335 aequationem

162 340 357 379 bonorum
382 338 597 389 pertinens,
631 351 703 390 qua
732 344 839 390 peste
869 351 965 390 quae
991 344 1121 390 potest
1147 352 1233 379 6556
1259 339 1410 380 maior?
1456 340 1565 380 Hanc

162 395 265 434 enim
293 395 342 434 011
364 407 517 434 causam
539 395 724 443 maxime,
754 400 794 434 ut
816 407 884 434 sua
905 400 1135 442 tenerentur,
1158 409 1219 436 res
1241 397 1412 448 publicae
1435 397 1563 436 civita—

162 458 295 503 tesque
323 452 551 491 constitutae
579 457 682 491 sunt.
723 451 835 500 Nam,
863 451 934 490 etsi
962 453 1057 491 duce
1078 458 1214 492 natura
1234 453 1566 504 congregabantur

161 508 359 556 homines,
384 513 514 547 tamen
542 521 610 560 spe
637 508 834 548 custodiae
860 520 990 548 rerum
1021 522 1178 548 suarum
1199 510 1355 549 urbium
1377 509 1566 562 praesidia

164 565 407 617 quaerebant.
450 565 580 604 Danda
605 564 719 604 etiam
748 577 865 616 opera
888 570 947 604 est
968 578 1029 612 ne,
1053 565 1156 616 quod
1179 566 1280 617 apud
1301 566 1468 605 maiores
1490 579 1563 605 no-

162 627 265 661 stros
299 634 415 672 saepe
437 621 568 668 tiebat,
604 626 763 673 propter
797 621 933 660 aerarii
968 622 1192 661 tenuitatem
1227 622 1566 674 assiduitatemque

161 678 360 724 bellorum,
381 677 567 716 tributum
589 677 639 716 sit
660 677 950 725 conserendum,
974 678 1088 729 idque
1109 690 1156 716 ne
1178 679 1327 719 eveniat.
1342 679 1462 719 multo
1480 685 1567 719 ante

163 734 233 774 erit
261 733 555 785 providendum.
599 733 667 773 Sin
702 747 797 784 quae
819 734 1029 773 necessitas
1050 734 1163 774 huius
1185 735 1358 775 muneris
1380 735 1489 775 alicui
1509 735 1566 774 rei

161 790 334 842 publicae
363 790 559 829 obvenerit
587 812 641 818 ——
667 790 768 829 malo
797 790 899 829 enini
922 803 1035 841 quam
1059 796 1213 830 nostrae
1234 792 1414 840 ominari,
1442 804 1567 843 neque

162 853 290 886 tamen
311 846 358 885 de
378 852 532 893 nostra,
561 847 628 885 sed
652 846 697 885 de
719 845 825 885 omni
846 859 887 885 re
908 847 1059 898 publica
1081 847 1237 898 disputo
1260 871 1327 895 ——‚
1354 848 1477 888 danda
1497 848 1568 887 erit

161 915 278 955 opera
306 908 348 941 111
375 915 513 941 01111165
540 902 774 953 intellegant,
805 902 836 941 si
867 903 957 942 salvi
978 916 1064 942 esse
1086 903 1216 951 velint,
1243 904 1460 943 necessitati
1480 917 1567 944 6556

160 959 386 1011 parendum.
427 959 552 1010 Atque
573 959 685 998 etiam
709 971 856 1005 0111065,
886 959 949 1010 qui
971 972 1052 998 rem
1075 960 1267 1011 publicam
1288 960 1566 1012 gubernabunt,

162 1015 361 1056 consulere
383 1015 595 1061 debebunt,
619 1021 660 1054 ut
681 1028 812 1055 earum
834 1028 965 1055 rerum
988 1016 1098 1068 copia
1118 1017 1178 1063 sit,
1201 1030 1297 1067 quae
1320 1023 1410 1057 sunt
1428 1029 1566 1057 neces—

161 1073 292 1112 sariae.
336 1073 508 1119 Quarum
537 1071 658 1124 qualis
686 1072 923 1124 comparatio
952 1072 1032 1111 fieri
1057 1073 1176 1112 soleat
1196 1078 1233 1111 et
1255 1073 1389 1112 debeat
1407 1086 1488 1113 non
1510 1079 1567 1113 est

161 1141 322 1168 0606556
344 1129 558 1179 disputare:
582 1133 640 1168 651
661 1128 765 1168 enim
787 1128 826 1167 in
848 1134 1052 1180 promptu:
1077 1134 1224 1168 tantum
1246 1129 1354 1169 locus
1376 1130 1565 1181 attingen-

163 1186 235 1225 dus
259 1185 339 1224 11111.

273 1241 394 1292 Caput
420 1245 546 1280 autem
573 1246 631 1279 est
656 1240 696 1279 111
725 1241 833 1279 001111
859 1241 1132 1291 procuratione
1158 1241 1301 1292 negotii
1329 1248 1365 1281 et
1392 1242 1566 1282 muneris
1620 1252 1631 1265 ²

160 1297 317 1347 publici,
351 1302 392 1336 ut
426 1296 603 1336 avaritiae
629 1297 790 1348 pellatur
817 1297 932 1336 etiam
960 1297 1119 1336 minima
1147 1297 1329 1349 suspicio.
1374 1298 1565 1338 ‘Utinam’

161 1353 283 1405 inquit
305 1354 344 1393 C.
367 1353 529 1392 Pontius
554 1353 709 1399 Samnis
732 1358 746 1377 1⁶
757 1354 803 1392 ad
832 1354 894 1392 illa
920 1358 1097 1404 tempora
1125 1367 1186 1393 me
1213 1356 1364 1393 fortuna
1391 1367 1565 1394 reserva-

163 1409 279 1449 visset
300 1416 336 1448 et
356 1415 437 1448 tum
460 1422 586 1448 essem
604 1415 728 1456 natus,
750 1410 902 1461 quando
920 1410 1083 1449 Romani
1101 1411 1200 1450 dona
1219 1410 1392 1461 accipere
1409 1411 1564 1462 coepis-

162 1465 264 1505 sent!
314 1466 401 1504 Non
429 1478 556 1504 essem
584 1478 725 1517 passus
755 1466 898 1505 diutius
928 1479 995 1505 605
1023 1466 1235 1518 1011161316.Ἴ
1286 1467 1342 1506 Ν6
1369 1467 1417 1506 1111
1446 1468 1564 1507 multa

161 1523 308 1562 53601113
344 1522 577 1574 expectanda
610 1523 776 1562 fuerunt.
831 1523 946 1562 Modo
981 1523 1083 1562 enim
1115 1524 1191 1562 hoc
1224 1523 1368 1563 malum
1398 1523 1437 1562 in
1464 1524 1566 1563 hanc

208 1659 245 1689 ut
266 1667 330 1689 sua
353 1659 564 1689 tenerentur:
598 1667 626 1687 z.
653 1656 681 1697 1,
713 1656 741 1695 7,
773 1656 826 1688 21.

161 1712 245 1733 suus
275 1702 357 1733 ohne
382 1701 659 1742 Riickbeziehung
686 1701 746 1733 aul'
770 1702 827 1733 das

163 1746 305 1787 Subjeet.
346 1747 386 1778 de
411 1750 477 1778 nat.
501 1747 590 1778 deor.
615 1745 644 1786 Ι,
674 1745 732 1786 44,
766 1746 827 1777 192

163 1802 263 1833 quamv
281 1791 477 1831 (amicitiam)
503 1793 535 1823 si
549 1791 763 1833 adsructum
776 1801 829 1823 re-

150 1838 314 1878 seremus
351 1847 417 1869 non
449 1836 495 1868 ad
524 1836 613 1869 illius
646 1836 826 1877 commoda,

161 1892 257 1922 quem
275 1881 454 1923 (illegitnus,
472 1892 537 1913 non
556 1883 621 1914 erit
636 1883 702 1913 ista
713 1883 827 1913 amici-

161 1928 208 1958 tia
230 1926 291 1958 secl
305 1929 501 1959 mercatura
523 1926 687 1969 quaedam
703 1927 830 1959 utilita-

161 1973 233 2003 tum
246 1982 398 2003 suarum.
426 1974 621 2004 tenerentur
634 1972 665 2003 in
677 1974 830 2004 tenerent

161 2017 241 2048 oder
265 2019 441 2049 tuerentur
465 2028 505 2048 zu
529 2017 664 2058 iindern,
683 2018 738 2048 hat
755 2027 826 2049 man

161 2061 274 2093 darum
292 2062 379 2093 nicht
397 2062 523 2102 nb'thig.

205 2107 305 2145 Nam,
324 2108 406 2138 etsi:
422 2106 504 2138 iiber
520 2107 581 2138 den
602 2106 779 2139 Gedankeu
799 2118 827 2139 z.

160 2150 184 2190 1,
203 2151 256 2191 44,
277 2151 350 2183 158.

207 2196 260 2227 74.
288 2197 468 2228 tributum:
486 2196 552 2236 vgl.
571 2195 602 2237 ξ.
622 2196 674 2227 76.
695 2196 828 2228 Ciceros

163 2240 301 2281 Ahnung
310 2241 557 2272 verwirklichte
567 2241 635 2272 sich
645 2241 729 2281 hald,
744 2242 827 2272 (1600

162 2286 213 2317 (116
233 2286 407 2327 00110005,
426 2286 552 2317 welche
571 2286 671 2317 durch
689 2286 829 2317 Caesars

162 2330 370 2371 Massregeln
389 2331 420 2362 in
439 2331 496 2362 das
511 2331 671 2362 romische
685 2330 829 2362 Finanz-

161 2386 274 2407 wesen
311 2376 501 2417 gekominen
527 2386 597 2407 war
633 2375 829 2415 (Mommsen

164 2420 204 2452 Ill
222 2432 252 2463 p.
276 2420 370 2462 467),
402 2422 496 2453 hijrte
514 2422 572 2453 mit
590 2421 713 2452 seinem
738 2420 829 2452 Tode

163 2465 228 2504 auf,
247 2466 311 2498 und
325 2466 375 2497 die
389 2466 496 2498 Heere
511 2466 665 2498 kostetcu
680 2476 715 2497 so
733 2476 830 2507 gros-

165 2520 199 2542 se
215 2511 377 2552 Summen,
403 2512 479 2543 dass
494 2512 545 2543 die
561 2510 749 2544 Triuinvirn
764 2512 831 2542 sich

164 2556 334 2596 geniithigt
359 2557 468 2597 531160,
498 2557 560 2588 den
587 2556 734 2597 Biirgern
758 2556 830 2588 eine

164 2599 400 2641 Hriegssteuer
421 2601 629 2643 aufzulegen.
655 2620 697 2625 —
724 2601 833 2634 [161161-

901 1657 954 1689 die
962 1657 1183 1698 Abschaffung
1195 1658 1252 1689 des
1267 1659 1431 1691 tributum
1440 1669 1465 1691 s.
1475 1658 1564 1701 §.76.

945 1703 1033 1735 malo
1056 1704 1158 1742 enim,
1182 1703 1278 1734 011101.
1296 1704 1343 1735 510
1365 1704 1493 1736 dicere:
1527 1704 1566 1735 de

901 1748 955 1779 fin.
970 1747 1006 1788 11,
1025 1747 1120 1790 19,61
1139 1751 1280 1792 propter·
1295 1759 1377 1780 suas
1394 1749 1566 1791 utilitates,

900 1793 988 1825 malo
1013 1795 1101 1824 enlm
1124 1793 1235 1825 dicere
1251 1804 1351 1835 quam
1367 1793 1566 1837 voluptates.

900 1838 941 1869 ad
964 1837 1039 1869 fam.
1063 1837 1118 1879 lll,
1151 1837 1190 1868 10
1215 1848 1280 1881 pro
1309 1841 1368 1870 tua
1396 1838 1568 1880 dignitate,

900 1882 987 1914 malo
1005 1885 1092 1914 enim
1114 1883 1222 1915 dicere
1246 1894 1345 1925 quam
1365 1894 1430 1927 pro
1448 1883 1566 1916 salute.

901 1927 968 1968 alii,
986 1938 1054 1959 was
1073 1927 1180 1968 610156
1190 1926 1284 1960 Hdss.
1301 1929 1382 1960 nach
1396 1930 1484 1960 enim
1496 1929 1567 1961 ein-

906 1973 1071 2014 schieben,
1091 1973 1134 2004 ist·
1152 1973 1253 2005 daher
1270 1973 1477 2014 iiherssiissig.

946 2019 1049 2050 huius
1075 2019 1244 2059 muneris,
1280 2018 1391 2050 dieser
1406 2018 1569 2060 Leistung

902 2063 1000 2095 na'ml.
1020 2063 1076 2095 des
1096 2064 1268 2095 tributum.

944 2106 1050 2150 neqz'le
1084 2111 1212 2140 tamen:
1253 2110 1363 2140 tamen
1395 2108 1568 2140 bedeutet:

902 2153 983 2184 doch
1011 2153 1055 2183 ist
1071 2153 1181 2184 dieser
1198 2152 1322 2184 Zusatz
1341 2153 1428 2184 nicht
1445 2153 1569 2195 nb'thig,

903 2198 997 2229 (1600.
1033 2197 1065 2228 S.
1085 2197 1138 2235 111,
1157 2197 1210 2235 22,
1230 2197 1282 2228 so.

949 2243 1058 2274 locus:
1085 2243 1104 2282 l,
1124 2242 1152 2284 6,
1175 2242 1224 2274 18.

949 2288 1001 2318 75.
1022 2286 1164 2320 Utinam.
1184 2287 1252 2318 Aus
1268 2288 1413 2319 welcher
1427 2287 1568 2319 rhetori-

904 2333 999 2364 schen
1016 2332 1231 2372 Darstellung
1248 2333 1307 2363 der
1319 2332 1462 2364 dunkeln
1478 2332 1570 2363 Sam-

904 2377 1106 2417 niterkriege
1121 2377 1186 2409 Cic.
1201 2378 1311 2408 diesen
1326 2377 1498 2420 Auspruch
1511 2387 1568 2417 gc-

903 2433 1051 2453 00101060
1078 2423 1149 2463 1131,
1180 2423 1265 2454 l'asst
1288 2423 1356 2454 sich
1383 2422 1471 2454 nicht
1495 2426 1568 2454 ent·

904 2467 1067 2499 scheiden.

949 2513 1094 2553 saecula,
1105 2512 1129 2545 G
1137 2513 1361 2552 enerationen,
1372 2511 1568 2544 Menschen-

903 2558 1000 2590 alter.
1035 2558 1080 2589 Es
1106 2558 1175 2589 sind
1201 2562 1288 2589 etwa
1307 2557 1368 2588 153
1386 2557 1486 2589 Jahre
1504 2567 1569 2588 von

904 2602 1039 2635 Pontius
1063 2602 1154 2635 Tude
1183 2603 1232 2635 bis
1256 2613 1297 2634 zu
1321 2603 1380 2634 der
1405 2601 1490 2644 Zeit‚
1518 2612 1569 2632 wo

1236 2658 1303 2691 10*

1594 575 1634 606 74
