1684 2819
636 171 875 204 LlBERlV.
897 172 1026 212 27,58.
1447 174 1524 213 195

143 287 215 327 dici
237 286 410 340 quamvis
440 286 524 327 fuse
552 286 703 339 lateque
725 293 910 339 possunt3
946 286 1012 326 sed
1043 286 1268 327 brevissime
1295 286 1363 326 illo
1394 288 1521 338 modo,

142 343 369 397 sapientiam
400 356 487 383 esse
508 356 639 382 rerum
663 343 882 383 divinarum
905 350 941 383 et
962 344 1216 384 humanarum
1239 343 1438 384 scientiam
1461 358 1525 384 co-

141 399 430 454 gnitionemque
444 430 454 448 ,
491 413 589 453 quae
612 399 797 453 cuiusque
819 400 876 439 rei
899 413 1035 440 caussa
1056 399 1119 440 sit.
1162 400 1226 439 Ex
1248 414 1322 453 quo
1344 400 1521 450 efficitur,

141 464 181 497 ut
202 456 332 496 divina
361 456 555 505 imitetur,
589 457 753 496 humana
785 457 913 496 omnia
934 457 1122 497 inferiora
1142 456 1288 497 virtute
1311 457 1439 497 ducat.
1482 457 1524 497 In

140 513 238 553 hanc
259 519 301 553 tu
320 512 442 565 igitur
456 544 466 561 ,
500 519 695 565 tamquam
717 514 757 552 in
778 526 885 552 mare
901 543 911 561 ‚
943 513 1042 565 quod
1066 520 1126 553 est
1146 514 1273 553 ventis
1294 514 1521 565 subiectum,

142 569 474 623 perturbationem
497 569 634 609 cadere
658 569 725 609 tibi
749 569 884 609 dixisti
905 569 1059 608 videri?
1090 569 1187 620 Quid
1209 577 1290 619 est,
1316 571 1416 622 quod
1438 578 1523 611 tan-

139 634 215 666 tam
238 626 473 679 gravitatem
496 626 831 678 constantiamque
854 625 1083 678 perturbet?
1113 640 1162 665 an
1183 626 1432 679 improvisum
1455 627 1524 667 ali-

140 683 228 736 quid
251 689 317 722 aut
336 683 608 736 repentinum?
639 682 725 734 quid
757 688 884 735 potest
915 681 1091 721 accidere
1120 682 1196 721 tale
1226 683 1283 730 ei,
1320 683 1380 722 eui
1410 684 1521 734 nihil,

139 740 239 792 quod
261 739 407 779 homiui
429 738 588 778 evenire
611 739 748 791 possit,
774 739 1093 791 praemeditatum
1116 752 1193 778 non
1210 738 1287 778 sit?
1306 739 1405 778 Nam
1425 741 1524 792 quod

139 796 261 843 aiunt,
275 796 389 835 nimia
408 794 579 834 resecari
597 802 792 847 oportere,
808 795 1000 835 naturalia
1015 795 1181 847 relinqui
1193 820 1247 823 ——
1261 795 1349 847 quid
1370 797 1524 837 tandem

138 858 267 905 potest
284 865 370 891 esse
387 851 577 899 naturale,
594 852 693 903 quod
714 851 814 890 idem
837 851 995 891 nimium
1015 864 1102 891 esse
1123 852 1272 904 possit?
1304 851 1400 891 Sunt
1421 853 1523 893 enim

138 908 266 948 omnia
286 908 362 949 ista
384 920 435 947 ex
458 921 637 947 errorum
661 915 744 947 orta
766 908 972 957 radicibus,
999 921 1094 960 quae
1118 908 1318 948 evellenda
1336 915 1374 948 et
1391 916 1523 949 extra-

139 966 264 1005 henda
286 965 454 1018 penitus,
478 979 555 1004 non
577 964 883 1005 circumcidenda
904 978 974 1003 nec
996 965 1225 1017 amputanda
1249 971 1354 1004 sunt.

251 1021 326 1061 Sed
348 1020 528 1074 quoniam
552 1021 742 1074 suspicor,
769 1029 804 1061 te
826 1035 904 1061 non
926 1027 1002 1060 tam
1025 1021 1070 1060 de
1092 1021 1265 1074 sapiente
1288 1035 1401 1074 quam
1423 1022 1468 1061 de
1486 1030 1523 1063 te
1535 1022 1593 1067 27

137 1078 221 1132 ipso
253 1091 440 1131 quaerere
474 1078 597 1126 (illum
629 1078 731 1117 enim
760 1085 869 1131 putas
902 1077 1005 1117 omni
1036 1077 1326 1131 perturbatione
1361 1078 1523 1118 liberum
1546 1086 1587 1118 58

139 1148 241 1185 esse,
265 1143 302 1175 te
325 1135 399 1186 vis)
417 1151 425 1173 :
450 1134 666 1184 videamus,
693 1141 831 1187 quanta
849 1135 941 1182 sint,
959 1147 1055 1187 quae
1074 1148 1094 1173 a
1112 1134 1355 1188 philosophia
1375 1149 1521 1175 reme-

138 1191 213 1231 dia
234 1192 378 1232 morbis
402 1191 619 1231 animorum
639 1191 904 1231 adhibeantur.
925 1191 995 1231 Est
1012 1191 1113 1230 enim
1131 1191 1316 1243 quaedam
1333 1192 1522 1233 medicina

138 1255 266 1297 certe,
300 1261 372 1288 nec
393 1254 470 1287 tam
493 1249 565 1288 fuit
586 1248 779 1288 hominum
802 1247 937 1301 generi
956 1248 1108 1288 infensa
1131 1255 1244 1300 atque
1266 1248 1421 1288 inimica
1450 1262 1519 1288 na-

138 1312 238 1353 tura,
264 1312 305 1345 ut
329 1304 554 1359 corporibus
580 1313 635 1345 tot
655 1319 719 1345 res
742 1305 946 1354 salutares,
981 1304 1119 1344 animis
1142 1304 1284 1345 nullam
1304 1306 1516 1355 invenerit,

183 1429 535 1471 qaamvz'sfilse,nieht
544 1430 715 1461 concessiv
726 1430 796 1469 (da-

136 1475 196 1506 ber
213 1475 297 1506 auch
317 1475 375 1506 der
393 1474 496 1506 lndic.
522 1475 702 1517 possunt),
726 1485 795 1506 son-

138 1519 218 1551 dern
232 1520 294 1551 wie
310 1519 335 1551 I.
350 1520 404 1560 21,
417 1521 456 1551 47
474 1523 632 1561 quamvis
647 1521 792 1561 copiose.

182 1567 396 1606 sapientiam
427 1576 498 1596 esse
529 1571 591 1597 etc.
642 1564 793 1597 Diesslbe

138 1610 329 1650 Erkliirung
355 1621 381 1641 5.
399 1610 440 1642 V.
461 1612 492 1651 3,
509 1612 540 1642 7.

179 1667 476 1709 praemeditatam
506 1678 571 1699 ηοη
598 1670 660 1698 sit.
692 1665 790 1697 Diese

137 1712 255 1743 W‘orte
273 1713 387 1744 steheu
407 1714 437 1743 in
458 1713 518 1744 den
533 1713 667 1744 Hdschr
687 1711 787 1751 nicht,

136 1758 269 1789 werden
288 1758 368 1790 aber
390 1759 493 1790 durch
521 1759 580 1789 den
600 1757 672 1789 Sim
699 1757 793 1787 noth-

138 1804 267 1844 wendig
291 1804 470 1844 get'ordert.
506 1802 597 1843 (Man
625 1805 677 1834 lat
699 1812 791 1833 zwar

138 1849 337 1890 neuerdings
378 1850 459 1880 ohne
495 1849 657 1880 diesellen
699 1847 789 1878 diese

136 1894 239 1926 Stelle
254 1894 353 1925 durch
369 1892 718 1926 dieVerschiea‘enheit
732 1893 791 1924 der

136 1940 330 1981 Bedeutung
347 1951 410 1971 von
429 1941 560 1972 accidit
577 1940 638 1981 [z
656 1948 703 1969 ea:
725 1941 791 1969 im-

130 1988 274 2028 proviso
301 1989 335 2017 et
356 1989 506 2028 praeter
525 1995 615 2028 spem
633 1983 700 2025 fit]
725 1984 791 2015 und

135 2033 248 2062 evenit
261 2031 321 2072 [=
333 2042 375 2063 εκ
386 2041 506 2063 reram
519 2033 645 2063 natura
659 2033 695 2060 et
712 2040 789 2061 cam

136 2079 341 2108 necessitate
363 2078 518 2119 quadam
533 2074 711 2118 prouenit]
739 2086 790 2106 er-

135 2122 251 2154 kliiren
267 2123 409 2161 wollen;
429 2123 527 2154 alteia
546 2121 608 2152 wie
626 2121 712 2152 kann
732 2131 790 2152 ac-

135 2168 247 2199 cidere
265 2168 360 2200 einen
379 2168 520 2200 directen
541 2166 729 2208 Gegensatz
748 2177 789 2197 zu

136 2216 267 2252 evenire
292 2213 425 2245 hilden?
449 2213 509 2245 u'ad
535 2213 600 2244 wie
624 2212 710 2243 kann
738 2222 787 2252 es,

135 2269 227 2290 wenn
242 2260 324 2299 tale,
338 2259 369 2291 d.
381 2260 402 2290 i.
415 2260 638 2300 improvisam
652 2258 790 2298 aliquid

135 2308 201 2335 aut
216 2307 446 2346 repentinam,
464 2304 482 2335 d
495 2313 514 2334 a
527 2314 546 2334 n
559 2315 575 2335 e
588 2303 606 2334 b
619 2314 636 2335 e
648 2314 666 2334 n
686 2303 786 2343 steht,

131 2349 208 2390 jene
226 2350 417 2392 Bedeutung
431 2349 536 2381 haben
546 2350 574 2390 ἵ)
590 2348 666 2380 Wir
683 2348 787 2380 haben

132 2405 266 2435 praem.
286 2406 354 2428 non
371 2399 419 2428 sit
443 2395 496 2426 fiir
521 2395 572 2426 die
591 2393 689 2433 Vulg.
719 2404 787 2425 non

131 2449 267 2479 praem.
293 2444 345 2474 sit
375 2440 585 2483 geschrieben
600 2463 609 2480 ,
642 2439 719 2471 weil
753 2449 788 2471 es

137 2484 204 2515 sich
230 2496 264 2517 so
289 2486 426 2518 leichter
452 2486 590 2524 erkliirt,
610 2485 672 2516 wie
697 2485 787 2516 diese

134 2527 251 2562 Worte
270 2532 433 2563 ausfallen
451 2531 608 2563 konnten.
639 2530 706 2562 Des
724 2530 788 2562 Ab—

137 2574 317 2608 sehreibers
333 2577 424 2618 Auge
442 2578 518 2619 glitt
535 2588 598 2608 von
613 2579 728 2617 possit
746 2586 787 2606 zu

136 2623 180 2651 ⁷16
200 2623 247 2652 sit
270 2621 418 2655 hiniiber.

910 1429 1005 1470 qaod
1021 1432 1133 1469 aiant,
1162 1440 1190 1461 s.
1210 1430 1265 1470 2⁰,
1284 1431 1340 1462 46.

910 1486 1094 1526 naturale,
1131 1487 1225 1529 quod
1256 1487 1346 1518 idem
1377 1489 1523 1519 nimiam

862 1535 926 1563 etc.
962 1530 1060 1562 Diese
1079 1531 1287 1573 Bemerkung
1312 1531 1393 1563 trifft
1411 1532 1521 1573 nicht3

862 1575 946 1606 denn
973 1586 1067 1607 wenn
1098 1577 1148 1608 ein
1175 1576 1273 1608 Theil
1299 1577 1391 1609 einer
1416 1577 1522 1610 Sache

863 1621 1040 1659 naturale,
1062 1622 1114 1653 ein
1133 1622 1254 1654 andrer
1271 1623 1352 1654 aber
1376 1626 1521 1655 nimiam

860 1666 923 1706 ist,
955 1676 990 1697 so
1016 1667 1061 1698 ist
1087 1668 1177 1699 nicht
1209 1668 1325 1700 idem
1359 1670 1523 1701 naturale

862 1712 927 1742 und
952 1714 1108 1745 nimiam.

907 1779 950 1799 esc
977 1779 1139 1801 errorum
1166 1770 1358 1811 radicibus,
1380 1771 1444 1802 wie
1465 1771 1518 1812 15,

860 1814 902 1844 34
928 1824 948 1844 a
971 1816 1111 1846 virtutis
1122 1816 1244 1857 fonte.

905 1867 971 1905 27.
1008 1870 1061 1902 58.
1095 1870 1156 1902 Mit
1182 1872 1305 1903 diesem
1331 1871 1411 1915 Cap.
1441 1872 1519 1913 geht

859 1914 929 1946 Cic.
971 1926 1031 1947 zur
1063 1915 1281 1957 Darstellung
1321 1917 1380 1948 der
1414 1928 1517 1959 gegen

859 1961 912 1992 die
932 1959 1210 1994 Leidenschaften
1229 1963 1516 1996 anzuwendenden

858 2005 999 2038 Mittel
1018 2007 1100 2039 iiber
1117 2008 1183 2049 (bis
1199 2007 1278 2050 Cap.
1293 2009 1332 2039 37
1345 2009 1516 2049 einschl.).

858 2051 979 2084 Zuerst
1003 2053 1128 2094 sp1·it:ht
1146 2064 1182 2085 er
1205 2054 1255 2085 bis
1275 2053 1355 2096 Cap.
1376 2055 1418 2086 29
1436 2055 1520 2087 iiber

859 2097 948 2129 diese
965 2098 1116 2140 Aufgabe
1135 2099 1176 2130 im
1191 2099 1417 2141 Allgemeinen
1439 2100 1517 2141 (von

858 2143 899 2174 da
925 2154 965 2174 an
992 2144 1024 2175 in
1048 2144 1160 2185 Bezug
1185 2145 1244 2177 auf
1266 2145 1317 2176 die
1344 2146 1516 2177 einzelnen

857 2188 1169 2231 Leidensehaften).

903 2249 1038 2286 quanta
1071 2248 1164 2285 sint,
1192 2256 1281 2287 qaae
1298 2265 1341 2270 —
1358 2247 1516 2279 remedia

857 2308 897 2312 —
918 2291 1162 2322 adhibeantur.
1190 2291 1264 2333 Vgt.
1293 2293 1332 2324 de
1359 2298 1443 2324 orat.
1473 2292 1512 2324 ΙΙ.

859 2337 913 2376 30,
936 2336 1016 2367 132:
1037 2337 1099 2368 illa
1117 2338 1328 2378 quaerenda,
1349 2349 1438 2381 quae
1456 2349 1515 2370 ar-

854 2386 1023 2423 gumenta
1055 2382 1179 2415 debent
1211 2385 1344 2426 afferri.
1395 2383 1515 2425 Zumpt

904 2487 945 2515 ut
960 2485 1149 2516 invenerit.-
1169 2484 1273 2522 ,‚dass
1287 2485 1334 2521 sie
1352 2484 1513 2515 erfunden

857 2529 962 2560 haben
976 2529 1070 2562 sollte
1087 2529 1262 2571 (erfunden
1277 2529 1426 2572 h'atte)“.
1446 2529 1514 2561 Der

857 2574 952 2616 Conj.
965 2574 1076 2617 Plusq.
1091 2577 1180 2607 wiire
1200 2576 1231 2606 in
1248 2576 1379 2607 solehen
1391 2575 1511 2607 Siitzen

858 2630 941 2661 ganz
964 2621 1193 2653 unlateinisch.

1190 2680 1262 2714 13*
