1684 2819
556 187 633 219 ΜΒ.
652 187 675 220 1.
713 188 805 221 CAP.
829 189 881 233 10.
902 189 952 221 11.
1407 192 1458 231 45

56 302 164 330 mum
185 291 244 329 ius
265 301 419 328 summa
438 288 588 328 iniuria*
608 291 750 329 factum
773 296 830 329 est
850 291 927 330 iam
949 291 1081 329 tritum
1099 303 1281 330 sermone
1296 304 1458 343 prover-

55 347 172 386 bium.
216 347 303 393 Quo
332 345 371 384 in
398 357 536 396 genere
563 346 675 385 etiam
704 347 743 385 in
770 360 812 385 re
839 347 991 398 publica
1018 347 1135 386 multa
1162 355 1388 398 peccantur,
1416 353 1460 388 ut

7 433 10 453 4
54 403 129 450 ille,
157 401 240 453 qui,
270 414 357 440 cum
387 402 541 453 triginta
569 403 718 441 dierum
740 409 869 442 essent
891 415 978 442 cum
1000 403 1111 442 hoste
1132 403 1305 443 induciae
1327 406 1457 452 factae,

8 457 10 463 '
51 464 170 497 noctu
190 458 448 509 populabatur
469 471 603 509 agros,
633 459 737 510 quod
760 459 908 498 dierum
931 465 1060 498 essent
1079 465 1228 510 pactae,
1255 472 1337 499 non
1358 472 1455 500 noc-

7 531 9 535 ’
52 515 148 554 tium
176 514 363 553 induciae.
410 515 464 553 Ne
491 520 625 554 noster
652 515 805 566 quidem
833 515 1076 566 probandus,
1106 516 1138 554 si
1166 529 1299 555 verum
1327 522 1386 556 est
1409 517 1455 564 Q.

0 582 8 603 ἰ
51 567 213 609 Fabium
232 571 452 610 Labeonem
482 584 550 610 seu
571 584 687 622 quenl
708 572 823 611 alium
844 595 897 599 —
919 572 1013 610 nihil
1034 572 1136 610 enim
1158 573 1279 611 habeo
1303 578 1458 624 praeter

51 627 224 666 auditum
246 650 299 654 —
320 627 506 666 arbitrum
528 627 688 666 Nolanis
710 633 745 666 et
765 628 1024 678 Neapolitanis
1047 628 1092 667 de
1114 628 1254 667 finibus
1277 642 1297 667 a
1319 635 1457 669 senatu

1 727 4 733 ,
53 684 200 731 datum,
225 695 313 722 cum
330 684 376 722 ad
398 684 527 723 locum
544 684 729 730 ven'sset‚
753 696 841 722 cum
859 684 1033 735 utrisque
1049 685 1255 735 separatim
1271 685 1455 732 locutum,

0 738 6 812 ὲ

0 813 5 914 ξ

52 752 98 777 ne
135 739 271 791 cupide
298 739 388 790 quid
415 745 588 790 agerent,
623 752 671 778 ne
700 744 926 790 appetenter
953 745 1065 790 atque
1092 746 1134 779 ut
1160 741 1310 791 regredi
1338 754 1455 792 quam

50 796 232 846 progredi
263 796 428 834 mallent.
470 796 510 834 Id
539 808 625 834 cum
652 796 803 846 utrique
831 796 1030 842 fecissent,
1059 796 1295 847 aliquantum
1317 797 1397 847 agri
1417 798 1456 836 in

0 882 4 892 .
49 852 178 890 medio
208 851 381 890 relictum
409 856 477 890 est.
525 852 655 902 Itaque
682 852 835 890 illorum
865 852 962 890 fines
991 852 1063 897 sie,
1093 858 1136 891 ut
1162 852 1237 903 ipsi
1266 853 1452 899 dixerant,

2 924 4 936 >
49 907 286 946 terminavit:
315 907 353 945 in
381 908 509 947 medio
537 908 714 947 relictum
738 908 944 959 quoderat
972 909 1116 959 populo
1138 909 1316 947 Romano
1345 909 1454 948 adiu-

50 963 198 1002 dicavit.
245 964 426 1015 Decipere
453 964 528 1002 hoc
555 965 712 1015 quidem
740 971 814 1010 est,
849 976 930 1003 non
966 965 1144 1004 iudicare.
1194 965 1385 1011 Quocirca
1412 965 1453 1004 in

0 1023 2 1056 Ξ
51 1020 156 1058 omni
177 1032 217 1058 re
239 1020 416 1071 fugienda
439 1025 497 1059 est
518 1021 600 1059 talis
624 1020 802 1059 sollertia.

163 1076 261 1115 Sunt
283 1081 409 1115 autem
440 1077 627 1127 quaedam
657 1077 780 1115 officia
808 1077 922 1115 etiam
945 1076 1126 1115 adversus
1155 1089 1222 1114 eos
1252 1078 1450 1124 servanda,
1472 1079 1522 1117 11

48 1147 65 1169 a
95 1133 234 1183 quibus
262 1132 442 1171 iniuriam
470 1133 676 1184 acceperis.
723 1133 792 1171 Est
822 1132 923 1171 enim
957 1132 1168 1171 ulciscendi
1195 1139 1231 1170 et
1264 1133 1451 1183 puniendi

49 1189 207 1236 modus,
228 1194 340 1239 atque
362 1189 461 1227 haud
485 1189 565 1228 scio
588 1201 634 1227 an
657 1189 749 1227 satis
770 1189 820 1227 sit
841 1201 946 1234 eum,
970 1188 1034 1239 qui
1055 1188 1273 1235 lacessierit,
1294 1188 1455 1228 iniuriae

49 1257 139 1283 suae
161 1245 374 1295 poenitere.
403 1251 446 1284 ut
466 1251 502 1284 et
522 1245 605 1296 ipse
627 1258 673 1283 ne
700 1245 790 1296 quid
813 1245 885 1283 tale
906 1245 1072 1295 posthac
1099 1249 1135 1282 et
1163 1244 1275 1283 ceteri
1303 1245 1380 1284 sint
1406 1246 1454 1284 ad

48 1301 227 1339 iniuriam
266 1301 464 1340 tardiores.
512 1303 633 1352 Atque
660 1302 700 1339 in
729 1313 769 1339 re
804 1300 954 1352 publiea
988 1300 1153 1339 maxime
1190 1302 1453 1340 conservanda
1479 1308 1521 1339 34

48 1362 139 1395 sunt
166 1358 248 1395 iura
274 1357 372 1395 belli.
421 1357 516 1396 Nam
551 1370 637 1396 cum
673 1357 748 1396 sint
778 1358 854 1396 duo
885 1369 1024 1406 genera
1059 1357 1294 1403 decertandi,
1330 1369 1453 1396 unuin

48 1426 116 1464 per
142 1413 479 1464 disceptationem,
517 1414 675 1452 alterum
711 1426 780 1464 per
808 1413 902 1459 vim,
938 1425 1102 1464 euinque
1128 1413 1217 1451 illud
1248 1413 1451 1464 proprium

49 1470 96 1508 sit
116 1469 300 1516 hominis,
322 1470 397 1508 hoe
418 1470 628 1517 beluarum,
652 1469 954 1520 confugiendum
972 1477 1029 1508 est
1046 1469 1092 1508 ad
1110 1470 1320 1520 posterius,
1344 1469 1377 1508 si
1398 1469 1453 1508 uti

48 1537 129 1564 non
156 1526 242 1564 licet
271 1526 482 1576 superiore.
526 1528 608 1572 Qua
637 1539 677 1564 re
704 1526 948 1576 suscipienda
977 1525 1132 1576 quidem
1161 1526 1257 1564 bella
1284 1531 1375 1565 sunt
1403 1526 1452 1564 ob
1480 1532 1520 1564 35

49 1595 133 1620 eam
156 1595 321 1628 causam,
343 1587 386 1620 ut
407 1582 489 1620 sine
510 1582 647 1621 iniuria
668 1582 707 1620 in
728 1595 821 1633 pace
842 1582 1000 1627 vivatur,
1026 1587 1132 1632 parta
1150 1587 1277 1620 autem
1296 1582 1455 1621 victoria

49 1638 302 1677 conservandi
322 1639 363 1685 ii,
387 1639 449 1690 qui
472 1651 552 1677 non
575 1639 750 1677 crudeles
772 1639 810 1676 in
833 1638 952 1684 bello,
974 1650 1053 1676 non
1076 1637 1264 1676 immanes
1287 1640 1455 1685 fuerunt,

50 1700 88 1733 ut
111 1694 277 1733 maiores
298 1695 423 1734 nostri
447 1696 706 1741 Tusculanos,
729 1695 894 1746 Aequos,
918 1694 1089 1740 Volscos,
1113 1694 1290 1742 Sabinos,
1314 1694 1454 1734 Herni-

92 1839 154 1872 z'lle.
181 1840 336 1872 Plutarch
365 1842 517 1883 apophth.
536 1840 656 1872 Lacon.
683 1851 712 1883 p.

47 1884 111 1916 223
130 1885 260 1916 erz‘ahlt
281 1896 344 1917 von
368 1887 439 1917 dem
465 1886 714 1927 spartanischen

46 1929 170 1970 Ho‘nige
188 1929 398 1967 Hleonienes,
424 1931 500 1962 dass
518 1941 555 1962 er
571 1930 630 1962 aus
645 1931 713 1962 sol-

47 1976 104 2007 che
135 1974 252 2007 W‘eise
288 1975 340 2007 die
372 1975 518 2017 Argiver
550 1976 712 2007 tiiusehte.

45 2020 244 2052 Aehnliches
267 2020 419 2062 Ephorus
444 2021 496 2052 bei
521 2021 641 2053 Strabo
667 2020 715 2053 lx

46 2076 75 2107 p.
87 2064 150 2096 402
169 2076 233 2097 von
250 2066 311 2097 deu
321 2065 505 2107 Thrakern,
531 2067 646 2097 woher
663 2066 714 2097 die

45 2109 230 2142 Redensart
269 2111 327 2141 der
366 2110 528 2143 Griechen
571 2112 712 2154 Θρᾳκιά

47 2151 268 2199 παρεύρεσις
284 2157 480 2187 entstanden
498 2156 566 2187 sein
586 2157 659 2187 soll.

91 2199 142 2233 Ne
169 2203 286 2233 noster
308 2201 440 2243 quidem
462 2220 515 2241 —‚
540 2204 572 2233 εἰ
598 2212 713 2233 rerum

47 2247 117 2286 est,
156 2245 190 2284 Q.
223 2245 367 2278 Fabium
399 2245 598 2278 Labeonem.
647 2247 714 2277 Der

47 2290 166 2321 zweite
200 2290 297 2322 Theil
328 2292 386 2323 des
416 2291 637 2333 Hauptsatzes
670 2291 714 2322 ist

45 2335 146 2366 durch
159 2335 232 2367 eine
241 2336 461 2368 Anakolutbie
478 2347 541 2368 von
556 2336 625 2367 dem
640 2347 715 2378 par·

47 2380 231 2412 enthetisch
251 2381 532 2422 eingeschobenen
552 2383 584 2413 si
597 2391 715 2414 rerum

47 2427 100 2456 est
128 2425 289 2467 abhiingig
321 2428 480 2467 gemacht.
528 2426 714 2467 Eigentlich

47 2468 161 2500 wollte
170 2469 235 2502 Cic.
255 2470 438 2504 fortsahren
454 2471 649 2516 probandus
664 2474 717 2504 est

47 2513 176 2551 Labeo,·
200 2525 226 2547 S.
245 2527 273 2548 z.
298 2515 330 2558 ξ.
350 2516 403 2548 22.
439 2517 566 2557 Labeo,
593 2517 716 2549 Consul

48 2558 109 2589 571
129 2558 230 2600 (183),
245 2561 327 2593 wird
342 2562 432 2594 Brut.
449 2562 551 2602 21‚81
571 2563 651 2594 auch
665 2562 714 2594 als

49 2603 180 2635 Redner
196 2611 350 2645 genanut.

834 1834 900 1872 11-
937 1842 1021 1872 satis
1044 1841 1089 1872 sit
1111 1841 1259 1871 iniuriae
1275 1851 1358 1872 suae
1378 1851 1458 1883 poe-

786 1887 909 1917 nitere:
935 1886 1035 1917 damit
1052 1886 1096 1917 ist
1114 1885 1165 1916 die
1174 1885 1374 1926 Bestrasung
1386 1895 1455 1917 we-

788 1931 936 1971 nigstens
962 1930 1050 1962 nicht
1072 1931 1364 1971 ausgeschlosseu‚
1396 1941 1458 1963 nur

786 1976 836 2007 als
854 1975 983 2017 Prineip
1002 1975 1177 2007 derselbcn
1200 1975 1251 2007 die
1269 1975 1457 2016 Besserung

787 2021 852 2052 und
869 2021 921 2052 die
938 2021 1198 2061 Absehreckung
1214 2020 1366 2052 Auderer
1383 2020 1456 2053 aus-

787 2066 934 2107 gestellt.
961 2065 1092 2097 Ebenso
1112 2066 1240 2097 Seneca
1257 2066 1295 2097 de
1314 2066 1407 2097 clem.
1427 2066 1455 2107 5,

786 2111 845 2142 22:
874 2111 926 2142 die
944 2110 1054 2142 Strafe
1079 2111 1127 2142 sei
1151 2111 1317 2142 bestimmt
1343 2113 1405 2142 aut
1420 2113 1459 2143 ut

785 2166 880 2197 eum,
900 2166 995 2197 quem
1011 2158 1124 2199 punit,
1149 2155 1317 2196 emendet,
1341 2158 1403 2188 aut
1419 2158 1459 2188 ut

784 2211 894 2244 poena
912 2203 982 2232 eius
1000 2203 1129 2232 eeteros
1152 2200 1307 2232 meliores
1324 2200 1455 2242 reddat,

785 2249 846 2277 aut
872 2248 910 2276 uc
938 2245 1083 2277 sublatis
1106 2245 1204 2277 ‘vialis
1233 2247 1336 2278 ceteri
1362 2257 1458 2278 secu-

786 2293 892 2323 riores
909 2291 1032 2322 vivant.

832 2335 886 2366 35.
924 2334 1140 2376 Tusculanos,
1168 2335 1232 2366 373
1253 2335 1352 2376 (381).
1384 2335 1457 2368 Liv.

787 2380 840 2421 Vl,
858 2380 910 2412 26.
938 2380 1021 2421 Vlll,
1043 2381 1093 2413 14.

833 2427 987 2468 Aequos.-
1020 2426 1091 2458 Liv.
1125 2425 1189 2466 IX,
1214 2426 1255 2457 45
1290 2436 1394 2458 mium
1426 2429 1460 2458 et

788 2471 1016 2513 quadraginta
1030 2471 1153 2515 oppida
1167 2471 1392 2515 oppugnando
1406 2481 1457 2503 ce-

785 2520 924 2560 perunt,
942 2527 1085 2559 quorum
1099 2516 1259 2560 pleraque
1275 2516 1391 2549 diruta
1406 2520 1458 2549 at-

789 2573 852 2603 que
873 2563 1026 2603 incensa,
1050 2572 1234 2604 nomenque
1257 2563 1458 2604 Aequorum

786 2617 893 2651 prope
929 2606 975 2639 ad
1009 2608 1267 2641 internecionem
1300 2606 1455 2640 deletum.
