1684 2819
587 192 665 224 LlB.
683 191 721 223 Π.
760 192 851 223 CAP.
870 193 923 224 59.
942 192 997 223 60.
1422 194 1500 232 177

95 297 212 336 rectio
234 301 393 346 propter
413 295 547 332 molles
569 293 847 332 commissuras
865 299 900 332 et
916 298 1022 332 artus
1038 294 1143 332 nullo
1160 293 1199 331 in
1214 298 1325 331 motu
1340 293 1498 332 laborat.

96 353 225 403 Itaque
246 352 293 390 ad
314 351 571 401 pingendum,
595 350 640 388 ad
664 350 904 400 lingendum,
928 351 974 388 ad
997 350 1266 399 scalpendum,
1290 349 1335 388 ad
1358 361 1498 388 nervo-

97 420 183 447 rum
205 406 411 445 eliciendos
434 418 554 444 sonos
578 419 621 444 ac
642 406 819 444 tibiarum
841 411 926 456 apta
950 417 1087 443 manus
1117 411 1174 444 est
1195 404 1418 444 admotione
1440 405 1499 444 di—

96 463 275 512 gitorum.
316 463 440 513 Atque
461 463 553 501 haec
582 462 866 500 oblectationis:
895 462 954 499 illa
978 461 1237 507 necessitatis,
1267 461 1389 500 cultus
1412 461 1498 499 dico

96 530 277 568 agrorum
306 519 665 569 exstructionesque
700 524 909 562 tectorum,
946 523 1164 568 tegumenta
1200 530 1410 567 corporum
1443 517 1497 555 vel

95 580 193 612 texta
215 575 270 612 vel
293 581 395 619 suta,
419 587 652 624 omnemque
675 574 856 612 fabricam
880 573 976 611 aeris
999 579 1035 611 et
1056 573 1163 611 ferri:
1194 586 1238 611 ex
1261 586 1336 624 quo
1361 573 1499 611 intelli-

95 630 196 680 gitur
226 631 271 668 ad
306 631 456 668 inventa
493 630 640 675 animo,
678 635 856 679 percepta
884 629 1081 675 sensibus,
1110 629 1288 667 adhibitis
1318 629 1499 679 opiticum

96 686 273 724 manibus
296 686 424 724 onmia
446 698 518 724 nos
542 691 792 730 consecutos,
819 691 861 722 ut
881 684 988 729 tecti,
1011 690 1053 722 ut
1074 685 1215 730 vestiti,
1240 690 1279 722 ut
1300 685 1392 722 salvi
1414 697 1497 723 esse

93 754 321 792 possemus,
351 742 485 787 urbes,
514 753 667 787 muros,
703 740 910 785 domicilia,
943 740 1099 778 delubra
1128 740 1369 778 haberemus.
1416 740 1495 779 Iam

93 810 184 835 vero
208 797 388 847 operibus
413 797 633 841 hominum,
665 796 699 833 id
723 801 778 833 est
802 795 998 840 manibus,
1024 796 1096 833 cibi
1119 796 1233 833 etiam
1256 796 1416 834 varietas
1438 796 1498 834 in-

93 853 245 891 venitur
265 859 302 890 et
321 855 443 902 copia.
483 852 578 889 Nam
599 857 634 889 et
651 852 730 901 agri
748 852 863 889 multa
883 852 1046 889 esserunt
1062 863 1177 889 manu
1197 851 1379 901 quaesita,
1403 864 1498 901 quae

93 908 148 946 vel
169 907 296 946 statim
318 913 597 946 consumantur
618 908 675 945 vel
691 908 922 945 mandentur
943 907 1093 945 condita
1117 908 1307 947 vetustati.
1330 913 1365 945 et
1386 919 1497 957 prae-

92 970 193 1002 terea
209 964 400 1002 vescimur
414 963 547 1001 bestiis
563 969 598 1001 ct
615 963 775 1001 terrenis
791 969 827 1001 et
840 963 1065 1013 aquatilibus
1080 968 1115 1001 et
1131 963 1341 1001 volatilibus
1359 963 1496 1013 partim

93 1019 290 1070 capiendo,
313 1020 454 1069 partim
471 1020 619 1058 alendo.
660 1020 859 1064 Efficimus
875 1019 988 1056 etiam
1005 1019 1153 1057 domitu
1171 1025 1307 1057 nostro
1328 1020 1497 1069 quadru-

91 1076 234 1125 pedum
250 1076 462 1114 vectiones:
491 1088 657 1125 quorum
675 1076 842 1113 celeritas
860 1080 973 1125 atque
986 1075 1041 1112 vis
1060 1075 1172 1113 nobis
1189 1075 1282 1125 ipsis
1302 1076 1409 1113 affert
1422 1075 1495 1113 vim

93 1136 129 1169 et
141 1131 381 1170 celeritatem.
410 1132 489 1170 Nos
506 1144 620 1169 onera
638 1132 865 1181 quibusdam
882 1131 1028 1176 bestiis,
1049 1143 1122 1169 nos
1138 1131 1223 1181 Iuga
1240 1131 1497 1181 imponimus3

93 1199 165 1225 nos
194 1188 486 1237 elephantorum
523 1187 755 1226 acutissimis
791 1187 986 1233 sensibus,
1023 1199 1096 1225 nos
1125 1187 1328 1236 sagacitate
1357 1199 1497 1225 canum

92 1242 136 1280 ad
165 1243 364 1281 utilitatem
392 1249 567 1281 nostram
604 1243 814 1289 abutimur,
850 1255 923 1281 nos
951 1256 970 1281 e
999 1249 1123 1281 terrae
1151 1243 1323 1281 cavernis
1352 1244 1496 1281 ferrum

92 1298 275 1344 elicimus,
297 1311 378 1336 rem
400 1299 445 1337 ad
470 1299 653 1337 colendos
675 1311 788 1348 agros
810 1299 1085 1344 liecessai‘ian13
1109 1311 1182 1337 nos
1204 1299 1312 1344 aeris,
1336 1299 1494 1348 argenti,

91 1353 173 1391 auri
193 1366 310 1392 venas
331 1355 483 1404 penitus
505 1355 651 1393 abditas
674 1355 890 1393 invenimus
914 1360 950 1393 et
970 1355 1015 1393 ad
1039 1368 1150 1393 usum
1175 1361 1282 1404 aptas
1306 1360 1342 1392 et
1362 1355 1407 1393 ad
1431 1367 1496 1392 or-

90 1414 221 1448 natum
251 1411 430 1448 decoras:
466 1411 651 1449 arborum
685 1417 812 1449 autem
848 1410 1093 1449 consectione
1127 1411 1311 1461 omnique
1339 1410 1497 1448 materia

92 1471 128 1503 et
149 1466 244 1504 culta
267 1472 303 1504 et
324 1466 488 1505 silvestri
512 1467 649 1516 partin]
673 1467 718 1504 ad
743 1467 1035 1505 calefaciendum
1059 1479 1201 1516 corpus
1224 1466 1300 1516 igni
1322 1466 1494 1504 adhibito

92 1526 127 1558 et
143 1521 188 1559 ad
205 1522 455 1571 mitigandum
475 1522 600 1560 cibum
619 1523 773 1568 utimur,
795 1523 935 1573 partim
952 1522 998 1560 ad
1015 1522 1305 1567 aedificandum,
1326 1528 1368 1560 ut
1385 1521 1494 1560 tectis

136 1681 204 1718 60.
233 1687 303 1718 150.
334 1688 448 1719 molles
466 1691 706 1720 commissuras
724 1692 757 1720 et

93 1735 206 1772 artus,
225 1733 301 1771 „die
319 1733 551 1772 beweglichen,
573 1734 755 1773 geschmei-

829 1689 1044 1720 Einiuacbens
1084 1689 1171 1720 nicht
1202 1688 1374 1720 bediirl‘en.
1419 1688 1494 1729 Vgl.

827 1734 908 1764 auch
927 1744 954 1764 c.
973 1733 1026 1773 62,
1048 1733 1109 1764 156
1127 1745 1158 1764 u.
1178 1733 1229 1772 63,
1252 1734 1324 1765 157.

93 1778 188 1817 digen
206 1777 458 1817 Verbindungen
485 1779 547 1809 und
573 1777 755 1817 Gelenke“,

92 1821 200 1852 woffir
231 1823 312 1853 auch
345 1824 588 1854 commissuras
619 1826 756 1855 artuum

94 1871 210 1906 gesagt
233 1867 365 1898 werden
390 1867 524 1898 konnte.
557 1870 666 1899 Artas
683 1868 757 1898 sind

93 1911 266 1951 eigentlich
284 1912 436 1943 dasselbe
454 1913 516 1943 wie
533 1912 677 1950 articuli,
697 1912 755 1944 Gr.

93 1951 232 1999 ἄρθρα,
262 1956 409 1996 obgleich
435 1957 577 1987 nachher
599 1958 679 1988 auch
704 1958 756 1988 die

94 2000 318 2032 Gliedmassen
337 2001 442 2032 selbst
459 2012 495 2032 so
514 2007 657 2040 genannt
670 2012 756 2033 wer-

93 2046 169 2077 den:
186 2045 295 2076 mollis
311 2046 392 2076 aber
410 2046 453 2077 ist
470 2047 698 2088 urspriinglicli
712 2061 757 2072 =

92 2090 238 2129 mobilis,
267 2100 326 2121 aus
352 2091 422 2121 dem
446 2102 481 2122 es
505 2092 587 2122 auch
606 2095 756 2123 eatstan-

93 2136 172 2173 den3
197 2135 260 2166 und
284 2135 335 2166 die
355 2135 543 2176 Bedeutung
562 2137 688 2167 weich
713 2137 757 2168 ist

94 2190 155 2210 nur
172 2180 244 2210 eine
261 2179 471 2219 abgeleitete.

142 2234 215 2265 151.
242 2235 376 2266 condita
394 2236 437 2266 ist
450 2235 521 2266 hier
533 2237 756 2268 wahrsehein-

94 2280 198 2311 licher
219 2290 283 2310 von
308 2280 448 2311 condere
469 2280 520 2311 als
543 2292 606 2311 von
624 2281 759 2313 condire

94 2324 289 2356 abzulciten.
311 2325 402 2355 Denn
417 2325 527 2356 dieses
542 2326 603 2356 ein
615 2336 655 2356 sa
669 2327 757 2358 lzen

95 2370 159 2400 und
182 2369 366 2411 iiberhaupt
394 2370 628 2401 einmaeben
658 2371 759 2402 findet

97 2414 175 2444 doch
195 2425 256 2445 nur
274 2415 323 2445 bei
342 2415 481 2454 einigen,
495 2415 592 2455 jenes
610 2416 690 2447 aber
708 2417 759 2447 bei

96 2458 181 2488 allen
191 2458 494 2499 Nabrungsuiittcln
511 2465 604 2498 stutt,
621 2461 672 2491 die
686 2471 758 2492 inan

97 2502 316 2543 ausbewahi·t‚
343 2505 406 2535 und
429 2515 491 2534 von
510 2505 613 2536 denen
638 2508 759 2545 gei-ade

98 2546 148 2576 die
171 2547 396 2588 wichtigsten,
427 2550 489 2580 wie
514 2550 571 2580 das
590 2549 758 2590 Getraide,

99 2590 149 2621 die
177 2590 431 2624 Hiilsenfriichte
459 2595 523 2625 und
552 2595 672 2636 dergL,
701 2597 759 2627 des

170 2644 230 2673 cie.
244 2645 278 2671 de
290 2646 354 2675 Nat.
367 2647 448 2675 deor.
469 2646 496 2675 2.
512 2648 589 2677 Auss.

872 1791 1039 1820 vescimur
1054 1807 1098 1812 —
1116 1789 1290 1832 capiendo,
1315 1790 1433 1821 alendo
1451 1790 1494 1821 ist

829 1834 900 1865 eine
930 1834 1254 1865 bemerkenswerthe
1285 1834 1494 1875 Ungenauig-

828 1879 898 1909 keit
914 1879 972 1909 des
990 1878 1212 1916 Ausdruckes,
1232 1878 1286 1909 fiir
1299 1890 1384 1920 quas
1400 1881 1494 1922 capi-

827 1934 921 1963 mus,
945 1923 1067 1955 alimus
1096 1924 1176 1954 oder
1200 1935 1285 1966 quae
1302 1926 1493 1967 capiuntur,

828 1969 976 2000 aluntur.

873 2024 973 2045 venas
1013 2016 1148 2056 penitus
1195 2013 1338 2046 abditas.
1397 2013 1494 2045 Diese

829 2057 950 2089 Worte
991 2058 1098 2089 bilden
1137 2058 1189 2089 die
1232 2059 1351 2090 zweite
1384 2058 1495 2090 Hatfte

829 2104 919 2134 eines
933 2104 1159 2134 trochaischen
1175 2103 1413 2140 Tetrameters,
1431 2104 1495 2134 und

829 2158 865 2179 es
883 2148 927 2179 ist
943 2148 1124 2185 aller-dings
1147 2148 1300 2187 mogum,
1324 2149 1400 2178 dass
1423 2148 1495 2178 dem

830 2192 946 2223 Cicero
979 2193 1050 2222 hier
1080 2193 1140 2222 uie
1175 2192 1204 2222 in
1235 2193 1295 2222 der
1322 2192 1494 2223 {ihnlichen

829 2237 934 2268 Stellc
952 2237 992 2267 de
1010 2236 1104 2268 Offic.
1124 2236 1161 2274 ΙΙ,
1180 2236 1210 2274 3,
1233 2236 1288 2273 13,
1307 2237 1380 2268 eine
1399 2237 1494 2267 Dich—

829 2282 981 2312 tem-telle
1006 2281 1258 2321 vorgeschwebt
1281 2281 1372 2312 bnbe.
1406 2281 1495 2312 Dot‘h

831 2327 953 2357 ebenso
973 2326 1111 2366 moglivh
1129 2327 1225 2367 auch,
1253 2327 1328 2357 dass
1353 2327 1413 2357 der
1430 2326 1497 2357 Nu-

832 2381 940 2402 merus
966 2371 1036 2402 blos
1059 2370 1198 2408 zusallig
1221 2372 1280 2402 sei.
1318 2371 1391 2411 vgt.
1410 2382 1451 2402 zu
1468 2381 1495 2402 c.

833 2417 863 2452 9,
888 2415 941 2446 25.
975 2416 1063 2446 Auch
1088 2416 1139 2446 die
1166 2415 1286 2447 VVorte
1312 2415 1334 2454 l,
1363 2416 1411 2456 19,
1437 2415 1495 2446 49:

831 2460 999 2503 Epicurus
1016 2463 1127 2492 aulam
1146 2459 1204 2501 ηυξ
1226 2471 1282 2491 res
1300 2458 1449 2491 ocmilta's
1466 2463 1500 2491 et

830 2507 964 2548 penitus
981 2503 1125 2542 a'bditas,
1144 2506 1263 2536 ktinnte
1280 2505 1497 2536 Einerallen-

833 2550 908 2581 falls
928 2550 980 2581 ttin-
996 2551 1092 2581 eincn
1111 2550 1307 2581 iambiscben
1323 2549 1496 2581 Tetrame-

834 2600 886 2626 ter
903 2595 1070 2626 erkliiren.

1191 2650 1231 2681 12

1528 745 1587 777 151
