<?xml version="1.0" encoding="UTF-8"?>
<!DOCTYPE html PUBLIC "-//W3C//DTD XHTML 1.0 Transitional//EN"
    "http://www.w3.org/TR/xhtml1/DTD/xhtml1-transitional.dtd">
<html xmlns="http://www.w3.org/1999/xhtml" xml:lang="en" lang="en">
 <head>
  <title>
</title>
<meta http-equiv="Content-Type" content="text/html;charset=utf-8" />
  <meta name='ocr-system' content='tesseract 3.04.00' />
  <meta name='ocr-capabilities' content='ocr_page ocr_carea ocr_par ocr_line ocrx_word'/>
</head>
<body>
  <div class='ocr_page' id='page_1' title='image "./tusculanarumdisp00ciceuoft_0082.png"; bbox 0 0 1684 2819; ppageno 0'>
   <div class='ocr_carea' id='block_1_1' title="bbox 131 133 1101 175">
    <p class='ocr_par' dir='ltr' id='par_1_1' title="bbox 131 133 1101 175">
     <span class='ocr_line' id='line_1_1' title="bbox 131 133 1101 175; baseline -0.005 -6"><span class='ocrx_word' id='word_1_1' title='bbox 131 134 182 174; x_wconf 83' lang='lat'><strong>56</strong></span> <span class='ocrx_word' id='word_1_2' title='bbox 569 133 773 167; x_wconf 67' lang='lat' dir='ltr'><strong>Llssssai.</strong></span> <span class='ocrx_word' id='word_1_3' title='bbox 801 134 858 175; x_wconf 83' lang='lat'><strong>37,</strong></span> <span class='ocrx_word' id='word_1_4' title='bbox 878 134 932 165; x_wconf 81' lang='lat'><strong>90.</strong></span> <span class='ocrx_word' id='word_1_5' title='bbox 969 134 1101 175; x_wconf 68' lang='lat' dir='ltr'><strong>3S,91.</strong></span> 
     </span>
    </p>
   </div>
   <div class='ocr_carea' id='block_1_2' title="bbox 54 242 1546 1487">
    <p class='ocr_par' dir='ltr' id='par_1_2' title="bbox 130 242 1546 409">
     <span class='ocr_line' id='line_1_2' title="bbox 130 242 1539 293; baseline -0.001 -9"><span class='ocrx_word' id='word_1_6' title='bbox 130 243 196 284; x_wconf 87' lang='lat' dir='ltr'><strong>nia</strong></span> <span class='ocrx_word' id='word_1_7' title='bbox 217 242 399 291; x_wconf 76' lang='lat' dir='ltr'><strong>vidisset,</strong></span> <span class='ocrx_word' id='word_1_8' title='bbox 422 242 598 282; x_wconf 84' lang='lat' dir='ltr'>Paullum</span> <span class='ocrx_word' id='word_1_9' title='bbox 623 248 660 282; x_wconf 84' lang='lat' dir='ltr'><strong>et</strong></span> <span class='ocrx_word' id='word_1_10' title='bbox 681 242 886 283; x_wconf 88' lang='lat' dir='ltr'><strong>Geminum</strong></span> <span class='ocrx_word' id='word_1_11' title='bbox 906 243 1081 293; x_wconf 86' lang='lat' dir='ltr'><strong>Cannae,</strong></span> <span class='ocrx_word' id='word_1_12' title='bbox 1101 242 1276 283; x_wconf 82' lang='lat' dir='ltr'><strong>Venusia</strong></span> <span class='ocrx_word' id='word_1_13' title='bbox 1293 242 1539 293; x_wconf 83' lang='lat' dir='ltr'><strong>Marcellum,</strong></span> 
     </span>
     <span class='ocr_line' id='line_1_3' title="bbox 130 298 1546 353; baseline 0 -13"><span class='ocrx_word' id='word_1_14' title='bbox 130 300 267 340; x_wconf 82' lang='lat' dir='ltr'><strong>Litana</strong></span> <span class='ocrx_word' id='word_1_15' title='bbox 290 298 498 347; x_wconf 88' lang='lat' dir='ltr'><strong>Albinum,</strong></span> <span class='ocrx_word' id='word_1_16' title='bbox 523 298 699 338; x_wconf 82' lang='lat' dir='ltr'><strong>Lucania</strong></span> <span class='ocrx_word' id='word_1_17' title='bbox 723 298 956 339; x_wconf 80' lang='lat' dir='ltr'><strong>Gracchum.</strong></span> <span class='ocrx_word' id='word_1_18' title='bbox 1000 299 1103 340; x_wconf 87' lang='lat' dir='ltr'><strong>Num</strong></span> <span class='ocrx_word' id='word_1_19' title='bbox 1135 300 1220 353; x_wconf 84' lang='lat' dir='ltr'><strong>quis</strong></span> <span class='ocrx_word' id='word_1_20' title='bbox 1254 300 1393 340; x_wconf 90' lang='lat' dir='ltr'><strong>horum</strong></span> <span class='ocrx_word' id='word_1_21' title='bbox 1423 300 1546 340; x_wconf 88' lang='lat' dir='ltr'><strong>miser</strong></span> 
     </span>
     <span class='ocr_line' id='line_1_4' title="bbox 130 355 1541 409; baseline 0 -13"><span class='ocrx_word' id='word_1_22' title='bbox 130 356 274 396; x_wconf 85' lang='lat' dir='ltr'><strong>hodie?</strong></span> <span class='ocrx_word' id='word_1_23' title='bbox 315 355 374 395; x_wconf 90' lang='lat' dir='ltr'><strong>Ne</strong></span> <span class='ocrx_word' id='word_1_24' title='bbox 406 362 484 395; x_wconf 86' lang='lat' dir='ltr'><strong>tum</strong></span> <span class='ocrx_word' id='word_1_25' title='bbox 520 355 673 408; x_wconf 85' lang='lat' dir='ltr'><strong>quidem</strong></span> <span class='ocrx_word' id='word_1_26' title='bbox 706 362 794 408; x_wconf 87' lang='lat' dir='ltr'><strong>post</strong></span> <span class='ocrx_word' id='word_1_27' title='bbox 830 356 1009 409; x_wconf 87' lang='lat' dir='ltr'><strong>spiritum</strong></span> <span class='ocrx_word' id='word_1_28' title='bbox 1041 362 1278 397; x_wconf 87' lang='lat' dir='ltr'><strong>extremum.</strong></span> <span class='ocrx_word' id='word_1_29' title='bbox 1321 356 1406 397; x_wconf 81' lang='lat' dir='ltr'><strong>Nee</strong></span> <span class='ocrx_word' id='word_1_30' title='bbox 1437 355 1541 397; x_wconf 90' lang='lat' dir='ltr'><strong>enim</strong></span> 
     </span>
    </p>

    <p class='ocr_par' dir='ltr' id='par_1_3' title="bbox 65 411 1545 1372">
     <span class='ocr_line' id='line_1_5' title="bbox 65 411 1541 468; baseline -0.002 -13"><span class='ocrx_word' id='word_1_31' title='bbox 65 422 108 455; x_wconf 84' lang='lat'><strong>90</strong></span> <span class='ocrx_word' id='word_1_32' title='bbox 130 420 259 467; x_wconf 84' lang='lat' dir='ltr'><strong>potest</strong></span> <span class='ocrx_word' id='word_1_33' title='bbox 298 425 388 451; x_wconf 89' lang='lat' dir='ltr'><strong>esse</strong></span> <span class='ocrx_word' id='word_1_34' title='bbox 429 411 552 451; x_wconf 83' lang='lat' dir='ltr'><strong>miser</strong></span> <span class='ocrx_word' id='word_1_35' title='bbox 581 412 784 464; x_wconf 88' lang='lat' dir='ltr'><strong>quisquam</strong></span> <span class='ocrx_word' id='word_1_36' title='bbox 825 425 947 452; x_wconf 90' lang='lat' dir='ltr'><strong>sensu</strong></span> <span class='ocrx_word' id='word_1_37' title='bbox 976 420 1194 466; x_wconf 89' lang='lat' dir='ltr'><strong>perempt0.</strong></span> <span class='ocrx_word' id='word_1_38' title='bbox 1256 412 1308 452; x_wconf 75' lang='lat' dir='ltr'><strong>At</strong></span> <span class='ocrx_word' id='word_1_39' title='bbox 1343 413 1380 453; x_wconf 87' lang='lat' dir='ltr'><strong>id</strong></span> <span class='ocrx_word' id='word_1_40' title='bbox 1415 413 1541 468; x_wconf 90' lang='lat' dir='ltr'><strong>ipsum</strong></span> 
     </span>
     <span class='ocr_line' id='line_1_6' title="bbox 128 467 1538 518; baseline 0 -9"><span class='ocrx_word' id='word_1_41' title='bbox 128 470 306 509; x_wconf 89' lang='lat' dir='ltr'><strong>odiosum</strong></span> <span class='ocrx_word' id='word_1_42' title='bbox 337 474 421 517; x_wconf 86' lang='lat' dir='ltr'><strong>est,</strong></span> <span class='ocrx_word' id='word_1_43' title='bbox 454 467 542 507; x_wconf 88' lang='lat' dir='ltr'><strong>sine</strong></span> <span class='ocrx_word' id='word_1_44' title='bbox 574 481 696 509; x_wconf 89' lang='lat' dir='ltr'><strong>sensu</strong></span> <span class='ocrx_word' id='word_1_45' title='bbox 726 482 830 509; x_wconf 87' lang='lat' dir='ltr'><strong>esse.</strong></span> <span class='ocrx_word' id='word_1_46' title='bbox 877 467 1086 518; x_wconf 86' lang='lat' dir='ltr'>Odiosum,</span> <span class='ocrx_word' id='word_1_47' title='bbox 1120 470 1151 508; x_wconf 90' lang='lat' dir='ltr'><strong>si</strong></span> <span class='ocrx_word' id='word_1_48' title='bbox 1185 470 1224 510; x_wconf 90' lang='lat' dir='ltr'><strong>id</strong></span> <span class='ocrx_word' id='word_1_49' title='bbox 1253 477 1359 511; x_wconf 86' lang='lat' dir='ltr'><strong>esset</strong></span> <span class='ocrx_word' id='word_1_50' title='bbox 1387 482 1538 510; x_wconf 84' lang='lat' dir='ltr'><strong>carere.</strong></span> 
     </span>
     <span class='ocr_line' id='line_1_7' title="bbox 129 524 1541 580; baseline 0 -15"><span class='ocrx_word' id='word_1_51' title='bbox 129 525 253 575; x_wconf 87' lang='lat' dir='ltr'><strong>Quum</strong></span> <span class='ocrx_word' id='word_1_52' title='bbox 274 537 371 564; x_wconf 89' lang='lat' dir='ltr'><strong>vero</strong></span> <span class='ocrx_word' id='word_1_53' title='bbox 394 524 641 578; x_wconf 84' lang='lat' dir='ltr'><strong>perspicuum</strong></span> <span class='ocrx_word' id='word_1_54' title='bbox 664 525 729 575; x_wconf 86' lang='lat' dir='ltr'><strong>sit,</strong></span> <span class='ocrx_word' id='word_1_55' title='bbox 756 525 851 565; x_wconf 90' lang='lat' dir='ltr'><strong>nihil</strong></span> <span class='ocrx_word' id='word_1_56' title='bbox 875 537 989 577; x_wconf 87' lang='lat' dir='ltr'><strong>posse</strong></span> <span class='ocrx_word' id='word_1_57' title='bbox 1011 525 1051 565; x_wconf 88' lang='lat' dir='ltr'><strong>in</strong></span> <span class='ocrx_word' id='word_1_58' title='bbox 1073 538 1120 565; x_wconf 91' lang='lat' dir='ltr'><strong>eo</strong></span> <span class='ocrx_word' id='word_1_59' title='bbox 1142 538 1247 574; x_wconf 86' lang='lat' dir='ltr'><strong>esse,</strong></span> <span class='ocrx_word' id='word_1_60' title='bbox 1271 527 1335 579; x_wconf 91' lang='lat' dir='ltr'><strong>qui</strong></span> <span class='ocrx_word' id='word_1_61' title='bbox 1355 527 1439 580; x_wconf 90' lang='lat' dir='ltr'><strong>ipse</strong></span> <span class='ocrx_word' id='word_1_62' title='bbox 1463 540 1541 566; x_wconf 91' lang='lat' dir='ltr'><strong>non</strong></span> 
     </span>
     <span class='ocr_line' id='line_1_8' title="bbox 127 580 1544 634; baseline -0.001 -12"><span class='ocrx_word' id='word_1_63' title='bbox 127 582 202 622; x_wconf 84' lang='lat' dir='ltr'><strong>sit:</strong></span> <span class='ocrx_word' id='word_1_64' title='bbox 229 580 319 634; x_wconf 89' lang='lat' dir='ltr'><strong>quid</strong></span> <span class='ocrx_word' id='word_1_65' title='bbox 343 588 472 634; x_wconf 86' lang='lat' dir='ltr'><strong>potest</strong></span> <span class='ocrx_word' id='word_1_66' title='bbox 493 595 581 622; x_wconf 84' lang='lat' dir='ltr'><strong>esse</strong></span> <span class='ocrx_word' id='word_1_67' title='bbox 599 582 638 621; x_wconf 92' lang='lat' dir='ltr'><strong>in</strong></span> <span class='ocrx_word' id='word_1_68' title='bbox 656 596 703 624; x_wconf 93' lang='lat' dir='ltr'><strong>eo</strong></span> <span class='ocrx_word' id='word_1_69' title='bbox 727 582 920 631; x_wconf 84' lang='lat' dir='ltr'><strong>odiosum,</strong></span> <span class='ocrx_word' id='word_1_70' title='bbox 942 582 1006 634; x_wconf 87' lang='lat' dir='ltr'><strong>qui</strong></span> <span class='ocrx_word' id='word_1_71' title='bbox 1031 595 1103 622; x_wconf 88' lang='lat' dir='ltr'><strong>nec</strong></span> <span class='ocrx_word' id='word_1_72' title='bbox 1125 589 1260 622; x_wconf 86' lang='lat' dir='ltr'><strong>careat</strong></span> <span class='ocrx_word' id='word_1_73' title='bbox 1280 596 1353 623; x_wconf 84' lang='lat' dir='ltr'><strong>neo</strong></span> <span class='ocrx_word' id='word_1_74' title='bbox 1373 583 1544 623; x_wconf 82' lang='lat' dir='ltr'><strong>sentiat?</strong></span> 
     </span>
     <span class='ocr_line' id='line_1_9' title="bbox 128 637 1545 693; baseline -0.001 -15"><span class='ocrx_word' id='word_1_75' title='bbox 128 638 369 691; x_wconf 84' lang='lat' dir='ltr'><strong>Quamquam</strong></span> <span class='ocrx_word' id='word_1_76' title='bbox 394 637 466 677; x_wconf 82' lang='lat' dir='ltr'><strong>hoe</strong></span> <span class='ocrx_word' id='word_1_77' title='bbox 489 638 643 691; x_wconf 89' lang='lat' dir='ltr'><strong>quidem</strong></span> <span class='ocrx_word' id='word_1_78' title='bbox 667 639 782 679; x_wconf 89' lang='lat' dir='ltr'><strong>nimis</strong></span> <span class='ocrx_word' id='word_1_79' title='bbox 807 652 949 693; x_wconf 81' lang='lat' dir='ltr'><strong>saepe3</strong></span> <span class='ocrx_word' id='word_1_80' title='bbox 984 638 1053 679; x_wconf 91' lang='lat' dir='ltr'><strong>sed</strong></span> <span class='ocrx_word' id='word_1_81' title='bbox 1075 652 1138 687; x_wconf 89' lang='lat' dir='ltr'><strong>eo,</strong></span> <span class='ocrx_word' id='word_1_82' title='bbox 1163 639 1264 691; x_wconf 92' lang='lat' dir='ltr'><strong>quod</strong></span> <span class='ocrx_word' id='word_1_83' title='bbox 1286 638 1326 678; x_wconf 91' lang='lat' dir='ltr'><strong>in</strong></span> <span class='ocrx_word' id='word_1_84' title='bbox 1348 638 1421 679; x_wconf 83' lang='lat' dir='ltr'><strong>hoe</strong></span> <span class='ocrx_word' id='word_1_85' title='bbox 1440 639 1545 679; x_wconf 78' lang='lat' dir='ltr'><strong>inest</strong></span> 
     </span>
     <span class='ocr_line' id='line_1_10' title="bbox 128 694 1542 746; baseline 0 -12"><span class='ocrx_word' id='word_1_86' title='bbox 128 694 255 735; x_wconf 88' lang='lat' dir='ltr'><strong>omnis</strong></span> <span class='ocrx_word' id='word_1_87' title='bbox 287 694 407 735; x_wconf 90' lang='lat' dir='ltr'><strong>animi</strong></span> <span class='ocrx_word' id='word_1_88' title='bbox 440 695 658 735; x_wconf 82' lang='lat' dir='ltr'><strong>contractio</strong></span> <span class='ocrx_word' id='word_1_89' title='bbox 691 709 743 736; x_wconf 83' lang='lat' dir='ltr'><strong>ex</strong></span> <span class='ocrx_word' id='word_1_90' title='bbox 775 703 881 735; x_wconf 88' lang='lat' dir='ltr'><strong>metu</strong></span> <span class='ocrx_word' id='word_1_91' title='bbox 912 695 1067 736; x_wconf 84' lang='lat' dir='ltr'><strong>mortis.</strong></span> <span class='ocrx_word' id='word_1_92' title='bbox 1113 694 1186 746; x_wconf 86' lang='lat' dir='ltr'><strong>Qui</strong></span> <span class='ocrx_word' id='word_1_93' title='bbox 1217 695 1321 735; x_wconf 90' lang='lat' dir='ltr'><strong>enim</strong></span> <span class='ocrx_word' id='word_1_94' title='bbox 1355 695 1454 737; x_wconf 89' lang='lat' dir='ltr'><strong>satis</strong></span> <span class='ocrx_word' id='word_1_95' title='bbox 1483 696 1542 735; x_wconf 87' lang='lat' dir='ltr'><strong>vi-</strong></span> 
     </span>
     <span class='ocr_line' id='line_1_11' title="bbox 127 751 1543 806; baseline 0 -14"><span class='ocrx_word' id='word_1_96' title='bbox 127 751 253 801; x_wconf 85' lang='lat' dir='ltr'><strong>derit,</strong></span> <span class='ocrx_word' id='word_1_97' title='bbox 287 751 323 791; x_wconf 91' lang='lat' dir='ltr'><strong>id</strong></span> <span class='ocrx_word' id='word_1_98' title='bbox 354 751 455 804; x_wconf 90' lang='lat' dir='ltr'><strong>quod</strong></span> <span class='ocrx_word' id='word_1_99' title='bbox 486 759 544 792; x_wconf 82' lang='lat' dir='ltr'><strong>est</strong></span> <span class='ocrx_word' id='word_1_100' title='bbox 575 753 661 793; x_wconf 84' lang='lat' dir='ltr'><strong>luce</strong></span> <span class='ocrx_word' id='word_1_101' title='bbox 691 753 851 801; x_wconf 82' lang='lat' dir='ltr'><strong>clarius,</strong></span> <span class='ocrx_word' id='word_1_102' title='bbox 884 753 1014 793; x_wconf 87' lang='lat' dir='ltr'><strong>animo</strong></span> <span class='ocrx_word' id='word_1_103' title='bbox 1046 760 1085 792; x_wconf 89' lang='lat' dir='ltr'><strong>et</strong></span> <span class='ocrx_word' id='word_1_104' title='bbox 1116 766 1282 806; x_wconf 82' lang='lat' dir='ltr'><strong>corpore</strong></span> <span class='ocrx_word' id='word_1_105' title='bbox 1312 758 1543 806; x_wconf 80' lang='lat' dir='ltr'><strong>consumpto</strong></span> 
     </span>
     <span class='ocr_line' id='line_1_12' title="bbox 128 809 1540 861; baseline 0 -13"><span class='ocrx_word' id='word_1_106' title='bbox 128 815 287 861; x_wconf 85' lang='lat' dir='ltr'><strong>totoque</strong></span> <span class='ocrx_word' id='word_1_107' title='bbox 304 809 504 848; x_wconf 83' lang='lat' dir='ltr'><strong>animante</strong></span> <span class='ocrx_word' id='word_1_108' title='bbox 526 809 654 849; x_wconf 85' lang='lat' dir='ltr'><strong>deleto</strong></span> <span class='ocrx_word' id='word_1_109' title='bbox 677 817 716 850; x_wconf 86' lang='lat' dir='ltr'><strong>et</strong></span> <span class='ocrx_word' id='word_1_110' title='bbox 736 810 839 850; x_wconf 79' lang='lat' dir='ltr'><strong>facto</strong></span> <span class='ocrx_word' id='word_1_111' title='bbox 856 809 1019 849; x_wconf 87' lang='lat' dir='ltr'><strong>interitu</strong></span> <span class='ocrx_word' id='word_1_112' title='bbox 1038 809 1241 858; x_wconf 85' lang='lat' dir='ltr'><strong>universo,</strong></span> <span class='ocrx_word' id='word_1_113' title='bbox 1262 809 1356 851; x_wconf 91' lang='lat' dir='ltr'><strong>illud</strong></span> <span class='ocrx_word' id='word_1_114' title='bbox 1379 809 1540 856; x_wconf 88' lang='lat' dir='ltr'><strong>animal,</strong></span> 
     </span>
     <span class='ocr_line' id='line_1_13' title="bbox 127 865 1544 920; baseline 0 -15"><span class='ocrx_word' id='word_1_115' title='bbox 127 866 229 918; x_wconf 88' lang='lat' dir='ltr'><strong>quod</strong></span> <span class='ocrx_word' id='word_1_116' title='bbox 259 865 389 915; x_wconf 84' lang='lat' dir='ltr'><strong>fuerit,</strong></span> <span class='ocrx_word' id='word_1_117' title='bbox 415 866 558 905; x_wconf 85' lang='lat' dir='ltr'><strong>factum</strong></span> <span class='ocrx_word' id='word_1_118' title='bbox 583 880 672 907; x_wconf 82' lang='lat' dir='ltr'><strong>esse</strong></span> <span class='ocrx_word' id='word_1_119' title='bbox 695 866 806 915; x_wconf 86' lang='lat' dir='ltr'><strong>nihil,</strong></span> <span class='ocrx_word' id='word_1_120' title='bbox 831 866 865 907; x_wconf 90' lang='lat' dir='ltr'><strong>is</strong></span> <span class='ocrx_word' id='word_1_121' title='bbox 887 866 1001 920; x_wconf 89' lang='lat' dir='ltr'><strong>plane</strong></span> <span class='ocrx_word' id='word_1_122' title='bbox 1023 866 1248 920; x_wconf 83' lang='lat' dir='ltr'><strong>perspiciet,</strong></span> <span class='ocrx_word' id='word_1_123' title='bbox 1274 866 1378 906; x_wconf 89' lang='lat' dir='ltr'><strong>inter</strong></span> <span class='ocrx_word' id='word_1_124' title='bbox 1399 865 1544 919; x_wconf 88' lang='lat' dir='ltr'><strong>Hippo—</strong></span> 
     </span>
     <span class='ocr_line' id='line_1_14' title="bbox 128 921 1542 976; baseline -0.001 -13"><span class='ocrx_word' id='word_1_125' title='bbox 128 929 375 972; x_wconf 82' lang='lat' dir='ltr'><strong>centaurum,</strong></span> <span class='ocrx_word' id='word_1_126' title='bbox 399 921 464 974; x_wconf 87' lang='lat' dir='ltr'><strong>qui</strong></span> <span class='ocrx_word' id='word_1_127' title='bbox 487 936 697 975; x_wconf 84' lang='lat' dir='ltr'><strong>numquam</strong></span> <span class='ocrx_word' id='word_1_128' title='bbox 720 923 853 971; x_wconf 86' lang='lat' dir='ltr'><strong>fuerit,</strong></span> <span class='ocrx_word' id='word_1_129' title='bbox 880 930 918 962; x_wconf 86' lang='lat' dir='ltr'><strong>et</strong></span> <span class='ocrx_word' id='word_1_130' title='bbox 938 937 1072 976; x_wconf 82' lang='lat' dir='ltr'><strong>regem</strong></span> <span class='ocrx_word' id='word_1_131' title='bbox 1087 922 1423 976; x_wconf 86' lang='lat' dir='ltr'><strong>Agamemnonem</strong></span> <span class='ocrx_word' id='word_1_132' title='bbox 1446 922 1542 962; x_wconf 92' lang='lat' dir='ltr'><strong>nihil</strong></span> 
     </span>
     <span class='ocr_line' id='line_1_15' title="bbox 126 978 1539 1031; baseline 0.001 -14"><span class='ocrx_word' id='word_1_133' title='bbox 126 978 338 1027; x_wconf 84' lang='lat' dir='ltr'><strong>interesse,</strong></span> <span class='ocrx_word' id='word_1_134' title='bbox 355 991 427 1017; x_wconf 78' lang='lat' dir='ltr'><strong>nec</strong></span> <span class='ocrx_word' id='word_1_135' title='bbox 443 978 566 1031; x_wconf 89' lang='lat' dir='ltr'><strong>pluris</strong></span> <span class='ocrx_word' id='word_1_136' title='bbox 584 993 687 1019; x_wconf 82' lang='lat' dir='ltr'><strong>nuno</strong></span> <span class='ocrx_word' id='word_1_137' title='bbox 704 980 834 1020; x_wconf 88' lang='lat' dir='ltr'><strong>facere</strong></span> <span class='ocrx_word' id='word_1_138' title='bbox 845 980 900 1019; x_wconf 88' lang='lat' dir='ltr'><strong>M.</strong></span> <span class='ocrx_word' id='word_1_139' title='bbox 917 979 1123 1020; x_wconf 87' lang='lat' dir='ltr'><strong>Camillum</strong></span> <span class='ocrx_word' id='word_1_140' title='bbox 1146 980 1219 1019; x_wconf 85' lang='lat' dir='ltr'><strong>hoc</strong></span> <span class='ocrx_word' id='word_1_141' title='bbox 1242 979 1357 1019; x_wconf 83' lang='lat' dir='ltr'><strong>civile</strong></span> <span class='ocrx_word' id='word_1_142' title='bbox 1379 979 1539 1027; x_wconf 88' lang='lat' dir='ltr'><strong>bellum,</strong></span> 
     </span>
     <span class='ocr_line' id='line_1_16' title="bbox 127 1034 1543 1090; baseline 0 -15"><span class='ocrx_word' id='word_1_143' title='bbox 127 1048 238 1088; x_wconf 90' lang='lat' dir='ltr'><strong>quam</strong></span> <span class='ocrx_word' id='word_1_144' title='bbox 271 1047 344 1087; x_wconf 87' lang='lat' dir='ltr'><strong>ego</strong></span> <span class='ocrx_word' id='word_1_145' title='bbox 366 1034 460 1075; x_wconf 85' lang='lat' dir='ltr'><strong>vivo</strong></span> <span class='ocrx_word' id='word_1_146' title='bbox 494 1036 560 1075; x_wconf 91' lang='lat' dir='ltr'><strong>illo</strong></span> <span class='ocrx_word' id='word_1_147' title='bbox 585 1036 744 1076; x_wconf 81' lang='lat' dir='ltr'><strong>l&#39;ecerim</strong></span> <span class='ocrx_word' id='word_1_148' title='bbox 767 1037 927 1076; x_wconf 85' lang='lat' dir='ltr'><strong>Romam</strong></span> <span class='ocrx_word' id='word_1_149' title='bbox 950 1043 1115 1090; x_wconf 81' lang='lat' dir='ltr'><strong>captam.</strong></span> <span class='ocrx_word' id='word_1_150' title='bbox 1160 1036 1242 1076; x_wconf 84' lang='lat' dir='ltr'><strong>Cur</strong></span> <span class='ocrx_word' id='word_1_151' title='bbox 1262 1036 1386 1090; x_wconf 87' lang='lat' dir='ltr'><strong>igitur</strong></span> <span class='ocrx_word' id='word_1_152' title='bbox 1408 1043 1447 1076; x_wconf 88' lang='lat' dir='ltr'><strong>et</strong></span> <span class='ocrx_word' id='word_1_153' title='bbox 1469 1035 1543 1076; x_wconf 90' lang='lat' dir='ltr'><strong>Ca-</strong></span> 
     </span>
     <span class='ocr_line' id='line_1_17' title="bbox 126 1091 1544 1147; baseline 0.001 -17"><span class='ocrx_word' id='word_1_154' title='bbox 126 1091 256 1132; x_wconf 90' lang='lat' dir='ltr'><strong>millus</strong></span> <span class='ocrx_word' id='word_1_155' title='bbox 289 1091 464 1139; x_wconf 88' lang='lat' dir='ltr'><strong>doleret,</strong></span> <span class='ocrx_word' id='word_1_156' title='bbox 508 1093 539 1132; x_wconf 93' lang='lat' dir='ltr'><strong>si</strong></span> <span class='ocrx_word' id='word_1_157' title='bbox 577 1093 670 1133; x_wconf 83' lang='lat' dir='ltr'><strong>haec</strong></span> <span class='ocrx_word' id='word_1_158' title='bbox 702 1100 789 1147; x_wconf 86' lang='lat' dir='ltr'><strong>post</strong></span> <span class='ocrx_word' id='word_1_159' title='bbox 830 1100 1031 1133; x_wconf 83' lang='lat' dir='ltr'><strong>trecentos</strong></span> <span class='ocrx_word' id='word_1_160' title='bbox 1063 1099 1103 1132; x_wconf 87' lang='lat' dir='ltr'><strong>et</strong></span> <span class='ocrx_word' id='word_1_161' title='bbox 1135 1092 1419 1146; x_wconf 78' lang='lat' dir='ltr'><strong>quinquaginta</strong></span> <span class='ocrx_word' id='word_1_162' title='bbox 1459 1093 1544 1132; x_wconf 82' lang='lat' dir='ltr'><strong>sere</strong></span> 
     </span>
     <span class='ocr_line' id='line_1_18' title="bbox 126 1149 1545 1205; baseline 0.001 -17"><span class='ocrx_word' id='word_1_163' title='bbox 126 1162 253 1188; x_wconf 88' lang='lat' dir='ltr'><strong>annos</strong></span> <span class='ocrx_word' id='word_1_164' title='bbox 278 1154 469 1189; x_wconf 86' lang='lat' dir='ltr'><strong>eventura</strong></span> <span class='ocrx_word' id='word_1_165' title='bbox 493 1151 680 1201; x_wconf 80' lang='lat' dir='ltr'><strong>putaret?</strong></span> <span class='ocrx_word' id='word_1_166' title='bbox 702 1157 741 1190; x_wconf 88' lang='lat' dir='ltr'><strong>et</strong></span> <span class='ocrx_word' id='word_1_167' title='bbox 763 1163 836 1205; x_wconf 87' lang='lat' dir='ltr'><strong>ego</strong></span> <span class='ocrx_word' id='word_1_168' title='bbox 859 1150 1028 1198; x_wconf 83' lang='lat' dir='ltr'><strong>doleam,</strong></span> <span class='ocrx_word' id='word_1_169' title='bbox 1054 1150 1087 1189; x_wconf 90' lang='lat' dir='ltr'><strong>si</strong></span> <span class='ocrx_word' id='word_1_170' title='bbox 1109 1151 1153 1189; x_wconf 90' lang='lat' dir='ltr'><strong>ad</strong></span> <span class='ocrx_word' id='word_1_171' title='bbox 1177 1149 1311 1189; x_wconf 87' lang='lat' dir='ltr'><strong>decem</strong></span> <span class='ocrx_word' id='word_1_172' title='bbox 1334 1149 1455 1189; x_wconf 90' lang='lat' dir='ltr'><strong>millia</strong></span> <span class='ocrx_word' id='word_1_173' title='bbox 1476 1162 1545 1189; x_wconf 85' lang='lat' dir='ltr'><strong>an-</strong></span> 
     </span>
     <span class='ocr_line' id='line_1_19' title="bbox 127 1202 1544 1260; baseline 0.001 -16"><span class='ocrx_word' id='word_1_174' title='bbox 127 1218 267 1245; x_wconf 87' lang='lat' dir='ltr'><strong>norum</strong></span> <span class='ocrx_word' id='word_1_175' title='bbox 293 1211 448 1257; x_wconf 81' lang='lat' dir='ltr'><strong>gentem</strong></span> <span class='ocrx_word' id='word_1_176' title='bbox 472 1205 639 1258; x_wconf 87' lang='lat' dir='ltr'><strong>aliquam</strong></span> <span class='ocrx_word' id='word_1_177' title='bbox 664 1206 798 1247; x_wconf 85' lang='lat' dir='ltr'><strong>urbem</strong></span> <span class='ocrx_word' id='word_1_178' title='bbox 822 1214 997 1247; x_wconf 88' lang='lat' dir='ltr'><strong>nostram</strong></span> <span class='ocrx_word' id='word_1_179' title='bbox 1022 1206 1233 1260; x_wconf 85' lang='lat' dir='ltr'><strong>potituram</strong></span> <span class='ocrx_word' id='word_1_180' title='bbox 1257 1202 1417 1260; x_wconf 78' lang='lat' dir='ltr'><strong>putem?</strong></span> <span class='ocrx_word' id='word_1_181' title='bbox 1445 1205 1544 1256; x_wconf 84' lang='lat' dir='ltr'><strong>Quia</strong></span> 
     </span>
     <span class='ocr_line' id='line_1_20' title="bbox 127 1261 1544 1316; baseline 0.001 -15"><span class='ocrx_word' id='word_1_182' title='bbox 127 1268 236 1301; x_wconf 85' lang='lat' dir='ltr'><strong>tanta</strong></span> <span class='ocrx_word' id='word_1_183' title='bbox 259 1261 405 1302; x_wconf 83' lang='lat' dir='ltr'><strong>caritas</strong></span> <span class='ocrx_word' id='word_1_184' title='bbox 430 1263 580 1316; x_wconf 85' lang='lat' dir='ltr'><strong>patriae</strong></span> <span class='ocrx_word' id='word_1_185' title='bbox 611 1270 684 1311; x_wconf 70' lang='lat' dir='ltr'><strong>est,</strong></span> <span class='ocrx_word' id='word_1_186' title='bbox 712 1271 753 1303; x_wconf 89' lang='lat' dir='ltr'><strong>ut</strong></span> <span class='ocrx_word' id='word_1_187' title='bbox 776 1276 861 1303; x_wconf 86' lang='lat' dir='ltr'><strong>eam</strong></span> <span class='ocrx_word' id='word_1_188' title='bbox 885 1278 964 1304; x_wconf 89' lang='lat' dir='ltr'><strong>non</strong></span> <span class='ocrx_word' id='word_1_189' title='bbox 986 1276 1107 1304; x_wconf 91' lang='lat' dir='ltr'><strong>sensu</strong></span> <span class='ocrx_word' id='word_1_190' title='bbox 1130 1270 1283 1313; x_wconf 83' lang='lat' dir='ltr'><strong>nostro,</strong></span> <span class='ocrx_word' id='word_1_191' title='bbox 1317 1263 1383 1303; x_wconf 90' lang='lat' dir='ltr'><strong>sed</strong></span> <span class='ocrx_word' id='word_1_192' title='bbox 1417 1264 1544 1303; x_wconf 86' lang='lat' dir='ltr'><strong>salute</strong></span> 
     </span>
     <span class='ocr_line' id='line_1_21' title="bbox 127 1317 501 1372; baseline 0 -14"><span class='ocrx_word' id='word_1_193' title='bbox 127 1317 253 1372; x_wconf 88' lang='lat' dir='ltr'><strong>ipsius</strong></span> <span class='ocrx_word' id='word_1_194' title='bbox 276 1319 501 1359; x_wconf 82' lang='lat' dir='ltr'><strong>metiamur.</strong></span> 
     </span>
    </p>

    <p class='ocr_par' dir='ltr' id='par_1_4' title="bbox 54 1373 1543 1430">
     <span class='ocr_line' id='line_1_22' title="bbox 54 1373 1543 1430; baseline -0.001 -12"><span class='ocrx_word' id='word_1_195' title='bbox 54 1373 111 1418; x_wconf 82' lang='grc'><strong>38</strong></span> <span class='ocrx_word' id='word_1_196' title='bbox 228 1374 363 1428; x_wconf 85' lang='lat' dir='ltr'><strong>Itaque</strong></span> <span class='ocrx_word' id='word_1_197' title='bbox 387 1389 465 1415; x_wconf 87' lang='lat' dir='ltr'><strong>non</strong></span> <span class='ocrx_word' id='word_1_198' title='bbox 487 1376 660 1416; x_wconf 78' lang='lat' dir='ltr'><strong>deterret</strong></span> <span class='ocrx_word' id='word_1_199' title='bbox 682 1377 899 1430; x_wconf 85' lang='lat' dir='ltr'><strong>sapientem</strong></span> <span class='ocrx_word' id='word_1_200' title='bbox 923 1390 1045 1425; x_wconf 87' lang='lat' dir='ltr'><strong>mors,</strong></span> <span class='ocrx_word' id='word_1_201' title='bbox 1067 1389 1166 1429; x_wconf 91' lang='lat' dir='ltr'><strong>quae</strong></span> <span class='ocrx_word' id='word_1_202' title='bbox 1189 1383 1348 1430; x_wconf 83' lang='lat' dir='ltr'><strong>propter</strong></span> <span class='ocrx_word' id='word_1_203' title='bbox 1369 1377 1543 1418; x_wconf 86' lang='lat' dir='ltr'><strong>incertos</strong></span> 
     </span>
    </p>

    <p class='ocr_par' dir='ltr' id='par_1_5' title="bbox 64 1432 1542 1487">
     <span class='ocr_line' id='line_1_23' title="bbox 64 1432 1542 1487; baseline 0.001 -16"><span class='ocrx_word' id='word_1_204' title='bbox 64 1439 102 1471; x_wconf 78' lang='lat'><strong>91</strong></span> <span class='ocrx_word' id='word_1_205' title='bbox 129 1445 243 1473; x_wconf 83' lang='lat' dir='ltr'><strong>casus</strong></span> <span class='ocrx_word' id='word_1_206' title='bbox 275 1432 447 1485; x_wconf 83' lang='lat' dir='ltr'><strong>quotidie</strong></span> <span class='ocrx_word' id='word_1_207' title='bbox 482 1432 683 1482; x_wconf 85' lang='lat' dir='ltr'><strong>imminet,</strong></span> <span class='ocrx_word' id='word_1_208' title='bbox 729 1441 887 1487; x_wconf 88' lang='lat' dir='ltr'><strong>propter</strong></span> <span class='ocrx_word' id='word_1_209' title='bbox 918 1433 1153 1474; x_wconf 86' lang='lat' dir='ltr'><strong>brevitatem</strong></span> <span class='ocrx_word' id='word_1_210' title='bbox 1185 1432 1290 1473; x_wconf 80' lang='lat' dir='ltr'><strong>vitae</strong></span> <span class='ocrx_word' id='word_1_211' title='bbox 1332 1446 1542 1486; x_wconf 91' lang='lat' dir='ltr'><strong>numquam</strong></span> 
     </span>
    </p>
   </div>
   <div class='ocr_carea' id='block_1_3' title="bbox 121 1568 801 2194">
    <p class='ocr_par' dir='ltr' id='par_1_6' title="bbox 121 1568 801 2194">
     <span class='ocr_line' id='line_1_24' title="bbox 168 1568 800 1612; baseline 0.002 -10"><span class='ocrx_word' id='word_1_212' title='bbox 168 1568 300 1602; x_wconf 70' lang='lat' dir='ltr'><strong>Litana</strong></span> <span class='ocrx_word' id='word_1_213' title='bbox 312 1569 415 1612; x_wconf 81' lang='lat' dir='ltr'><strong>(nach</strong></span> <span class='ocrx_word' id='word_1_214' title='bbox 428 1571 588 1611; x_wconf 82' lang='lat' dir='ltr'><strong>Analogie</strong></span> <span class='ocrx_word' id='word_1_215' title='bbox 599 1572 722 1603; x_wconf 88' lang='lat' dir='ltr'><strong>andrer</strong></span> <span class='ocrx_word' id='word_1_216' title='bbox 732 1572 800 1603; x_wconf 79' lang='lat' dir='ltr'><strong>cel—</strong></span> 
     </span>
     <span class='ocr_line' id='line_1_25' title="bbox 123 1614 795 1659; baseline 0.003 -12"><span class='ocrx_word' id='word_1_217' title='bbox 123 1615 250 1647; x_wconf 86' lang='lat' dir='ltr'><strong>tiseher</strong></span> <span class='ocrx_word' id='word_1_218' title='bbox 277 1614 426 1656; x_wconf 77' lang='lat' dir='ltr'><strong>Namen,</strong></span> <span class='ocrx_word' id='word_1_219' title='bbox 454 1617 548 1648; x_wconf 84' lang='lat' dir='ltr'><strong>nicht</strong></span> <span class='ocrx_word' id='word_1_220' title='bbox 568 1617 736 1659; x_wconf 47' lang='lat' dir='ltr'><strong>Latina.)</strong></span> <span class='ocrx_word' id='word_1_221' title='bbox 758 1635 795 1640; x_wconf 96' lang='lat'><strong>—-</strong></span> 
     </span>
     <span class='ocr_line' id='line_1_26' title="bbox 124 1660 800 1695; baseline 0.003 -3"><span class='ocrx_word' id='word_1_222' title='bbox 124 1660 179 1692; x_wconf 70' lang='lat' dir='ltr'><strong>fiir</strong></span> <span class='ocrx_word' id='word_1_223' title='bbox 195 1661 326 1694; x_wconf 67' lang='lat' dir='ltr'><strong>Latine·</strong></span> <span class='ocrx_word' id='word_1_224' title='bbox 341 1680 384 1685; x_wconf 96' lang='lat'><strong>—</strong></span> <span class='ocrx_word' id='word_1_225' title='bbox 404 1663 449 1694; x_wconf 89' lang='lat' dir='ltr'><strong>ist</strong></span> <span class='ocrx_word' id='word_1_226' title='bbox 464 1662 690 1695; x_wconf 89' lang='lat' dir='ltr'><strong>Lindemanns</strong></span> <span class='ocrx_word' id='word_1_227' title='bbox 709 1662 800 1694; x_wconf 74' lang='lat' dir='ltr'><strong>treff-</strong></span> 
     </span>
     <span class='ocr_line' id='line_1_27' title="bbox 121 1706 798 1749; baseline 0.003 -11"><span class='ocrx_word' id='word_1_228' title='bbox 121 1706 209 1739; x_wconf 83' lang='lat' dir='ltr'><strong>liche</strong></span> <span class='ocrx_word' id='word_1_229' title='bbox 229 1707 427 1749; x_wconf 83' lang='lat' dir='ltr'><strong>Conjectur,</strong></span> <span class='ocrx_word' id='word_1_230' title='bbox 449 1708 594 1740; x_wconf 75' lang='lat' dir='ltr'><strong>aquiv.</strong></span> <span class='ocrx_word' id='word_1_231' title='bbox 608 1707 738 1740; x_wconf 78' lang='lat' dir='ltr'><strong>XXlll.</strong></span> <span class='ocrx_word' id='word_1_232' title='bbox 756 1709 798 1740; x_wconf 67' lang='lat'><strong>24</strong></span> 
     </span>
     <span class='ocr_line' id='line_1_28' title="bbox 123 1753 801 1795; baseline 0.004 -12"><span class='ocrx_word' id='word_1_233' title='bbox 123 1753 292 1793; x_wconf 84' lang='lat' dir='ltr'><strong>gestiitzt:</strong></span> <span class='ocrx_word' id='word_1_234' title='bbox 326 1753 424 1784; x_wconf 71' lang='lat' dir='ltr'><strong>Silva</strong></span> <span class='ocrx_word' id='word_1_235' title='bbox 451 1757 534 1785; x_wconf 76' lang='lat' dir='ltr'><strong>erat</strong></span> <span class='ocrx_word' id='word_1_236' title='bbox 557 1758 657 1786; x_wconf 60' lang='lat' dir='ltr'><strong>vasta</strong></span> <span class='ocrx_word' id='word_1_237' title='bbox 684 1754 801 1795; x_wconf 78' lang='lat' dir='ltr'><strong>(Lita-</strong></span> 
     </span>
     <span class='ocr_line' id='line_1_29' title="bbox 122 1798 800 1841; baseline 0.004 -13"><span class='ocrx_word' id='word_1_238' title='bbox 122 1807 202 1829; x_wconf 81' lang='lat' dir='ltr'><strong>nam</strong></span> <span class='ocrx_word' id='word_1_239' title='bbox 227 1798 325 1829; x_wconf 72' lang='lat' dir='ltr'><strong>Galli</strong></span> <span class='ocrx_word' id='word_1_240' title='bbox 343 1798 548 1840; x_wconf 76' lang='lat' dir='ltr'><strong>vocabunt),</strong></span> <span class='ocrx_word' id='word_1_241' title='bbox 573 1810 641 1841; x_wconf 73' lang='lat' dir='ltr'><strong>qua</strong></span> <span class='ocrx_word' id='word_1_242' title='bbox 663 1802 800 1831; x_wconf 65' lang='lat' dir='ltr'><strong>(werci-</strong></span> 
     </span>
     <span class='ocr_line' id='line_1_30' title="bbox 124 1842 798 1877; baseline 0.003 -3"><span class='ocrx_word' id='word_1_243' title='bbox 124 1847 199 1875; x_wconf 76' lang='lat' dir='ltr'><strong>tmn</strong></span> <span class='ocrx_word' id='word_1_244' title='bbox 210 1842 446 1875; x_wconf 73' lang='lat' dir='ltr'><strong>traducturus</strong></span> <span class='ocrx_word' id='word_1_245' title='bbox 460 1848 542 1875; x_wconf 73' lang='lat' dir='ltr'><strong>erat</strong></span> <span class='ocrx_word' id='word_1_246' title='bbox 553 1862 596 1868; x_wconf 89' lang='lat'>—</span> <span class='ocrx_word' id='word_1_247' title='bbox 611 1844 798 1877; x_wconf 76' lang='lat' dir='ltr'><strong>IbiPosta-</strong></span> 
     </span>
     <span class='ocr_line' id='line_1_31' title="bbox 124 1890 798 1931; baseline 0.001 -11"><span class='ocrx_word' id='word_1_248' title='bbox 124 1891 216 1920; x_wconf 72' lang='lat' dir='ltr'><strong>mins</strong></span> <span class='ocrx_word' id='word_1_249' title='bbox 235 1892 333 1920; x_wconf 82' lang='lat' dir='ltr'><strong>omni</strong></span> <span class='ocrx_word' id='word_1_250' title='bbox 350 1891 392 1927; x_wconf 76' lang='lat' dir='ltr'><strong>vi,</strong></span> <span class='ocrx_word' id='word_1_251' title='bbox 414 1900 456 1920; x_wconf 81' lang='lat' dir='ltr'><strong>ue</strong></span> <span class='ocrx_word' id='word_1_252' title='bbox 474 1894 676 1931; x_wconf 75' lang='lat' dir='ltr'><strong>caperetur,</strong></span> <span class='ocrx_word' id='word_1_253' title='bbox 695 1890 798 1921; x_wconf 73' lang='lat' dir='ltr'><strong>‹lae&#39;mi-</strong></span> 
     </span>
     <span class='ocr_line' id='line_1_32' title="bbox 123 1935 798 1977; baseline 0.003 -12"><span class='ocrx_word' id='word_1_254' title='bbox 123 1944 208 1966; x_wconf 77' lang='lat' dir='ltr'><strong>cans</strong></span> <span class='ocrx_word' id='word_1_255' title='bbox 219 1935 442 1973; x_wconf 76' lang='lat' dir='ltr'><strong>oceubm&#39;t—,</strong></span> <span class='ocrx_word' id='word_1_256' title='bbox 457 1935 571 1977; x_wconf 72' lang='lat' dir='ltr'><strong>sp&#39;ziter</strong></span> <span class='ocrx_word' id='word_1_257' title='bbox 583 1936 686 1967; x_wconf 84' lang='lat' dir='ltr'><strong>durch</strong></span> <span class='ocrx_word' id='word_1_258' title='bbox 699 1960 723 1975; x_wconf 76' lang='lat'><strong>‚,</strong></span> <span class='ocrx_word' id='word_1_259' title='bbox 733 1936 798 1967; x_wconf 87' lang='lat' dir='ltr'><strong>La-</strong></span> 
     </span>
     <span class='ocr_line' id='line_1_33' title="bbox 125 1979 797 2019; baseline 0.001 -8"><span class='ocrx_word' id='word_1_260' title='bbox 125 1981 232 2012; x_wconf 77' lang='lat' dir='ltr'><strong>tina“</strong></span> <span class='ocrx_word' id='word_1_261' title='bbox 259 1979 325 2011; x_wconf 91' lang='lat' dir='ltr'><strong>und</strong></span> <span class='ocrx_word' id='word_1_262' title='bbox 352 1979 562 2019; x_wconf 74' lang='lat' dir='ltr'><strong>„Latim&#39;a“</strong></span> <span class='ocrx_word' id='word_1_263' title='bbox 589 1981 621 2012; x_wconf 91' lang='lat' dir='ltr'><strong>in</strong></span> <span class='ocrx_word' id='word_1_264' title='bbox 640 1981 797 2012; x_wconf 81' lang='lat' dir='ltr'><strong>niehrern</strong></span> 
     </span>
     <span class='ocr_line' id='line_1_34' title="bbox 123 2024 797 2066; baseline 0.001 -10"><span class='ocrx_word' id='word_1_265' title='bbox 123 2024 266 2057; x_wconf 84' lang='lat' dir='ltr'><strong>Hdschr.</strong></span> <span class='ocrx_word' id='word_1_266' title='bbox 287 2025 468 2066; x_wconf 68' lang='lat' dir='ltr'><strong>bestatigt,</strong></span> <span class='ocrx_word' id='word_1_267' title='bbox 501 2036 559 2057; x_wconf 85' lang='lat' dir='ltr'><strong>aus</strong></span> <span class='ocrx_word' id='word_1_268' title='bbox 587 2026 693 2057; x_wconf 87' lang='lat' dir='ltr'><strong>denen</strong></span> <span class='ocrx_word' id='word_1_269' title='bbox 713 2027 797 2058; x_wconf 89' lang='lat' dir='ltr'><strong>auch</strong></span> 
     </span>
     <span class='ocr_line' id='line_1_35' title="bbox 123 2070 799 2104; baseline 0 -1"><span class='ocrx_word' id='word_1_270' title='bbox 123 2070 285 2103; x_wconf 75' lang='lat' dir='ltr'><strong>Lacmzz&#39;a</strong></span> <span class='ocrx_word' id='word_1_271' title='bbox 322 2070 376 2103; x_wconf 76' lang='lat' dir='ltr'><strong>fiir</strong></span> <span class='ocrx_word' id='word_1_272' title='bbox 408 2071 546 2103; x_wconf 68' lang='lat' dir='ltr'><strong>Lavanz&#39;</strong></span> <span class='ocrx_word' id='word_1_273' title='bbox 579 2072 638 2103; x_wconf 87' lang='lat' dir='ltr'><strong>der</strong></span> <span class='ocrx_word' id='word_1_274' title='bbox 663 2070 799 2104; x_wconf 78' lang='lat' dir='ltr'><strong>Gleich—</strong></span> 
     </span>
     <span class='ocr_line' id='line_1_36' title="bbox 123 2115 799 2158; baseline 0.004 -11"><span class='ocrx_word' id='word_1_275' title='bbox 123 2115 321 2156; x_wconf 69' lang='lat' dir='ltr'><strong>m&#39;zissigkeit</strong></span> <span class='ocrx_word' id='word_1_276' title='bbox 345 2127 461 2157; x_wconf 83' lang='lat' dir='ltr'><strong>wegen</strong></span> <span class='ocrx_word' id='word_1_277' title='bbox 487 2117 520 2148; x_wconf 86' lang='lat' dir='ltr'><strong>in</strong></span> <span class='ocrx_word' id='word_1_278' title='bbox 547 2117 609 2149; x_wconf 81' lang='lat' dir='ltr'><strong>den</strong></span> <span class='ocrx_word' id='word_1_279' title='bbox 628 2116 717 2150; x_wconf 74' lang='lat' dir='ltr'><strong>Text</strong></span> <span class='ocrx_word' id='word_1_280' title='bbox 743 2128 799 2158; x_wconf 83' lang='lat' dir='ltr'><strong>ge-</strong></span> 
     </span>
     <span class='ocr_line' id='line_1_37' title="bbox 125 2162 356 2194; baseline -0.004 -1"><span class='ocrx_word' id='word_1_281' title='bbox 125 2171 275 2194; x_wconf 86' lang='lat' dir='ltr'><strong>nommen</strong></span> <span class='ocrx_word' id='word_1_282' title='bbox 299 2162 356 2193; x_wconf 86' lang='lat' dir='ltr'><strong>ist.</strong></span> 
     </span>
    </p>
   </div>
   <div class='ocr_carea' id='block_1_4' title="bbox 126 2223 795 2302">
    <p class='ocr_par' dir='ltr' id='par_1_7' title="bbox 126 2223 795 2302">
     <span class='ocr_line' id='line_1_38' title="bbox 169 2223 795 2269; baseline 0.006 -15"><span class='ocrx_word' id='word_1_283' title='bbox 169 2223 224 2255; x_wconf 85' lang='lat'><strong>90.</strong></span> <span class='ocrx_word' id='word_1_284' title='bbox 253 2223 476 2266; x_wconf 79' lang='lat' dir='ltr'><strong>Quamquam</strong></span> <span class='ocrx_word' id='word_1_285' title='bbox 493 2243 538 2248; x_wconf 98' lang='lat'><strong>—</strong></span> <span class='ocrx_word' id='word_1_286' title='bbox 556 2228 662 2257; x_wconf 74' lang='lat' dir='ltr'><strong>nimis</strong></span> <span class='ocrx_word' id='word_1_287' title='bbox 680 2237 795 2269; x_wconf 72' lang='lat' dir='ltr'><strong>saepe,</strong></span> 
     </span>
     <span class='ocr_line' id='line_1_39' title="bbox 126 2270 458 2302; baseline 0.003 -1"><span class='ocrx_word' id='word_1_288' title='bbox 126 2279 174 2301; x_wconf 87' lang='lat' dir='ltr'><strong>sc.</strong></span> <span class='ocrx_word' id='word_1_289' title='bbox 196 2279 217 2300; x_wconf 87' lang='lat' dir='ltr'><strong>a</strong></span> <span class='ocrx_word' id='word_1_290' title='bbox 237 2279 290 2300; x_wconf 78' lang='lat' dir='ltr'><strong>me</strong></span> <span class='ocrx_word' id='word_1_291' title='bbox 309 2270 458 2302; x_wconf 72' lang='lat' dir='ltr'><strong>(licitur.</strong></span> 
     </span>
    </p>
   </div>
   <div class='ocr_carea' id='block_1_5' title="bbox 125 2332 802 2500">
    <p class='ocr_par' dir='ltr' id='par_1_8' title="bbox 125 2332 802 2500">
     <span class='ocr_line' id='line_1_40' title="bbox 171 2332 796 2374; baseline 0.003 -12"><span class='ocrx_word' id='word_1_292' title='bbox 171 2333 286 2364; x_wconf 73' lang='lat' dir='ltr'><strong>animi</strong></span> <span class='ocrx_word' id='word_1_293' title='bbox 310 2335 526 2365; x_wconf 65' lang='lat' dir='ltr'><strong>contractio.</strong></span> <span class='ocrx_word' id='word_1_294' title='bbox 563 2332 639 2373; x_wconf 63' lang='lat' dir='ltr'><strong>x&#39;gl.</strong></span> <span class='ocrx_word' id='word_1_295' title='bbox 662 2332 718 2364; x_wconf 69' lang='lat' dir='ltr'><strong>lv.</strong></span> <span class='ocrx_word' id='word_1_296' title='bbox 741 2334 796 2374; x_wconf 85' lang='lat'><strong>31,</strong></span> 
     </span>
     <span class='ocr_line' id='line_1_41' title="bbox 125 2376 802 2421; baseline 0.001 -12"><span class='ocrx_word' id='word_1_297' title='bbox 125 2377 189 2409; x_wconf 87' lang='lat'><strong>66:</strong></span> <span class='ocrx_word' id='word_1_298' title='bbox 216 2376 335 2409; x_wconf 67' lang='lat' dir='ltr'><strong>eodem,</strong></span> <span class='ocrx_word' id='word_1_299' title='bbox 363 2381 447 2410; x_wconf 76' lang='lat' dir='ltr'><strong>vilio</strong></span> <span class='ocrx_word' id='word_1_300' title='bbox 475 2382 527 2410; x_wconf 76' lang='lat' dir='ltr'><strong>esc</strong></span> <span class='ocrx_word' id='word_1_301' title='bbox 548 2381 669 2421; x_wconf 57' lang='lat' dir='ltr'><strong>effusio</strong></span> <span class='ocrx_word' id='word_1_302' title='bbox 690 2381 802 2411; x_wconf 76' lang='grc' dir='ltr'><em>(ιιιίηιί</em></span> 
     </span>
     <span class='ocr_line' id='line_1_42' title="bbox 126 2422 802 2466; baseline 0.003 -12"><span class='ocrx_word' id='word_1_303' title='bbox 126 2425 161 2454; x_wconf 79' lang='lat' dir='ltr'><strong>in</strong></span> <span class='ocrx_word' id='word_1_304' title='bbox 196 2422 360 2464; x_wconf 70' lang='lat' dir='ltr'><strong>laetitia,</strong></span> <span class='ocrx_word' id='word_1_305' title='bbox 394 2434 462 2466; x_wconf 77' lang='lat' dir='ltr'><strong>quo</strong></span> <span class='ocrx_word' id='word_1_306' title='bbox 499 2426 533 2455; x_wconf 82' lang='grc' dir='ltr'><strong>ιἰι</strong></span> <span class='ocrx_word' id='word_1_307' title='bbox 569 2424 688 2455; x_wconf 79' lang='lat' dir='ltr'><strong>dolore</strong></span> <span class='ocrx_word' id='word_1_308' title='bbox 719 2436 802 2456; x_wconf 73' lang='lat' dir='ltr'><strong>eon-</strong></span> 
     </span>
     <span class='ocr_line' id='line_1_43' title="bbox 128 2471 273 2500; baseline 0 0"><span class='ocrx_word' id='word_1_309' title='bbox 128 2471 273 2500; x_wconf 72' lang='lat' dir='ltr'><strong>Irae-tio.</strong></span> 
     </span>
    </p>
   </div>
   <div class='ocr_carea' id='block_1_6' title="bbox 115 2527 494 2615">
    <p class='ocr_par' dir='ltr' id='par_1_9' title="bbox 115 2527 494 2615">
     <span class='ocr_line' id='line_1_44' title="bbox 170 2527 494 2569; baseline -0.009 -11"><span class='ocrx_word' id='word_1_310' title='bbox 170 2527 468 2569; x_wconf 80' lang='lat' dir='ltr'><strong>Agamemnonem</strong></span> <span class='ocrx_word' id='word_1_311' title='bbox 484 2550 494 2565; x_wconf 82' lang='lat'><strong>,</strong></span> 
     </span>
     <span class='ocr_line' id='line_1_45' title="bbox 115 2572 249 2615; baseline 0.007 -12"><span class='ocrx_word' id='word_1_312' title='bbox 115 2572 249 2615; x_wconf 55' lang='lat' dir='ltr'><strong>suerit.</strong></span> 
     </span>
    </p>
   </div>
   <div class='ocr_carea' id='block_1_7' title="bbox 540 2528 797 2567">
    <p class='ocr_par' dir='ltr' id='par_1_10' title="bbox 540 2528 797 2567">
     <span class='ocr_line' id='line_1_46' title="bbox 540 2528 797 2567; baseline 0.004 -10"><span class='ocrx_word' id='word_1_313' title='bbox 540 2536 586 2558; x_wconf 85' lang='lat' dir='ltr'><strong>sc.</strong></span> <span class='ocrx_word' id='word_1_314' title='bbox 624 2529 685 2567; x_wconf 76' lang='lat' dir='ltr'><strong>qui</strong></span> <span class='ocrx_word' id='word_1_315' title='bbox 717 2528 797 2558; x_wconf 75' lang='lat' dir='ltr'><strong>olim</strong></span> 
     </span>
    </p>
   </div>
   <div class='ocr_carea' id='block_1_8' title="bbox 869 1571 1546 2614">
    <p class='ocr_par' dir='ltr' id='par_1_11' title="bbox 869 1571 1546 1832">
     <span class='ocr_line' id='line_1_47' title="bbox 915 1571 1544 1614; baseline 0 -11"><span class='ocrx_word' id='word_1_316' title='bbox 915 1582 976 1603; x_wconf 83' lang='lat' dir='ltr'><strong>nec</strong></span> <span class='ocrx_word' id='word_1_317' title='bbox 991 1572 1108 1614; x_wconf 75' lang='lat' dir='ltr'><strong>pluris</strong></span> <span class='ocrx_word' id='word_1_318' title='bbox 1118 1571 1249 1613; x_wconf 79' lang='lat' dir='ltr'><strong>facere</strong></span> <span class='ocrx_word' id='word_1_319' title='bbox 1265 1576 1331 1603; x_wconf 88' lang='lat' dir='ltr'><strong>etc.</strong></span> <span class='ocrx_word' id='word_1_320' title='bbox 1352 1571 1447 1610; x_wconf 82' lang='lat' dir='ltr'><strong>„und</strong></span> <span class='ocrx_word' id='word_1_321' title='bbox 1468 1571 1544 1603; x_wconf 86' lang='lat' dir='ltr'><strong>dass</strong></span> 
     </span>
     <span class='ocr_line' id='line_1_48' title="bbox 871 1616 1545 1658; baseline 0 -10"><span class='ocrx_word' id='word_1_322' title='bbox 871 1617 1032 1649; x_wconf 85' lang='lat' dir='ltr'><strong>Camillus</strong></span> <span class='ocrx_word' id='word_1_323' title='bbox 1058 1617 1128 1649; x_wconf 86' lang='lat' dir='ltr'><strong>sich</strong></span> <span class='ocrx_word' id='word_1_324' title='bbox 1151 1617 1242 1658; x_wconf 85' lang='lat' dir='ltr'><strong>jetzt</strong></span> <span class='ocrx_word' id='word_1_325' title='bbox 1266 1616 1348 1649; x_wconf 87' lang='lat' dir='ltr'><strong>eben</strong></span> <span class='ocrx_word' id='word_1_326' title='bbox 1372 1627 1408 1648; x_wconf 92' lang='lat' dir='ltr'><strong>so</strong></span> <span class='ocrx_word' id='word_1_327' title='bbox 1434 1617 1545 1658; x_wconf 85' lang='lat' dir='ltr'><strong>wenig</strong></span> 
     </span>
     <span class='ocr_line' id='line_1_49' title="bbox 869 1662 1546 1704; baseline -0.003 -9"><span class='ocrx_word' id='word_1_328' title='bbox 869 1673 923 1695; x_wconf 88' lang='lat' dir='ltr'><strong>um</strong></span> <span class='ocrx_word' id='word_1_329' title='bbox 951 1663 1013 1694; x_wconf 85' lang='lat' dir='ltr'><strong>den</strong></span> <span class='ocrx_word' id='word_1_330' title='bbox 1035 1663 1188 1704; x_wconf 81' lang='lat' dir='ltr'><strong>jetzigen</strong></span> <span class='ocrx_word' id='word_1_331' title='bbox 1206 1662 1435 1704; x_wconf 80' lang='lat' dir='ltr'><strong>Biirgerkrieg</strong></span> <span class='ocrx_word' id='word_1_332' title='bbox 1452 1662 1546 1694; x_wconf 82' lang='lat' dir='ltr'><strong>ku&#39;m-</strong></span> 
     </span>
     <span class='ocr_line' id='line_1_50' title="bbox 870 1707 1544 1748; baseline -0.001 -8"><span class='ocrx_word' id='word_1_333' title='bbox 870 1713 956 1741; x_wconf 84' lang='lat' dir='ltr'><strong>mert</strong></span> <span class='ocrx_word' id='word_1_334' title='bbox 974 1710 1057 1740; x_wconf 73' lang='lat'>——*‘.</span> <span class='ocrx_word' id='word_1_335' title='bbox 1079 1707 1123 1740; x_wconf 85' lang='lat' dir='ltr'><strong>M.</strong></span> <span class='ocrx_word' id='word_1_336' title='bbox 1145 1707 1266 1740; x_wconf 87' lang='lat' dir='ltr'><strong>Furius</strong></span> <span class='ocrx_word' id='word_1_337' title='bbox 1285 1707 1463 1748; x_wconf 84' lang='lat' dir='ltr'><strong>Camillus,</strong></span> <span class='ocrx_word' id='word_1_338' title='bbox 1484 1708 1544 1739; x_wconf 88' lang='lat' dir='ltr'><strong>der</strong></span> 
     </span>
     <span class='ocr_line' id='line_1_51' title="bbox 870 1752 1543 1793; baseline -0.001 -7"><span class='ocrx_word' id='word_1_339' title='bbox 870 1753 990 1786; x_wconf 81' lang='lat' dir='ltr'><strong>Retter</strong></span> <span class='ocrx_word' id='word_1_340' title='bbox 1007 1753 1106 1785; x_wconf 86' lang='lat' dir='ltr'><strong>Roms</strong></span> <span class='ocrx_word' id='word_1_341' title='bbox 1125 1764 1195 1785; x_wconf 81' lang='lat' dir='ltr'><strong>von.</strong></span> <span class='ocrx_word' id='word_1_342' title='bbox 1209 1754 1271 1786; x_wconf 90' lang='lat' dir='ltr'><strong>den</strong></span> <span class='ocrx_word' id='word_1_343' title='bbox 1293 1752 1457 1793; x_wconf 86' lang='lat' dir='ltr'><strong>Galliern,</strong></span> <span class='ocrx_word' id='word_1_344' title='bbox 1479 1753 1543 1786; x_wconf 81' lang='lat'><strong>390</strong></span> 
     </span>
     <span class='ocr_line' id='line_1_52' title="bbox 869 1799 1005 1832; baseline -0.007 -1"><span class='ocrx_word' id='word_1_345' title='bbox 869 1811 901 1832; x_wconf 90' lang='lat' dir='ltr'><strong>v.</strong></span> <span class='ocrx_word' id='word_1_346' title='bbox 924 1799 1005 1831; x_wconf 85' lang='lat' dir='ltr'><strong>Chr.</strong></span> 
     </span>
    </p>

    <p class='ocr_par' dir='ltr' id='par_1_12' title="bbox 870 1844 1546 2296">
     <span class='ocr_line' id='line_1_53' title="bbox 915 1844 1546 1876; baseline 0 0"><span class='ocrx_word' id='word_1_347' title='bbox 915 1845 963 1876; x_wconf 82' lang='lat' dir='ltr'><strong>ad</strong></span> <span class='ocrx_word' id='word_1_348' title='bbox 989 1845 1103 1876; x_wconf 71' lang='lat' dir='ltr'><strong>decem</strong></span> <span class='ocrx_word' id='word_1_349' title='bbox 1130 1844 1232 1875; x_wconf 80' lang='lat' dir='ltr'><strong>milia</strong></span> <span class='ocrx_word' id='word_1_350' title='bbox 1252 1854 1440 1876; x_wconf 75' lang='lat' dir='ltr'><strong>annorum.</strong></span> <span class='ocrx_word' id='word_1_351' title='bbox 1467 1844 1546 1876; x_wconf 76' lang='lat' dir='ltr'><strong>wir</strong></span> 
     </span>
     <span class='ocr_line' id='line_1_54' title="bbox 870 1888 1542 1931; baseline -0.001 -9"><span class='ocrx_word' id='word_1_352' title='bbox 870 1900 991 1931; x_wconf 81' lang='lat' dir='ltr'><strong>sagen:</strong></span> <span class='ocrx_word' id='word_1_353' title='bbox 1023 1890 1060 1929; x_wconf 77' lang='lat' dir='ltr'><strong>⁷,i</strong></span> <span class='ocrx_word' id='word_1_354' title='bbox 1077 1900 1093 1920; x_wconf 93' lang='lat' dir='ltr'><strong>n</strong></span> <span class='ocrx_word' id='word_1_355' title='bbox 1123 1889 1354 1922; x_wconf 83' lang='lat' dir='ltr'><strong>zehntausend</strong></span> <span class='ocrx_word' id='word_1_356' title='bbox 1373 1888 1542 1930; x_wconf 71' lang='lat' dir='ltr'><strong>Jahren¹‘‚</strong></span> 
     </span>
     <span class='ocr_line' id='line_1_55' title="bbox 870 1934 1542 1978; baseline 0 -12"><span class='ocrx_word' id='word_1_357' title='bbox 870 1935 999 1967; x_wconf 85' lang='lat' dir='ltr'><strong>deuken</strong></span> <span class='ocrx_word' id='word_1_358' title='bbox 1019 1945 1081 1967; x_wconf 90' lang='lat' dir='ltr'><strong>uns</strong></span> <span class='ocrx_word' id='word_1_359' title='bbox 1101 1935 1172 1966; x_wconf 85' lang='lat' dir='ltr'><strong>also</strong></span> <span class='ocrx_word' id='word_1_360' title='bbox 1192 1935 1253 1966; x_wconf 83' lang='lat' dir='ltr'><strong>deu</strong></span> <span class='ocrx_word' id='word_1_361' title='bbox 1274 1934 1471 1978; x_wconf 84' lang='lat' dir='ltr'><strong>Zeitpunkt,</strong></span> <span class='ocrx_word' id='word_1_362' title='bbox 1491 1945 1542 1966; x_wconf 84' lang='lat' dir='ltr'><strong>wo</strong></span> 
     </span>
     <span class='ocr_line' id='line_1_56' title="bbox 870 1979 1546 2022; baseline -0.001 -9"><span class='ocrx_word' id='word_1_363' title='bbox 870 1992 905 2013; x_wconf 78' lang='lat' dir='ltr'><strong>es</strong></span> <span class='ocrx_word' id='word_1_364' title='bbox 933 1981 1122 2022; x_wconf 77' lang='lat' dir='ltr'><strong>geschehen</strong></span> <span class='ocrx_word' id='word_1_365' title='bbox 1153 1980 1258 2021; x_wconf 77' lang='lat' dir='ltr'><strong>wird3</strong></span> <span class='ocrx_word' id='word_1_366' title='bbox 1297 1980 1356 2013; x_wconf 89' lang='lat' dir='ltr'><strong>der</strong></span> <span class='ocrx_word' id='word_1_367' title='bbox 1383 1979 1546 2013; x_wconf 88' lang='lat' dir='ltr'><strong>Lateiner</strong></span> 
     </span>
     <span class='ocr_line' id='line_1_57' title="bbox 870 2026 1544 2059; baseline 0 -1"><span class='ocrx_word' id='word_1_368' title='bbox 870 2027 982 2058; x_wconf 84' lang='lat' dir='ltr'><strong>maeht</strong></span> <span class='ocrx_word' id='word_1_369' title='bbox 1009 2027 1062 2058; x_wconf 86' lang='lat' dir='ltr'><strong>die</strong></span> <span class='ocrx_word' id='word_1_370' title='bbox 1089 2026 1154 2059; x_wconf 86' lang='lat' dir='ltr'><strong>bis</strong></span> <span class='ocrx_word' id='word_1_371' title='bbox 1180 2037 1229 2057; x_wconf 91' lang='lat' dir='ltr'><strong>zu</strong></span> <span class='ocrx_word' id='word_1_372' title='bbox 1264 2026 1389 2058; x_wconf 83' lang='lat' dir='ltr'><strong>diesem</strong></span> <span class='ocrx_word' id='word_1_373' title='bbox 1416 2026 1544 2058; x_wconf 79' lang='lat' dir='ltr'><strong>Punkte</strong></span> 
     </span>
     <span class='ocr_line' id='line_1_58' title="bbox 870 2071 1544 2104; baseline -0.001 0"><span class='ocrx_word' id='word_1_374' title='bbox 870 2073 940 2104; x_wconf 87' lang='lat' dir='ltr'><strong>sich</strong></span> <span class='ocrx_word' id='word_1_375' title='bbox 965 2071 1187 2104; x_wconf 84' lang='lat' dir='ltr'><strong>vollendende</strong></span> <span class='ocrx_word' id='word_1_376' title='bbox 1207 2071 1284 2103; x_wconf 86' lang='lat' dir='ltr'><strong>Zeit</strong></span> <span class='ocrx_word' id='word_1_377' title='bbox 1309 2071 1471 2104; x_wconf 78' lang='lat' dir='ltr'><strong>namhast.</strong></span> <span class='ocrx_word' id='word_1_378' title='bbox 1501 2072 1544 2104; x_wconf 91' lang='lat' dir='ltr'><strong>So</strong></span> 
     </span>
     <span class='ocr_line' id='line_1_59' title="bbox 870 2117 1545 2160; baseline -0.003 -10"><span class='ocrx_word' id='word_1_379' title='bbox 870 2118 912 2150; x_wconf 86' lang='lat' dir='ltr'><strong>ad</strong></span> <span class='ocrx_word' id='word_1_380' title='bbox 930 2118 1002 2150; x_wconf 84' lang='lat' dir='ltr'><strong>Att.</strong></span> <span class='ocrx_word' id='word_1_381' title='bbox 1023 2117 1100 2150; x_wconf 89' lang='lat' dir='ltr'><strong>Xll.</strong></span> <span class='ocrx_word' id='word_1_382' title='bbox 1123 2118 1184 2149; x_wconf 67' lang='lat'><strong>46:</strong></span> <span class='ocrx_word' id='word_1_383' title='bbox 1215 2120 1350 2158; x_wconf 81' lang='lat' dir='ltr'><strong>nescio,</strong></span> <span class='ocrx_word' id='word_1_384' title='bbox 1381 2117 1468 2160; x_wconf 80' lang='lat' dir='ltr'><strong>quid</strong></span> <span class='ocrx_word' id='word_1_385' title='bbox 1492 2120 1545 2149; x_wconf 80' lang='lat' dir='ltr'><strong>in-</strong></span> 
     </span>
     <span class='ocr_line' id='line_1_60' title="bbox 871 2163 1545 2204; baseline 0 -9"><span class='ocrx_word' id='word_1_386' title='bbox 871 2166 984 2204; x_wconf 74' lang='lat' dir='ltr'><strong>tersit,</strong></span> <span class='ocrx_word' id='word_1_387' title='bbox 1007 2167 1126 2195; x_wconf 77' lang='lat' dir='ltr'><strong>ulrum</strong></span> <span class='ocrx_word' id='word_1_388' title='bbox 1144 2163 1229 2195; x_wconf 80' lang='lat' dir='ltr'><strong>illuc</strong></span> <span class='ocrx_word' id='word_1_389' title='bbox 1243 2174 1336 2195; x_wconf 81' lang='lat' dir='ltr'><strong>nunc</strong></span> <span class='ocrx_word' id='word_1_390' title='bbox 1350 2166 1485 2195; x_wconf 77' lang='lat' dir='ltr'><strong>veniam</strong></span> <span class='ocrx_word' id='word_1_391' title='bbox 1499 2173 1545 2195; x_wconf 85' lang='lat' dir='ltr'><strong>an</strong></span> 
     </span>
     <span class='ocr_line' id='line_1_61' title="bbox 871 2208 1542 2252; baseline -0.001 -11"><span class='ocrx_word' id='word_1_392' title='bbox 871 2209 918 2241; x_wconf 79' lang='lat' dir='ltr'><strong>acl</strong></span> <span class='ocrx_word' id='word_1_393' title='bbox 937 2209 1051 2240; x_wconf 79' lang='lat' dir='ltr'><strong>dec-em</strong></span> <span class='ocrx_word' id='word_1_394' title='bbox 1071 2219 1194 2242; x_wconf 73' lang='lat' dir='ltr'><strong>annoS.</strong></span> <span class='ocrx_word' id='word_1_395' title='bbox 1224 2208 1454 2252; x_wconf 71' lang='lat' dir='ltr'><strong>(Nagelsbach</strong></span> <span class='ocrx_word' id='word_1_396' title='bbox 1483 2208 1542 2240; x_wconf 86' lang='lat' dir='ltr'><strong>lat.</strong></span> 
     </span>
     <span class='ocr_line' id='line_1_62' title="bbox 870 2254 1127 2296; baseline -0.004 -9"><span class='ocrx_word' id='word_1_397' title='bbox 870 2255 946 2287; x_wconf 82' lang='lat' dir='ltr'><strong>Stil.</strong></span> <span class='ocrx_word' id='word_1_398' title='bbox 971 2254 1005 2286; x_wconf 86' lang='lat' dir='ltr'><strong>S.</strong></span> <span class='ocrx_word' id='word_1_399' title='bbox 1029 2255 1127 2296; x_wconf 69' lang='lat'>341.)</span> 
     </span>
    </p>

    <p class='ocr_par' dir='ltr' id='par_1_13' title="bbox 869 2299 1546 2614">
     <span class='ocr_line' id='line_1_63' title="bbox 916 2299 1544 2339; baseline -0.002 -7"><span class='ocrx_word' id='word_1_400' title='bbox 916 2301 1037 2332; x_wconf 74' lang='lat' dir='ltr'><strong>urbem</strong></span> <span class='ocrx_word' id='word_1_401' title='bbox 1058 2304 1234 2332; x_wconf 67' lang='lat' dir='ltr'><strong>nostram.</strong></span> <span class='ocrx_word' id='word_1_402' title='bbox 1262 2299 1340 2333; x_wconf 79' lang='lat' dir='ltr'><strong>wie</strong></span> <span class='ocrx_word' id='word_1_403' title='bbox 1365 2300 1456 2339; x_wconf 78' lang='lat' dir='ltr'><strong>hier,</strong></span> <span class='ocrx_word' id='word_1_404' title='bbox 1485 2299 1544 2332; x_wconf 85' lang='lat' dir='ltr'><strong>ha-</strong></span> 
     </span>
     <span class='ocr_line' id='line_1_64' title="bbox 871 2344 1546 2386; baseline 0 -9"><span class='ocrx_word' id='word_1_405' title='bbox 871 2346 933 2377; x_wconf 91' lang='lat' dir='ltr'><strong>ben</strong></span> <span class='ocrx_word' id='word_1_406' title='bbox 952 2346 1004 2377; x_wconf 76' lang='lat' dir='ltr'><strong>die</strong></span> <span class='ocrx_word' id='word_1_407' title='bbox 1016 2345 1131 2377; x_wconf 83' lang='lat' dir='ltr'><strong>besten</strong></span> <span class='ocrx_word' id='word_1_408' title='bbox 1146 2344 1406 2377; x_wconf 71' lang='lat' dir='ltr'><strong>Handsehrii&#39;ten</strong></span> <span class='ocrx_word' id='word_1_409' title='bbox 1419 2345 1546 2386; x_wconf 83' lang='lat' dir='ltr'><strong>einige-</strong></span> 
     </span>
     <span class='ocr_line' id='line_1_65' title="bbox 869 2390 1545 2432; baseline 0 -9"><span class='ocrx_word' id='word_1_410' title='bbox 869 2391 936 2423; x_wconf 83' lang='lat' dir='ltr'><strong>nial</strong></span> <span class='ocrx_word' id='word_1_411' title='bbox 971 2391 1001 2422; x_wconf 91' lang='lat' dir='ltr'><strong>in</strong></span> <span class='ocrx_word' id='word_1_412' title='bbox 1028 2392 1309 2432; x_wconf 83' lang='lat' dir='ltr'><strong>mustergiiltigen</strong></span> <span class='ocrx_word' id='word_1_413' title='bbox 1335 2390 1545 2424; x_wconf 79' lang='lat' dir='ltr'><strong>Schriftstel—</strong></span> 
     </span>
     <span class='ocr_line' id='line_1_66' title="bbox 870 2436 1544 2478; baseline 0 -11"><span class='ocrx_word' id='word_1_414' title='bbox 870 2438 941 2468; x_wconf 86' lang='lat' dir='ltr'><strong>lern</strong></span> <span class='ocrx_word' id='word_1_415' title='bbox 974 2439 1093 2478; x_wconf 76' lang='lat' dir='ltr'><strong>potiri</strong></span> <span class='ocrx_word' id='word_1_416' title='bbox 1127 2437 1186 2467; x_wconf 84' lang='lat' dir='ltr'><strong>mit</strong></span> <span class='ocrx_word' id='word_1_417' title='bbox 1219 2437 1292 2468; x_wconf 87' lang='lat' dir='ltr'><strong>dem</strong></span> <span class='ocrx_word' id='word_1_418' title='bbox 1325 2436 1447 2468; x_wconf 85' lang='lat' dir='ltr'><strong>Aecus.</strong></span> <span class='ocrx_word' id='word_1_419' title='bbox 1484 2436 1544 2467; x_wconf 85' lang='lat' dir='ltr'><strong>des</strong></span> 
     </span>
     <span class='ocr_line' id='line_1_67' title="bbox 871 2481 1544 2523; baseline -0.001 -9"><span class='ocrx_word' id='word_1_420' title='bbox 871 2482 897 2514; x_wconf 92' lang='grc' dir='ltr'>Ο</span> <span class='ocrx_word' id='word_1_421' title='bbox 913 2487 1014 2514; x_wconf 84' lang='lat' dir='ltr'><strong>rtes.</strong></span> <span class='ocrx_word' id='word_1_422' title='bbox 1043 2482 1086 2512; x_wconf 80' lang='lat' dir='ltr'><strong>So</strong></span> <span class='ocrx_word' id='word_1_423' title='bbox 1106 2482 1144 2513; x_wconf 78' lang='lat' dir='ltr'><strong>de</strong></span> <span class='ocrx_word' id='word_1_424' title='bbox 1165 2482 1232 2513; x_wconf 79' lang='lat' dir='ltr'><strong>fato</strong></span> <span class='ocrx_word' id='word_1_425' title='bbox 1253 2483 1285 2521; x_wconf 73' lang='grc' dir='ltr'><strong>Τ,</strong></span> <span class='ocrx_word' id='word_1_426' title='bbox 1309 2481 1371 2513; x_wconf 84' lang='lat'><strong>13:</strong></span> <span class='ocrx_word' id='word_1_427' title='bbox 1399 2481 1544 2523; x_wconf 77' lang='lat' dir='ltr'><strong>Africa-</strong></span> 
     </span>
     <span class='ocr_line' id='line_1_68' title="bbox 870 2527 1544 2569; baseline 0 -11"><span class='ocrx_word' id='word_1_428' title='bbox 870 2539 950 2559; x_wconf 76' lang='lat' dir='ltr'><strong>nam</strong></span> <span class='ocrx_word' id='word_1_429' title='bbox 975 2528 1228 2569; x_wconf 76' lang='lat' dir='ltr'><strong>Carthaginem</strong></span> <span class='ocrx_word' id='word_1_430' title='bbox 1248 2529 1476 2569; x_wconf 51' lang='lat' dir='ltr'><strong>potitur-unu</strong></span> <span class='ocrx_word' id='word_1_431' title='bbox 1502 2527 1544 2559; x_wconf 83' lang='lat' dir='ltr'><strong>de</strong></span> 
     </span>
     <span class='ocr_line' id='line_1_69' title="bbox 873 2572 1542 2614; baseline -0.003 -9"><span class='ocrx_word' id='word_1_432' title='bbox 873 2573 927 2605; x_wconf 77' lang='lat' dir='ltr'><strong>off.</strong></span> <span class='ocrx_word' id='word_1_433' title='bbox 951 2572 992 2604; x_wconf 93' lang='lat' dir='ltr'><strong>ll.</strong></span> <span class='ocrx_word' id='word_1_434' title='bbox 1013 2572 1069 2612; x_wconf 78' lang='lat'><strong>23,</strong></span> <span class='ocrx_word' id='word_1_435' title='bbox 1093 2573 1153 2604; x_wconf 59' lang='lat' dir='ltr'><strong>sl:</strong></span> <span class='ocrx_word' id='word_1_436' title='bbox 1183 2573 1301 2604; x_wconf 76' lang='lat' dir='ltr'><strong>urbem</strong></span> <span class='ocrx_word' id='word_1_437' title='bbox 1323 2575 1542 2614; x_wconf 77' lang='lat' dir='ltr'><strong>estpote&#39;lus.</strong></span> 
     </span>
    </p>
   </div>
  </div>
 </body>
</html>
