<?xml version="1.0" encoding="UTF-8"?>
<!DOCTYPE html PUBLIC "-//W3C//DTD XHTML 1.0 Transitional//EN"
    "http://www.w3.org/TR/xhtml1/DTD/xhtml1-transitional.dtd">
<html xmlns="http://www.w3.org/1999/xhtml" xml:lang="en" lang="en">
 <head>
  <title>
</title>
<meta http-equiv="Content-Type" content="text/html;charset=utf-8" />
  <meta name='ocr-system' content='tesseract 3.04.00' />
  <meta name='ocr-capabilities' content='ocr_page ocr_carea ocr_par ocr_line ocrx_word'/>
</head>
<body>
  <div class='ocr_page' id='page_1' title='image "./tusculanarumdisp00ciceuoft_0423.png"; bbox 0 0 1684 2819; ppageno 0'>
   <div class='ocr_carea' id='block_1_1' title="bbox 638 189 1001 223">
    <p class='ocr_par' dir='ltr' id='par_1_1' title="bbox 638 189 1001 223">
     <span class='ocr_line' id='line_1_1' title="bbox 638 189 1001 223; baseline 0 -1"><span class='ocrx_word' id='word_1_1' title='bbox 638 190 716 223; x_wconf 86' lang='lat' dir='ltr'>LIB.</span> <span class='ocrx_word' id='word_1_2' title='bbox 734 190 771 223; x_wconf 88' lang='grc' dir='ltr'>ΙΙ.</span> <span class='ocrx_word' id='word_1_3' title='bbox 809 189 902 223; x_wconf 79' lang='lat' dir='ltr'>CAP.</span> <span class='ocrx_word' id='word_1_4' title='bbox 922 189 952 223; x_wconf 85' lang='lat'>3.</span> <span class='ocrx_word' id='word_1_5' title='bbox 970 191 1001 222; x_wconf 81' lang='lat'>4.</span> 
     </span>
    </p>
   </div>
   <div class='ocr_carea' id='block_1_2' title="bbox 1446 193 1522 232">
    <p class='ocr_par' dir='ltr' id='par_1_2' title="bbox 1446 193 1522 232">
     <span class='ocr_line' id='line_1_2' title="bbox 1446 193 1522 232; baseline 0.013 -1"><span class='ocrx_word' id='word_1_6' title='bbox 1446 193 1522 232; x_wconf 79' lang='lat'>109</span> 
     </span>
    </p>
   </div>
   <div class='ocr_carea' id='block_1_3' title="bbox 117 293 1521 406">
    <p class='ocr_par' dir='ltr' id='par_1_3' title="bbox 117 293 1521 406">
     <span class='ocr_line' id='line_1_3' title="bbox 120 293 1521 348; baseline -0.001 -10"><span class='ocrx_word' id='word_1_7' title='bbox 120 310 277 348; x_wconf 82' lang='lat' dir='ltr'>remque</span> <span class='ocrx_word' id='word_1_8' title='bbox 305 296 406 335; x_wconf 90' lang='lat' dir='ltr'>illam</span> <span class='ocrx_word' id='word_1_9' title='bbox 427 294 466 332; x_wconf 94' lang='lat' dir='ltr'>in</span> <span class='ocrx_word' id='word_1_10' title='bbox 487 294 711 344; x_wconf 80' lang='lat' dir='ltr'>religionem</span> <span class='ocrx_word' id='word_1_11' title='bbox 734 293 879 344; x_wconf 84' lang='lat' dir='ltr'>populo</span> <span class='ocrx_word' id='word_1_12' title='bbox 902 294 1053 333; x_wconf 83' lang='lat' dir='ltr'>venisse</span> <span class='ocrx_word' id='word_1_13' title='bbox 1075 295 1251 342; x_wconf 81' lang='lat' dir='ltr'>sentiret,</span> <span class='ocrx_word' id='word_1_14' title='bbox 1276 296 1321 335; x_wconf 86' lang='lat' dir='ltr'>ad</span> <span class='ocrx_word' id='word_1_15' title='bbox 1345 302 1521 337; x_wconf 81' lang='lat' dir='ltr'>senatum</span> 
     </span>
     <span class='ocr_line' id='line_1_4' title="bbox 117 350 1521 406; baseline -0.004 -8"><span class='ocrx_word' id='word_1_16' title='bbox 117 354 256 398; x_wconf 84' lang='lat' dir='ltr'>retulit.</span> <span class='ocrx_word' id='word_1_17' title='bbox 298 353 476 398; x_wconf 86' lang='lat' dir='ltr'>Senatus,</span> <span class='ocrx_word' id='word_1_18' title='bbox 499 362 598 404; x_wconf 87' lang='lat' dir='ltr'>quos</span> <span class='ocrx_word' id='word_1_19' title='bbox 621 350 666 389; x_wconf 89' lang='lat' dir='ltr'>ad</span> <span class='ocrx_word' id='word_1_20' title='bbox 689 350 841 396; x_wconf 85' lang='lat' dir='ltr'>soleret,</span> <span class='ocrx_word' id='word_1_21' title='bbox 866 351 1108 392; x_wconf 73' lang='lat' dir='ltr'>referendum</span> <span class='ocrx_word' id='word_1_22' title='bbox 1131 351 1289 392; x_wconf 86' lang='lat' dir='ltr'>censuit.</span> <span class='ocrx_word' id='word_1_23' title='bbox 1331 353 1521 406; x_wconf 89' lang='lat' dir='ltr'>Haruspi-</span> 
     </span>
    </p>
   </div>
   <div class='ocr_carea' id='block_1_4' title="bbox 120 411 1520 465">
    <p class='ocr_par' dir='ltr' id='par_1_4' title="bbox 120 411 1520 465">
     <span class='ocr_line' id='line_1_5' title="bbox 120 411 1520 465; baseline -0.001 -12"><span class='ocrx_word' id='word_1_24' title='bbox 120 427 183 454; x_wconf 88' lang='lat' dir='ltr'>ces</span> <span class='ocrx_word' id='word_1_25' title='bbox 210 412 420 453; x_wconf 77' lang='lat' dir='ltr'>introducti</span> <span class='ocrx_word' id='word_1_26' title='bbox 447 412 734 465; x_wconf 84' lang='lat' dir='ltr'>responderunt</span> <span class='ocrx_word' id='word_1_27' title='bbox 760 425 841 452; x_wconf 91' lang='lat' dir='ltr'>non</span> <span class='ocrx_word' id='word_1_28' title='bbox 869 412 987 452; x_wconf 82' lang='lat' dir='ltr'>fuisse</span> <span class='ocrx_word' id='word_1_29' title='bbox 1013 412 1157 452; x_wconf 88' lang='lat' dir='ltr'>iustum</span> <span class='ocrx_word' id='word_1_30' title='bbox 1187 411 1433 452; x_wconf 89' lang='lat' dir='ltr'>comitiorum</span> <span class='ocrx_word' id='word_1_31' title='bbox 1454 423 1520 451; x_wconf 88' lang='lat' dir='ltr'>ro-</span> 
     </span>
    </p>
   </div>
   <div class='ocr_carea' id='block_1_5' title="bbox 117 476 301 521">
    <p class='ocr_par' dir='ltr' id='par_1_5' title="bbox 117 476 301 521">
     <span class='ocr_line' id='line_1_6' title="bbox 117 476 301 521; baseline 0 -12"><span class='ocrx_word' id='word_1_32' title='bbox 117 476 301 521; x_wconf 81' lang='lat' dir='ltr'>gatorem.</span> 
     </span>
    </p>
   </div>
   <div class='ocr_carea' id='block_1_6' title="bbox 358 470 1588 520">
    <p class='ocr_par' dir='ltr' id='par_1_6' title="bbox 358 470 1588 520">
     <span class='ocr_line' id='line_1_7' title="bbox 358 470 1588 520; baseline 0.001 -11"><span class='ocrx_word' id='word_1_33' title='bbox 358 471 457 509; x_wconf 88' lang='lat' dir='ltr'>Tum</span> <span class='ocrx_word' id='word_1_34' title='bbox 485 470 698 517; x_wconf 76' lang='lat' dir='ltr'>Gracchus,</span> <span class='ocrx_word' id='word_1_35' title='bbox 736 476 777 509; x_wconf 92' lang='lat' dir='ltr'>ut</span> <span class='ocrx_word' id='word_1_36' title='bbox 804 483 824 508; x_wconf 91' lang='lat' dir='ltr'>e</span> <span class='ocrx_word' id='word_1_37' title='bbox 852 476 957 520; x_wconf 89' lang='lat' dir='ltr'>patre</span> <span class='ocrx_word' id='word_1_38' title='bbox 984 470 1203 516; x_wconf 79' lang='lat' dir='ltr'>audiebam,</span> <span class='ocrx_word' id='word_1_39' title='bbox 1239 470 1420 509; x_wconf 87' lang='lat' dir='ltr'>incensus</span> <span class='ocrx_word' id='word_1_40' title='bbox 1452 470 1518 517; x_wconf 86' lang='lat' dir='ltr'>ira,</span> <span class='ocrx_word' id='word_1_41' title='bbox 1553 480 1588 512; x_wconf 89' lang='lat'>11</span> 
     </span>
    </p>
   </div>
   <div class='ocr_carea' id='block_1_7' title="bbox 65 526 1521 1308">
    <p class='ocr_par' dir='ltr' id='par_1_7' title="bbox 65 526 1521 1308">
     <span class='ocr_line' id='line_1_8' title="bbox 65 526 1521 580; baseline 0.001 -14"><span class='ocrx_word' id='word_1_42' title='bbox 65 570 67 572; x_wconf 53' lang='grc'>,</span> <span class='ocrx_word' id='word_1_43' title='bbox 117 528 220 566; x_wconf 84' lang='lat' dir='ltr'>Itane</span> <span class='ocrx_word' id='word_1_44' title='bbox 249 526 369 565; x_wconf 72' lang='lat' dir='ltr'>vero?</span> <span class='ocrx_word' id='word_1_45' title='bbox 408 539 478 577; x_wconf 77' lang='lat' dir='ltr'>ego</span> <span class='ocrx_word' id='word_1_46' title='bbox 509 539 589 565; x_wconf 91' lang='lat' dir='ltr'>non</span> <span class='ocrx_word' id='word_1_47' title='bbox 617 527 758 574; x_wconf 83' lang='lat' dir='ltr'>iustus,</span> <span class='ocrx_word' id='word_1_48' title='bbox 794 527 857 577; x_wconf 90' lang='lat' dir='ltr'>qui</span> <span class='ocrx_word' id='word_1_49' title='bbox 885 532 923 565; x_wconf 87' lang='lat' dir='ltr'>et</span> <span class='ocrx_word' id='word_1_50' title='bbox 950 527 1085 565; x_wconf 87' lang='lat' dir='ltr'>consul</span> <span class='ocrx_word' id='word_1_51' title='bbox 1111 527 1240 577; x_wconf 84' lang='lat' dir='ltr'>rogavi</span> <span class='ocrx_word' id='word_1_52' title='bbox 1270 534 1307 567; x_wconf 88' lang='lat' dir='ltr'>et</span> <span class='ocrx_word' id='word_1_53' title='bbox 1336 541 1457 580; x_wconf 81' lang='lat' dir='ltr'>augur</span> <span class='ocrx_word' id='word_1_54' title='bbox 1484 534 1521 568; x_wconf 89' lang='lat' dir='ltr'>et</span> 
     </span>
     <span class='ocr_line' id='line_1_9' title="bbox 116 582 1520 635; baseline 0.002 -14"><span class='ocrx_word' id='word_1_55' title='bbox 116 582 344 634; x_wconf 70' lang='lat' dir='ltr'>auspicato?</span> <span class='ocrx_word' id='word_1_56' title='bbox 366 596 414 622; x_wconf 93' lang='lat' dir='ltr'>an</span> <span class='ocrx_word' id='word_1_57' title='bbox 435 596 515 630; x_wconf 89' lang='lat' dir='ltr'>vos,</span> <span class='ocrx_word' id='word_1_58' title='bbox 539 583 655 622; x_wconf 90' lang='lat' dir='ltr'>Tusci</span> <span class='ocrx_word' id='word_1_59' title='bbox 676 597 720 622; x_wconf 86' lang='lat' dir='ltr'>ac</span> <span class='ocrx_word' id='word_1_60' title='bbox 739 583 900 629; x_wconf 88' lang='lat' dir='ltr'>barbari,</span> <span class='ocrx_word' id='word_1_61' title='bbox 922 583 1183 634; x_wconf 80' lang='lat' dir='ltr'>auspiciorum</span> <span class='ocrx_word' id='word_1_62' title='bbox 1206 585 1338 635; x_wconf 89' lang='lat' dir='ltr'>populi</span> <span class='ocrx_word' id='word_1_63' title='bbox 1357 585 1520 624; x_wconf 87' lang='lat' dir='ltr'>Romani</span> 
     </span>
     <span class='ocr_line' id='line_1_10' title="bbox 115 639 1518 692; baseline 0.001 -14"><span class='ocrx_word' id='word_1_64' title='bbox 115 639 175 678; x_wconf 89' lang='lat' dir='ltr'>ius</span> <span class='ocrx_word' id='word_1_65' title='bbox 203 640 342 678; x_wconf 82' lang='lat' dir='ltr'>tenetis</span> <span class='ocrx_word' id='word_1_66' title='bbox 372 646 407 678; x_wconf 84' lang='lat' dir='ltr'>et</span> <span class='ocrx_word' id='word_1_67' title='bbox 428 640 655 689; x_wconf 87' lang='lat' dir='ltr'>interpretes</span> <span class='ocrx_word' id='word_1_68' title='bbox 677 652 762 677; x_wconf 86' lang='lat' dir='ltr'>esse</span> <span class='ocrx_word' id='word_1_69' title='bbox 784 639 1030 677; x_wconf 86' lang='lat' dir='ltr'>comitiorum</span> <span class='ocrx_word' id='word_1_70' title='bbox 1053 639 1246 689; x_wconf 68' lang='lat' dir='ltr'>potestis?</span> <span class='ocrx_word' id='word_1_71' title='bbox 1286 641 1415 692; x_wconf 85' lang='lat' dir='ltr'>ltaque</span> <span class='ocrx_word' id='word_1_72' title='bbox 1437 647 1518 680; x_wconf 88' lang='lat' dir='ltr'>tum</span> 
     </span>
     <span class='ocr_line' id='line_1_11' title="bbox 116 695 1518 748; baseline 0.001 -14"><span class='ocrx_word' id='word_1_73' title='bbox 116 695 200 734; x_wconf 85' lang='lat' dir='ltr'>illos</span> <span class='ocrx_word' id='word_1_74' title='bbox 230 696 331 734; x_wconf 83' lang='lat' dir='ltr'>exire</span> <span class='ocrx_word' id='word_1_75' title='bbox 359 696 479 734; x_wconf 76' lang='lat' dir='ltr'>iussit.</span> <span class='ocrx_word' id='word_1_76' title='bbox 522 696 617 733; x_wconf 82' lang='lat' dir='ltr'>Post</span> <span class='ocrx_word' id='word_1_77' title='bbox 644 701 771 733; x_wconf 87' lang='lat' dir='ltr'>autem</span> <span class='ocrx_word' id='word_1_78' title='bbox 799 708 842 732; x_wconf 85' lang='lat' dir='ltr'>ex</span> <span class='ocrx_word' id='word_1_79' title='bbox 871 695 1066 745; x_wconf 87' lang='lat' dir='ltr'>provincia</span> <span class='ocrx_word' id='word_1_80' title='bbox 1086 695 1230 734; x_wconf 78' lang='lat' dir='ltr'>litteras</span> <span class='ocrx_word' id='word_1_81' title='bbox 1251 697 1296 734; x_wconf 88' lang='lat' dir='ltr'>ad</span> <span class='ocrx_word' id='word_1_82' title='bbox 1320 698 1518 748; x_wconf 76' lang='lat' dir='ltr'>collegium</span> 
     </span>
     <span class='ocr_line' id='line_1_12' title="bbox 116 751 1519 802; baseline 0.001 -12"><span class='ocrx_word' id='word_1_83' title='bbox 116 752 237 799; x_wconf 81' lang='lat' dir='ltr'>misit,</span> <span class='ocrx_word' id='word_1_84' title='bbox 261 766 319 797; x_wconf 86' lang='lat' dir='ltr'>se,</span> <span class='ocrx_word' id='word_1_85' title='bbox 343 765 459 802; x_wconf 88' lang='lat' dir='ltr'>quum</span> <span class='ocrx_word' id='word_1_86' title='bbox 482 752 623 802; x_wconf 78' lang='lat' dir='ltr'>legeret</span> <span class='ocrx_word' id='word_1_87' title='bbox 642 751 778 796; x_wconf 87' lang='lat' dir='ltr'>libros,</span> <span class='ocrx_word' id='word_1_88' title='bbox 800 751 1042 789; x_wconf 85' lang='lat' dir='ltr'>recordatum</span> <span class='ocrx_word' id='word_1_89' title='bbox 1065 764 1167 796; x_wconf 87' lang='lat' dir='ltr'>esse,</span> <span class='ocrx_word' id='word_1_90' title='bbox 1190 752 1278 791; x_wconf 87' lang='lat' dir='ltr'>vitio</span> <span class='ocrx_word' id='word_1_91' title='bbox 1301 753 1372 791; x_wconf 89' lang='lat' dir='ltr'>sibi</span> <span class='ocrx_word' id='word_1_92' title='bbox 1395 754 1519 792; x_wconf 84' lang='lat' dir='ltr'>taber-</span> 
     </span>
     <span class='ocr_line' id='line_1_13' title="bbox 117 807 1520 859; baseline 0.001 -14"><span class='ocrx_word' id='word_1_93' title='bbox 117 808 295 847; x_wconf 86' lang='lat' dir='ltr'>naculum</span> <span class='ocrx_word' id='word_1_94' title='bbox 325 814 477 858; x_wconf 87' lang='lat' dir='ltr'>captum</span> <span class='ocrx_word' id='word_1_95' title='bbox 505 807 623 845; x_wconf 80' lang='lat' dir='ltr'>fuisse</span> <span class='ocrx_word' id='word_1_96' title='bbox 648 808 731 856; x_wconf 89' lang='lat' dir='ltr'>[ad]</span> <span class='ocrx_word' id='word_1_97' title='bbox 758 807 894 845; x_wconf 86' lang='lat' dir='ltr'>hortos</span> <span class='ocrx_word' id='word_1_98' title='bbox 917 807 1126 857; x_wconf 78' lang='lat' dir='ltr'>Scipionis,</span> <span class='ocrx_word' id='word_1_99' title='bbox 1157 809 1278 858; x_wconf 79' lang='lat' dir='ltr'>quod,</span> <span class='ocrx_word' id='word_1_100' title='bbox 1306 821 1425 858; x_wconf 87' lang='lat' dir='ltr'>quum</span> <span class='ocrx_word' id='word_1_101' title='bbox 1448 822 1520 859; x_wconf 89' lang='lat' dir='ltr'>po—</span> 
     </span>
     <span class='ocr_line' id='line_1_14' title="bbox 115 862 1520 914; baseline 0.001 -13"><span class='ocrx_word' id='word_1_102' title='bbox 115 864 305 902; x_wconf 84' lang='lat' dir='ltr'>moerium</span> <span class='ocrx_word' id='word_1_103' title='bbox 334 869 467 914; x_wconf 80' lang='lat' dir='ltr'>postea</span> <span class='ocrx_word' id='word_1_104' title='bbox 496 864 678 901; x_wconf 74' lang='lat' dir='ltr'>intrasset</span> <span class='ocrx_word' id='word_1_105' title='bbox 705 862 869 901; x_wconf 83' lang='lat' dir='ltr'>habendi</span> <span class='ocrx_word' id='word_1_106' title='bbox 892 869 1045 901; x_wconf 84' lang='lat' dir='ltr'>senatus</span> <span class='ocrx_word' id='word_1_107' title='bbox 1069 876 1221 909; x_wconf 78' lang='lat' dir='ltr'>caussa,</span> <span class='ocrx_word' id='word_1_108' title='bbox 1250 865 1287 902; x_wconf 92' lang='lat' dir='ltr'>in</span> <span class='ocrx_word' id='word_1_109' title='bbox 1309 865 1520 909; x_wconf 83' lang='lat' dir='ltr'>redeundo,</span> 
     </span>
     <span class='ocr_line' id='line_1_15' title="bbox 117 919 1521 972; baseline 0.002 -17"><span class='ocrx_word' id='word_1_110' title='bbox 117 932 236 969; x_wconf 79' lang='lat' dir='ltr'>quum</span> <span class='ocrx_word' id='word_1_111' title='bbox 258 920 359 957; x_wconf 87' lang='lat' dir='ltr'>idem</span> <span class='ocrx_word' id='word_1_112' title='bbox 382 919 625 969; x_wconf 86' lang='lat' dir='ltr'>pomoerium</span> <span class='ocrx_word' id='word_1_113' title='bbox 650 920 846 964; x_wconf 79' lang='lat' dir='ltr'>tt·ansiret,</span> <span class='ocrx_word' id='word_1_114' title='bbox 870 920 1057 970; x_wconf 85' lang='lat' dir='ltr'>auspicari</span> <span class='ocrx_word' id='word_1_115' title='bbox 1080 925 1183 958; x_wconf 81' lang='lat' dir='ltr'>esset</span> <span class='ocrx_word' id='word_1_116' title='bbox 1205 920 1365 959; x_wconf 80' lang='lat' dir='ltr'>oblitus:</span> <span class='ocrx_word' id='word_1_117' title='bbox 1396 921 1521 972; x_wconf 77' lang='lat' dir='ltr'>itaque</span> 
     </span>
     <span class='ocr_line' id='line_1_16' title="bbox 115 975 1519 1025; baseline 0.003 -13"><span class='ocrx_word' id='word_1_118' title='bbox 115 975 205 1013; x_wconf 77' lang='lat' dir='ltr'>vitio</span> <span class='ocrx_word' id='word_1_119' title='bbox 234 981 382 1014; x_wconf 83' lang='lat' dir='ltr'>creatos</span> <span class='ocrx_word' id='word_1_120' title='bbox 413 976 590 1014; x_wconf 84' lang='lat' dir='ltr'>eonsules</span> <span class='ocrx_word' id='word_1_121' title='bbox 619 988 715 1014; x_wconf 84' lang='lat' dir='ltr'>esse.</span> <span class='ocrx_word' id='word_1_122' title='bbox 756 976 930 1025; x_wconf 72' lang='lat' dir='ltr'>Augures</span> <span class='ocrx_word' id='word_1_123' title='bbox 952 988 1033 1014; x_wconf 86' lang='lat' dir='ltr'>rem</span> <span class='ocrx_word' id='word_1_124' title='bbox 1055 977 1100 1015; x_wconf 91' lang='lat' dir='ltr'>ad</span> <span class='ocrx_word' id='word_1_125' title='bbox 1125 984 1319 1015; x_wconf 76' lang='lat' dir='ltr'>senatum:</span> <span class='ocrx_word' id='word_1_126' title='bbox 1349 983 1519 1023; x_wconf 84' lang='lat' dir='ltr'>senatus,</span> 
     </span>
     <span class='ocr_line' id='line_1_17' title="bbox 113 1031 1519 1084; baseline 0.001 -15"><span class='ocrx_word' id='word_1_127' title='bbox 113 1037 156 1070; x_wconf 75' lang='lat' dir='ltr'>ut</span> <span class='ocrx_word' id='word_1_128' title='bbox 183 1031 402 1070; x_wconf 80' lang='lat' dir='ltr'>abdicarent</span> <span class='ocrx_word' id='word_1_129' title='bbox 430 1032 626 1070; x_wconf 86' lang='lat' dir='ltr'>consules:</span> <span class='ocrx_word' id='word_1_130' title='bbox 654 1032 932 1070; x_wconf 74' lang='lat' dir='ltr'>abdicaveru11t.</span> <span class='ocrx_word' id='word_1_131' title='bbox 976 1033 1079 1079; x_wconf 81' lang='lat' dir='ltr'>Quae</span> <span class='ocrx_word' id='word_1_132' title='bbox 1108 1033 1326 1083; x_wconf 79' lang='lat' dir='ltr'>quaerimus</span> <span class='ocrx_word' id='word_1_133' title='bbox 1350 1034 1519 1084; x_wconf 78' lang='lat' dir='ltr'>exempla</span> 
     </span>
     <span class='ocr_line' id='line_1_18' title="bbox 114 1086 1518 1140; baseline 0.002 -15"><span class='ocrx_word' id='word_1_134' title='bbox 114 1086 289 1126; x_wconf 69' lang='lat' dir='ltr'>maiora?</span> <span class='ocrx_word' id='word_1_135' title='bbox 330 1088 394 1126; x_wconf 80' lang='lat' dir='ltr'>Vir</span> <span class='ocrx_word' id='word_1_136' title='bbox 423 1087 734 1138; x_wconf 84' lang='lat' dir='ltr'>sapientissimus</span> <span class='ocrx_word' id='word_1_137' title='bbox 763 1093 875 1139; x_wconf 77' lang='lat' dir='ltr'>atque</span> <span class='ocrx_word' id='word_1_138' title='bbox 902 1089 1001 1127; x_wconf 86' lang='lat' dir='ltr'>haud</span> <span class='ocrx_word' id='word_1_139' title='bbox 1032 1088 1111 1127; x_wconf 86' lang='lat' dir='ltr'>scio</span> <span class='ocrx_word' id='word_1_140' title='bbox 1143 1102 1190 1127; x_wconf 90' lang='lat' dir='ltr'>an</span> <span class='ocrx_word' id='word_1_141' title='bbox 1214 1090 1389 1128; x_wconf 82' lang='lat' dir='ltr'>oninium</span> <span class='ocrx_word' id='word_1_142' title='bbox 1407 1103 1518 1140; x_wconf 88' lang='lat' dir='ltr'>prae—</span> 
     </span>
     <span class='ocr_line' id='line_1_19' title="bbox 115 1144 1520 1195; baseline 0.001 -13"><span class='ocrx_word' id='word_1_143' title='bbox 115 1144 378 1182; x_wconf 85' lang='lat' dir='ltr'>stantissimus</span> <span class='ocrx_word' id='word_1_144' title='bbox 400 1151 596 1195; x_wconf 85' lang='lat' dir='ltr'>peccatum</span> <span class='ocrx_word' id='word_1_145' title='bbox 619 1157 744 1191; x_wconf 82' lang='lat' dir='ltr'>suum,</span> <span class='ocrx_word' id='word_1_146' title='bbox 767 1145 868 1195; x_wconf 85' lang='lat' dir='ltr'>quod</span> <span class='ocrx_word' id='word_1_147' title='bbox 893 1145 1003 1183; x_wconf 84' lang='lat' dir='ltr'>celari</span> <span class='ocrx_word' id='word_1_148' title='bbox 1021 1151 1163 1195; x_wconf 82' lang='lat' dir='ltr'>posset,</span> <span class='ocrx_word' id='word_1_149' title='bbox 1187 1146 1359 1184; x_wconf 71' lang='lat' dir='ltr'>confiteri</span> <span class='ocrx_word' id='word_1_150' title='bbox 1378 1146 1520 1191; x_wconf 85' lang='lat' dir='ltr'>maluit,</span> 
     </span>
     <span class='ocr_line' id='line_1_20' title="bbox 115 1200 1518 1252; baseline 0.001 -15"><span class='ocrx_word' id='word_1_151' title='bbox 115 1213 228 1250; x_wconf 80' lang='lat' dir='ltr'>quam</span> <span class='ocrx_word' id='word_1_152' title='bbox 249 1201 404 1239; x_wconf 85' lang='lat' dir='ltr'>haerere</span> <span class='ocrx_word' id='word_1_153' title='bbox 425 1200 462 1238; x_wconf 91' lang='lat' dir='ltr'>in</span> <span class='ocrx_word' id='word_1_154' title='bbox 484 1200 677 1250; x_wconf 81' lang='lat' dir='ltr'>republica</span> <span class='ocrx_word' id='word_1_155' title='bbox 699 1201 940 1251; x_wconf 67' lang='lat' dir='ltr'>religionem:</span> <span class='ocrx_word' id='word_1_156' title='bbox 970 1202 1149 1239; x_wconf 84' lang='lat' dir='ltr'>consules</span> <span class='ocrx_word' id='word_1_157' title='bbox 1173 1215 1370 1239; x_wconf 88' lang='lat' dir='ltr'>summum</span> <span class='ocrx_word' id='word_1_158' title='bbox 1395 1202 1518 1252; x_wconf 84' lang='lat' dir='ltr'>impe-</span> 
     </span>
     <span class='ocr_line' id='line_1_21' title="bbox 116 1256 1516 1308; baseline 0.002 -15"><span class='ocrx_word' id='word_1_159' title='bbox 116 1256 214 1294; x_wconf 87' lang='lat' dir='ltr'>rium</span> <span class='ocrx_word' id='word_1_160' title='bbox 237 1257 364 1294; x_wconf 86' lang='lat' dir='ltr'>statim</span> <span class='ocrx_word' id='word_1_161' title='bbox 388 1257 599 1307; x_wconf 81' lang='lat' dir='ltr'>deponere,</span> <span class='ocrx_word' id='word_1_162' title='bbox 622 1270 735 1307; x_wconf 83' lang='lat' dir='ltr'>quam</span> <span class='ocrx_word' id='word_1_163' title='bbox 758 1257 794 1295; x_wconf 86' lang='lat' dir='ltr'>id</span> <span class='ocrx_word' id='word_1_164' title='bbox 819 1263 945 1295; x_wconf 83' lang='lat' dir='ltr'>tenere</span> <span class='ocrx_word' id='word_1_165' title='bbox 967 1263 1152 1307; x_wconf 76' lang='lat' dir='ltr'>punctum</span> <span class='ocrx_word' id='word_1_166' title='bbox 1176 1258 1362 1308; x_wconf 81' lang='lat' dir='ltr'>temporis</span> <span class='ocrx_word' id='word_1_167' title='bbox 1385 1264 1516 1296; x_wconf 88' lang='lat' dir='ltr'>contra</span> 
     </span>
    </p>
   </div>
   <div class='ocr_carea' id='block_1_8' title="bbox 113 1312 1589 1364">
    <p class='ocr_par' dir='ltr' id='par_1_8' title="bbox 113 1312 1589 1364">
     <span class='ocr_line' id='line_1_22' title="bbox 113 1312 1589 1364; baseline 0.002 -14"><span class='ocrx_word' id='word_1_168' title='bbox 113 1312 351 1362; x_wconf 78' lang='lat' dir='ltr'>religionem.</span> <span class='ocrx_word' id='word_1_169' title='bbox 392 1313 525 1362; x_wconf 79' lang='lat' dir='ltr'>Magna</span> <span class='ocrx_word' id='word_1_170' title='bbox 547 1325 734 1362; x_wconf 85' lang='lat' dir='ltr'>augurum</span> <span class='ocrx_word' id='word_1_171' title='bbox 758 1313 975 1352; x_wconf 81' lang='lat' dir='ltr'>auctoritas.</span> <span class='ocrx_word' id='word_1_172' title='bbox 1018 1312 1146 1360; x_wconf 75' lang='lat' dir='ltr'>Quid?</span> <span class='ocrx_word' id='word_1_173' title='bbox 1177 1314 1432 1364; x_wconf 80' lang='lat' dir='ltr'>Haruspicum</span> <span class='ocrx_word' id='word_1_174' title='bbox 1456 1326 1517 1353; x_wconf 85' lang='lat' dir='ltr'>ars</span> <span class='ocrx_word' id='word_1_175' title='bbox 1551 1322 1589 1353; x_wconf 84' lang='lat'>12</span> 
     </span>
    </p>
   </div>
   <div class='ocr_carea' id='block_1_9' title="bbox 113 1367 1519 1420">
    <p class='ocr_par' dir='ltr' id='par_1_9' title="bbox 113 1367 1519 1420">
     <span class='ocr_line' id='line_1_23' title="bbox 113 1367 1519 1420; baseline 0.001 -14"><span class='ocrx_word' id='word_1_176' title='bbox 113 1380 243 1406; x_wconf 86' lang='lat' dir='ltr'>nonne</span> <span class='ocrx_word' id='word_1_177' title='bbox 266 1367 419 1407; x_wconf 74' lang='lat' dir='ltr'>divina?</span> <span class='ocrx_word' id='word_1_178' title='bbox 460 1369 560 1407; x_wconf 90' lang='lat' dir='ltr'>Haec</span> <span class='ocrx_word' id='word_1_179' title='bbox 577 1375 613 1407; x_wconf 90' lang='lat' dir='ltr'>et</span> <span class='ocrx_word' id='word_1_180' title='bbox 630 1369 919 1408; x_wconf 88' lang='lat' dir='ltr'>innumerabilia</span> <span class='ocrx_word' id='word_1_181' title='bbox 937 1383 980 1408; x_wconf 76' lang='lat' dir='ltr'>ex</span> <span class='ocrx_word' id='word_1_182' title='bbox 998 1370 1132 1408; x_wconf 83' lang='lat' dir='ltr'>eodem</span> <span class='ocrx_word' id='word_1_183' title='bbox 1151 1383 1290 1420; x_wconf 75' lang='lat' dir='ltr'>genere</span> <span class='ocrx_word' id='word_1_184' title='bbox 1307 1370 1371 1420; x_wconf 89' lang='lat' dir='ltr'>qui</span> <span class='ocrx_word' id='word_1_185' title='bbox 1389 1371 1519 1417; x_wconf 84' lang='lat' dir='ltr'>videat,</span> 
     </span>
    </p>
   </div>
   <div class='ocr_carea' id='block_1_10' title="bbox 113 1424 898 1475">
    <p class='ocr_par' dir='ltr' id='par_1_10' title="bbox 113 1424 898 1475">
     <span class='ocr_line' id='line_1_24' title="bbox 113 1424 898 1475; baseline 0.003 -13"><span class='ocrx_word' id='word_1_186' title='bbox 113 1429 243 1463; x_wconf 84' lang='lat' dir='ltr'>nonne</span> <span class='ocrx_word' id='word_1_187' title='bbox 274 1431 432 1475; x_wconf 79' lang='lat' dir='ltr'>cogatur</span> <span class='ocrx_word' id='word_1_188' title='bbox 458 1425 632 1463; x_wconf 78' lang='lat' dir='ltr'>confiteri</span> <span class='ocrx_word' id='word_1_189' title='bbox 661 1425 754 1463; x_wconf 87' lang='lat' dir='ltr'>deos</span> <span class='ocrx_word' id='word_1_190' title='bbox 784 1424 898 1464; x_wconf 71' lang='lat' dir='ltr'>esse?</span> 
     </span>
    </p>
   </div>
   <div class='ocr_carea' id='block_1_11' title="bbox 954 1426 1518 1476">
    <p class='ocr_par' dir='ltr' id='par_1_11' title="bbox 954 1426 1518 1476">
     <span class='ocr_line' id='line_1_25' title="bbox 954 1426 1518 1476; baseline 0 -12"><span class='ocrx_word' id='word_1_191' title='bbox 954 1427 1130 1472; x_wconf 80' lang='lat' dir='ltr'>Quorum</span> <span class='ocrx_word' id='word_1_192' title='bbox 1159 1426 1260 1464; x_wconf 86' lang='lat' dir='ltr'>enim</span> <span class='ocrx_word' id='word_1_193' title='bbox 1289 1426 1518 1476; x_wconf 83' lang='lat' dir='ltr'>interpretes</span> 
     </span>
    </p>
   </div>
   <div class='ocr_carea' id='block_1_12' title="bbox 116 1481 1518 1587">
    <p class='ocr_par' dir='ltr' id='par_1_12' title="bbox 116 1481 1518 1587">
     <span class='ocr_line' id='line_1_26' title="bbox 116 1481 1518 1533; baseline 0.001 -15"><span class='ocrx_word' id='word_1_194' title='bbox 116 1486 217 1527; x_wconf 88' lang='lat' dir='ltr'>sunt,</span> <span class='ocrx_word' id='word_1_195' title='bbox 239 1494 306 1519; x_wconf 88' lang='lat' dir='ltr'>eos</span> <span class='ocrx_word' id='word_1_196' title='bbox 329 1481 437 1531; x_wconf 85' lang='lat' dir='ltr'>ipsos</span> <span class='ocrx_word' id='word_1_197' title='bbox 460 1494 545 1519; x_wconf 84' lang='lat' dir='ltr'>esse</span> <span class='ocrx_word' id='word_1_198' title='bbox 567 1487 667 1520; x_wconf 84' lang='lat' dir='ltr'>certe</span> <span class='ocrx_word' id='word_1_199' title='bbox 689 1493 846 1520; x_wconf 87' lang='lat' dir='ltr'>necesse</span> <span class='ocrx_word' id='word_1_200' title='bbox 867 1488 940 1520; x_wconf 86' lang='lat' dir='ltr'>est:</span> <span class='ocrx_word' id='word_1_201' title='bbox 964 1483 1124 1520; x_wconf 86' lang='lat' dir='ltr'>deorum</span> <span class='ocrx_word' id='word_1_202' title='bbox 1147 1489 1271 1520; x_wconf 84' lang='lat' dir='ltr'>autem</span> <span class='ocrx_word' id='word_1_203' title='bbox 1288 1482 1518 1533; x_wconf 88' lang='lat' dir='ltr'>interpretes</span> 
     </span>
     <span class='ocr_line' id='line_1_27' title="bbox 116 1537 1518 1587; baseline 0.002 -13"><span class='ocrx_word' id='word_1_204' title='bbox 116 1541 222 1574; x_wconf 81' lang='lat' dir='ltr'>sunt:</span> <span class='ocrx_word' id='word_1_205' title='bbox 247 1537 339 1575; x_wconf 85' lang='lat' dir='ltr'>deos</span> <span class='ocrx_word' id='word_1_206' title='bbox 362 1537 475 1587; x_wconf 80' lang='lat' dir='ltr'>igitur</span> <span class='ocrx_word' id='word_1_207' title='bbox 497 1550 581 1575; x_wconf 83' lang='lat' dir='ltr'>esse</span> <span class='ocrx_word' id='word_1_208' title='bbox 598 1538 797 1576; x_wconf 79' lang='lat' dir='ltr'>fateamur.</span> <span class='ocrx_word' id='word_1_209' title='bbox 839 1538 885 1577; x_wconf 88' lang='lat' dir='ltr'>At</span> <span class='ocrx_word' id='word_1_210' title='bbox 903 1540 1069 1577; x_wconf 83' lang='lat' dir='ltr'>fortasse</span> <span class='ocrx_word' id='word_1_211' title='bbox 1086 1551 1165 1576; x_wconf 88' lang='lat' dir='ltr'>non</span> <span class='ocrx_word' id='word_1_212' title='bbox 1184 1539 1313 1576; x_wconf 87' lang='lat' dir='ltr'>onmia</span> <span class='ocrx_word' id='word_1_213' title='bbox 1331 1539 1518 1585; x_wconf 84' lang='lat' dir='ltr'>eveniunt,</span> 
     </span>
    </p>
   </div>
   <div class='ocr_carea' id='block_1_13' title="bbox 112 1671 779 1982">
    <p class='ocr_par' dir='ltr' id='par_1_13' title="bbox 112 1671 779 1982">
     <span class='ocr_line' id='line_1_28' title="bbox 159 1671 778 1713; baseline 0 -11"><span class='ocrx_word' id='word_1_214' title='bbox 159 1681 242 1713; x_wconf 79' lang='lat' dir='ltr'>quos</span> <span class='ocrx_word' id='word_1_215' title='bbox 264 1671 309 1703; x_wconf 71' lang='lat' dir='ltr'>tal</span> <span class='ocrx_word' id='word_1_216' title='bbox 330 1671 461 1703; x_wconf 74' lang='lat' dir='ltr'>soleret.</span> <span class='ocrx_word' id='word_1_217' title='bbox 495 1671 577 1702; x_wconf 88' lang='lat' dir='ltr'>Eine</span> <span class='ocrx_word' id='word_1_218' title='bbox 603 1672 693 1703; x_wconf 82' lang='lat' dir='ltr'>nicht</span> <span class='ocrx_word' id='word_1_219' title='bbox 712 1673 778 1702; x_wconf 81' lang='lat' dir='ltr'>sel-</span> 
     </span>
     <span class='ocr_line' id='line_1_29' title="bbox 115 1716 779 1758; baseline 0 -11"><span class='ocrx_word' id='word_1_220' title='bbox 115 1721 190 1747; x_wconf 77' lang='lat' dir='ltr'>tene</span> <span class='ocrx_word' id='word_1_221' title='bbox 221 1716 428 1758; x_wconf 83' lang='lat' dir='ltr'>Anastrophe</span> <span class='ocrx_word' id='word_1_222' title='bbox 460 1717 518 1747; x_wconf 86' lang='lat' dir='ltr'>der</span> <span class='ocrx_word' id='word_1_223' title='bbox 549 1716 779 1758; x_wconf 85' lang='lat' dir='ltr'>Praeposition</span> 
     </span>
     <span class='ocr_line' id='line_1_30' title="bbox 115 1761 777 1803; baseline 0.002 -12"><span class='ocrx_word' id='word_1_224' title='bbox 115 1761 198 1792; x_wconf 85' lang='lat' dir='ltr'>heim</span> <span class='ocrx_word' id='word_1_225' title='bbox 227 1761 555 1803; x_wconf 79' lang='lat' dir='ltr'>Relativpronomen‚</span> <span class='ocrx_word' id='word_1_226' title='bbox 590 1762 653 1792; x_wconf 85' lang='lat' dir='ltr'>wie</span> <span class='ocrx_word' id='word_1_227' title='bbox 682 1772 777 1803; x_wconf 71' lang='lat' dir='ltr'>quem</span> 
     </span>
     <span class='ocr_line' id='line_1_31' title="bbox 112 1806 779 1848; baseline 0.001 -11"><span class='ocrx_word' id='word_1_228' title='bbox 112 1816 190 1848; x_wconf 78' lang='lat' dir='ltr'>per,</span> <span class='ocrx_word' id='word_1_229' title='bbox 221 1817 317 1848; x_wconf 77' lang='lat' dir='ltr'>quem</span> <span class='ocrx_word' id='word_1_230' title='bbox 346 1809 479 1845; x_wconf 74' lang='lat' dir='ltr'>contra,</span> <span class='ocrx_word' id='word_1_231' title='bbox 511 1817 592 1848; x_wconf 75' lang='lat' dir='ltr'>quos</span> <span class='ocrx_word' id='word_1_232' title='bbox 616 1806 779 1838; x_wconf 71' lang='lat' dir='ltr'>adversas</span> 
     </span>
     <span class='ocr_line' id='line_1_32' title="bbox 115 1850 778 1891; baseline 0.002 -11"><span class='ocrx_word' id='word_1_233' title='bbox 115 1851 179 1881; x_wconf 90' lang='lat' dir='ltr'>und</span> <span class='ocrx_word' id='word_1_234' title='bbox 220 1851 347 1891; x_wconf 78' lang='lat' dir='ltr'>dergl.,</span> <span class='ocrx_word' id='word_1_235' title='bbox 387 1861 506 1882; x_wconf 80' lang='lat' dir='ltr'>wovon</span> <span class='ocrx_word' id='word_1_236' title='bbox 547 1850 778 1882; x_wconf 79' lang='lat' dir='ltr'>Ciceronische</span> 
     </span>
     <span class='ocr_line' id='line_1_33' title="bbox 114 1894 778 1938; baseline 0.002 -13"><span class='ocrx_word' id='word_1_237' title='bbox 114 1894 222 1936; x_wconf 84' lang='lat' dir='ltr'>Beisp.</span> <span class='ocrx_word' id='word_1_238' title='bbox 241 1895 292 1926; x_wconf 86' lang='lat' dir='ltr'>boi</span> <span class='ocrx_word' id='word_1_239' title='bbox 312 1896 408 1926; x_wconf 87' lang='lat' dir='ltr'>Beier</span> <span class='ocrx_word' id='word_1_240' title='bbox 430 1896 470 1927; x_wconf 90' lang='lat' dir='ltr'>ad</span> <span class='ocrx_word' id='word_1_241' title='bbox 493 1895 534 1927; x_wconf 83' lang='lat' dir='ltr'>fr.</span> <span class='ocrx_word' id='word_1_242' title='bbox 553 1906 591 1926; x_wconf 91' lang='lat' dir='ltr'>or</span> <span class='ocrx_word' id='word_1_243' title='bbox 623 1906 671 1938; x_wconf 91' lang='lat' dir='ltr'>pr.</span> <span class='ocrx_word' id='word_1_244' title='bbox 690 1895 778 1927; x_wconf 88' lang='lat' dir='ltr'>Tull.</span> 
     </span>
     <span class='ocr_line' id='line_1_34' title="bbox 114 1939 777 1982; baseline 0.002 -12"><span class='ocrx_word' id='word_1_245' title='bbox 114 1950 143 1980; x_wconf 83' lang='lat' dir='ltr'>p.</span> <span class='ocrx_word' id='word_1_246' title='bbox 163 1940 203 1970; x_wconf 82' lang='lat'>57</span> <span class='ocrx_word' id='word_1_247' title='bbox 222 1951 253 1971; x_wconf 89' lang='lat' dir='ltr'>u.</span> <span class='ocrx_word' id='word_1_248' title='bbox 274 1939 406 1980; x_wconf 82' lang='lat' dir='ltr'>Madvig</span> <span class='ocrx_word' id='word_1_249' title='bbox 423 1951 463 1971; x_wconf 91' lang='lat' dir='ltr'>zu</span> <span class='ocrx_word' id='word_1_250' title='bbox 481 1941 520 1972; x_wconf 89' lang='lat' dir='ltr'>de</span> <span class='ocrx_word' id='word_1_251' title='bbox 538 1940 632 1972; x_wconf 87' lang='lat' dir='ltr'>Finn.</span> <span class='ocrx_word' id='word_1_252' title='bbox 652 1951 681 1982; x_wconf 88' lang='lat' dir='ltr'>p.</span> <span class='ocrx_word' id='word_1_253' title='bbox 701 1940 777 1972; x_wconf 76' lang='lat'>549.</span> 
     </span>
    </p>
   </div>
   <div class='ocr_carea' id='block_1_14' title="bbox 114 2000 779 2121">
    <p class='ocr_par' dir='ltr' id='par_1_14' title="bbox 114 2000 779 2121">
     <span class='ocr_line' id='line_1_35' title="bbox 162 2000 777 2044; baseline 0.002 -14"><span class='ocrx_word' id='word_1_254' title='bbox 162 2000 212 2031; x_wconf 91' lang='lat'>11.</span> <span class='ocrx_word' id='word_1_255' title='bbox 239 2012 283 2032; x_wconf 71' lang='lat' dir='ltr'>ex</span> <span class='ocrx_word' id='word_1_256' title='bbox 303 2002 490 2044; x_wconf 71' lang='lat' dir='ltr'>provincia:</span> <span class='ocrx_word' id='word_1_257' title='bbox 515 2011 574 2032; x_wconf 90' lang='lat' dir='ltr'>aus</span> <span class='ocrx_word' id='word_1_258' title='bbox 595 2001 777 2042; x_wconf 84' lang='lat' dir='ltr'>Sardinien,</span> 
     </span>
     <span class='ocr_line' id='line_1_36' title="bbox 114 2045 779 2086; baseline 0.003 -12"><span class='ocrx_word' id='word_1_259' title='bbox 114 2045 220 2076; x_wconf 84' lang='lat' dir='ltr'>wohin</span> <span class='ocrx_word' id='word_1_260' title='bbox 254 2056 291 2076; x_wconf 85' lang='lat' dir='ltr'>er</span> <span class='ocrx_word' id='word_1_261' title='bbox 318 2046 368 2077; x_wconf 84' lang='lat' dir='ltr'>als</span> <span class='ocrx_word' id='word_1_262' title='bbox 398 2046 580 2077; x_wconf 89' lang='lat' dir='ltr'>Proconsul</span> <span class='ocrx_word' id='word_1_263' title='bbox 609 2046 779 2086; x_wconf 81' lang='lat' dir='ltr'>geschickt</span> 
     </span>
     <span class='ocr_line' id='line_1_37' title="bbox 114 2099 195 2121; baseline 0.012 -1"><span class='ocrx_word' id='word_1_264' title='bbox 114 2099 195 2121; x_wconf 83' lang='lat' dir='ltr'>war.</span> 
     </span>
    </p>
   </div>
   <div class='ocr_carea' id='block_1_15' title="bbox 114 2150 781 2416">
    <p class='ocr_par' dir='ltr' id='par_1_15' title="bbox 114 2150 781 2416">
     <span class='ocr_line' id='line_1_38' title="bbox 158 2150 779 2192; baseline 0 -10"><span class='ocrx_word' id='word_1_265' title='bbox 158 2150 203 2182; x_wconf 89' lang='lat' dir='ltr'>ad</span> <span class='ocrx_word' id='word_1_266' title='bbox 213 2151 392 2192; x_wconf 74' lang='lat' dir='ltr'>collegium</span> <span class='ocrx_word' id='word_1_267' title='bbox 406 2150 477 2182; x_wconf 85' lang='lat' dir='ltr'>scil.</span> <span class='ocrx_word' id='word_1_268' title='bbox 491 2161 674 2192; x_wconf 73' lang='lat' dir='ltr'>aug-urum,</span> <span class='ocrx_word' id='word_1_269' title='bbox 684 2161 779 2182; x_wconf 82' lang='lat' dir='ltr'>wozu</span> 
     </span>
     <span class='ocr_line' id='line_1_39' title="bbox 117 2195 779 2236; baseline 0.002 -10"><span class='ocrx_word' id='word_1_270' title='bbox 117 2205 153 2226; x_wconf 84' lang='lat' dir='ltr'>er</span> <span class='ocrx_word' id='word_1_271' title='bbox 170 2195 276 2227; x_wconf 85' lang='lat' dir='ltr'>selbst</span> <span class='ocrx_word' id='word_1_272' title='bbox 292 2196 442 2236; x_wconf 73' lang='lat' dir='ltr'>geliiirte.</span> <span class='ocrx_word' id='word_1_273' title='bbox 468 2197 507 2227; x_wconf 88' lang='lat' dir='ltr'>de</span> <span class='ocrx_word' id='word_1_274' title='bbox 521 2195 595 2227; x_wconf 82' lang='lat' dir='ltr'>Div.</span> <span class='ocrx_word' id='word_1_275' title='bbox 614 2196 634 2235; x_wconf 84' lang='lat' dir='ltr'>l,</span> <span class='ocrx_word' id='word_1_276' title='bbox 656 2196 713 2235; x_wconf 67' lang='lat'>17,</span> <span class='ocrx_word' id='word_1_277' title='bbox 726 2196 779 2227; x_wconf 87' lang='lat'>33.</span> 
     </span>
     <span class='ocr_line' id='line_1_40' title="bbox 114 2240 781 2282; baseline 0 -10"><span class='ocrx_word' id='word_1_278' title='bbox 114 2259 152 2262; x_wconf 75' lang='lat'>-</span> <span class='ocrx_word' id='word_1_279' title='bbox 181 2240 284 2272; x_wconf 78' lang='lat' dir='ltr'>libros</span> <span class='ocrx_word' id='word_1_280' title='bbox 307 2251 353 2271; x_wconf 77' lang='lat' dir='ltr'>se.</span> <span class='ocrx_word' id='word_1_281' title='bbox 378 2240 578 2282; x_wconf 76' lang='lat' dir='ltr'>augurales,</span> <span class='ocrx_word' id='word_1_282' title='bbox 602 2241 653 2271; x_wconf 83' lang='lat' dir='ltr'>die</span> <span class='ocrx_word' id='word_1_283' title='bbox 670 2242 781 2272; x_wconf 84' lang='lat' dir='ltr'>wahr-</span> 
     </span>
     <span class='ocr_line' id='line_1_41' title="bbox 115 2285 780 2325; baseline 0.002 -10"><span class='ocrx_word' id='word_1_284' title='bbox 115 2285 289 2317; x_wconf 87' lang='lat' dir='ltr'>scheinlich</span> <span class='ocrx_word' id='word_1_285' title='bbox 331 2285 675 2325; x_wconf 85' lang='lat' dir='ltr'>Zusammenstellung</span> <span class='ocrx_word' id='word_1_286' title='bbox 721 2286 780 2316; x_wconf 87' lang='lat' dir='ltr'>der</span> 
     </span>
     <span class='ocr_line' id='line_1_42' title="bbox 114 2329 778 2371; baseline 0.002 -11"><span class='ocrx_word' id='word_1_287' title='bbox 114 2329 203 2361; x_wconf 83' lang='lat' dir='ltr'>alten</span> <span class='ocrx_word' id='word_1_288' title='bbox 225 2329 349 2371; x_wconf 85' lang='lat' dir='ltr'>Regeln</span> <span class='ocrx_word' id='word_1_289' title='bbox 374 2331 439 2361; x_wconf 92' lang='lat' dir='ltr'>und</span> <span class='ocrx_word' id='word_1_290' title='bbox 456 2330 610 2362; x_wconf 82' lang='lat' dir='ltr'>Formeln</span> <span class='ocrx_word' id='word_1_291' title='bbox 634 2330 693 2362; x_wconf 85' lang='lat' dir='ltr'>mit</span> <span class='ocrx_word' id='word_1_292' title='bbox 716 2331 778 2361; x_wconf 89' lang='lat' dir='ltr'>Er-</span> 
     </span>
     <span class='ocr_line' id='line_1_43' title="bbox 115 2373 780 2416; baseline 0.003 -12"><span class='ocrx_word' id='word_1_293' title='bbox 115 2373 295 2416; x_wconf 66' lang='lat' dir='ltr'>kliirungen</span> <span class='ocrx_word' id='word_1_294' title='bbox 320 2375 490 2406; x_wconf 84' lang='lat' dir='ltr'>einzelner</span> <span class='ocrx_word' id='word_1_295' title='bbox 512 2375 682 2416; x_wconf 81' lang='lat' dir='ltr'>gelehrter</span> <span class='ocrx_word' id='word_1_296' title='bbox 701 2375 780 2406; x_wconf 86' lang='lat' dir='ltr'>Mit-</span> 
     </span>
    </p>
   </div>
   <div class='ocr_carea' id='block_1_16' title="bbox 117 2418 782 2506">
    <p class='ocr_par' dir='ltr' id='par_1_16' title="bbox 117 2418 782 2506">
     <span class='ocr_line' id='line_1_44' title="bbox 117 2418 782 2458; baseline 0.003 -8"><span class='ocrx_word' id='word_1_297' title='bbox 117 2418 242 2458; x_wconf 83' lang='lat' dir='ltr'>glieder</span> <span class='ocrx_word' id='word_1_298' title='bbox 281 2420 473 2452; x_wconf 82' lang='lat' dir='ltr'>enthielten.</span> <span class='ocrx_word' id='word_1_299' title='bbox 542 2420 782 2452; x_wconf 68' lang='lat' dir='ltr'>commentarii</span> 
     </span>
     <span class='ocr_line' id='line_1_45' title="bbox 118 2463 663 2506; baseline 0.006 -13"><span class='ocrx_word' id='word_1_300' title='bbox 118 2463 248 2496; x_wconf 84' lang='lat' dir='ltr'>heissen</span> <span class='ocrx_word' id='word_1_301' title='bbox 266 2465 313 2496; x_wconf 87' lang='lat' dir='ltr'>sie</span> <span class='ocrx_word' id='word_1_302' title='bbox 332 2466 371 2496; x_wconf 83' lang='lat' dir='ltr'>de</span> <span class='ocrx_word' id='word_1_303' title='bbox 390 2465 462 2497; x_wconf 85' lang='lat' dir='ltr'>Div.</span> <span class='ocrx_word' id='word_1_304' title='bbox 481 2464 519 2506; x_wconf 79' lang='lat'>11,</span> <span class='ocrx_word' id='word_1_305' title='bbox 541 2465 591 2506; x_wconf 75' lang='lat'>18,</span> <span class='ocrx_word' id='word_1_306' title='bbox 611 2465 663 2496; x_wconf 81' lang='lat'>42.</span> 
     </span>
    </p>
   </div>
   <div class='ocr_carea' id='block_1_17' title="bbox 117 2525 779 2657">
    <p class='ocr_par' dir='ltr' id='par_1_17' title="bbox 117 2525 779 2657">
     <span class='ocr_line' id='line_1_46' title="bbox 162 2525 778 2569; baseline 0.006 -15"><span class='ocrx_word' id='word_1_307' title='bbox 162 2525 242 2555; x_wconf 73' lang='lat' dir='ltr'>vitio</span> <span class='ocrx_word' id='word_1_308' title='bbox 270 2526 335 2556; x_wconf 75' lang='lat' dir='ltr'>sibi</span> <span class='ocrx_word' id='word_1_309' title='bbox 357 2526 608 2558; x_wconf 75' lang='lat' dir='ltr'>tabernaculum</span> <span class='ocrx_word' id='word_1_310' title='bbox 632 2530 778 2569; x_wconf 71' lang='lat' dir='ltr'>captum.</span> 
     </span>
     <span class='ocr_line' id='line_1_47' title="bbox 119 2566 779 2611; baseline 0.006 -13"><span class='ocrx_word' id='word_1_311' title='bbox 119 2566 177 2599; x_wconf 87' lang='lat' dir='ltr'>Um</span> <span class='ocrx_word' id='word_1_312' title='bbox 201 2569 251 2600; x_wconf 83' lang='lat' dir='ltr'>die</span> <span class='ocrx_word' id='word_1_313' title='bbox 268 2569 442 2611; x_wconf 86' lang='lat' dir='ltr'>Auspicien</span> <span class='ocrx_word' id='word_1_314' title='bbox 461 2570 515 2602; x_wconf 84' lang='lat' dir='ltr'>l&#39;iir</span> <span class='ocrx_word' id='word_1_315' title='bbox 534 2571 779 2603; x_wconf 73' lang='lat' dir='ltr'>die&#39;bevorste-</span> 
     </span>
     <span class='ocr_line' id='line_1_48' title="bbox 117 2612 779 2657; baseline 0.008 -15"><span class='ocrx_word' id='word_1_316' title='bbox 117 2612 221 2644; x_wconf 84' lang='lat' dir='ltr'>hende</span> <span class='ocrx_word' id='word_1_317' title='bbox 245 2613 589 2657; x_wconf 76' lang='lat' dir='ltr'>Wahlversammlung</span> <span class='ocrx_word' id='word_1_318' title='bbox 612 2627 653 2647; x_wconf 89' lang='lat' dir='ltr'>zu</span> <span class='ocrx_word' id='word_1_319' title='bbox 678 2616 779 2648; x_wconf 87' lang='lat' dir='ltr'>beob-</span> 
     </span>
    </p>
   </div>
   <div class='ocr_carea' id='block_1_18' title="bbox 851 1673 1525 2656">
    <p class='ocr_par' dir='ltr' id='par_1_18' title="bbox 851 1673 1525 2656">
     <span class='ocr_line' id='line_1_49' title="bbox 852 1673 1519 1713; baseline 0.001 -10"><span class='ocrx_word' id='word_1_320' title='bbox 852 1674 986 1711; x_wconf 87' lang='lat' dir='ltr'>achten,</span> <span class='ocrx_word' id='word_1_321' title='bbox 1012 1673 1114 1713; x_wconf 79' lang='lat' dir='ltr'>begab</span> <span class='ocrx_word' id='word_1_322' title='bbox 1140 1673 1207 1704; x_wconf 77' lang='lat' dir='ltr'>sich</span> <span class='ocrx_word' id='word_1_323' title='bbox 1231 1673 1290 1703; x_wconf 81' lang='lat' dir='ltr'>der</span> <span class='ocrx_word' id='word_1_324' title='bbox 1307 1673 1519 1704; x_wconf 73' lang='lat' dir='ltr'>vorsitzende</span> 
     </span>
     <span class='ocr_line' id='line_1_50' title="bbox 853 1717 1525 1758; baseline 0.001 -10"><span class='ocrx_word' id='word_1_325' title='bbox 853 1717 1029 1758; x_wconf 80' lang='lat' dir='ltr'>Magistrat</span> <span class='ocrx_word' id='word_1_326' title='bbox 1046 1718 1119 1749; x_wconf 90' lang='lat' dir='ltr'>bald</span> <span class='ocrx_word' id='word_1_327' title='bbox 1138 1719 1218 1748; x_wconf 85' lang='lat' dir='ltr'>nach</span> <span class='ocrx_word' id='word_1_328' title='bbox 1233 1717 1448 1749; x_wconf 83' lang='lat' dir='ltr'>Mitternaeht</span> <span class='ocrx_word' id='word_1_329' title='bbox 1465 1718 1525 1749; x_wconf 85' lang='lat' dir='ltr'>aus</span> 
     </span>
     <span class='ocr_line' id='line_1_51' title="bbox 853 1762 1519 1804; baseline 0 -11"><span class='ocrx_word' id='word_1_330' title='bbox 853 1763 947 1793; x_wconf 88' lang='lat' dir='ltr'>einen</span> <span class='ocrx_word' id='word_1_331' title='bbox 963 1763 1144 1804; x_wconf 86' lang='lat' dir='ltr'>passenden</span> <span class='ocrx_word' id='word_1_332' title='bbox 1160 1763 1221 1793; x_wconf 87' lang='lat' dir='ltr'>srei</span> <span class='ocrx_word' id='word_1_333' title='bbox 1235 1763 1415 1803; x_wconf 85' lang='lat' dir='ltr'>gelegenen</span> <span class='ocrx_word' id='word_1_334' title='bbox 1426 1762 1519 1794; x_wconf 88' lang='lat' dir='ltr'>Platz</span> 
     </span>
     <span class='ocr_line' id='line_1_52' title="bbox 852 1807 1519 1839; baseline 0 -1"><span class='ocrx_word' id='word_1_335' title='bbox 852 1818 914 1838; x_wconf 77' lang='lat' dir='ltr'>vor</span> <span class='ocrx_word' id='word_1_336' title='bbox 928 1808 987 1838; x_wconf 84' lang='lat' dir='ltr'>der</span> <span class='ocrx_word' id='word_1_337' title='bbox 997 1808 1092 1838; x_wconf 80' lang='lat' dir='ltr'>stadt</span> <span class='ocrx_word' id='word_1_338' title='bbox 1106 1808 1136 1838; x_wconf 94' lang='lat' dir='ltr'>in</span> <span class='ocrx_word' id='word_1_339' title='bbox 1151 1808 1202 1838; x_wconf 90' lang='lat' dir='ltr'>ein</span> <span class='ocrx_word' id='word_1_340' title='bbox 1212 1808 1385 1839; x_wconf 86' lang='lat' dir='ltr'>zudiesem</span> <span class='ocrx_word' id='word_1_341' title='bbox 1396 1807 1519 1838; x_wconf 77' lang='lat' dir='ltr'>Zweck</span> 
     </span>
     <span class='ocr_line' id='line_1_53' title="bbox 851 1851 1520 1892; baseline 0 -9"><span class='ocrx_word' id='word_1_342' title='bbox 851 1852 1144 1892; x_wconf 77' lang='lat' dir='ltr'>aut&#39;gesehlagcnes</span> <span class='ocrx_word' id='word_1_343' title='bbox 1159 1851 1250 1883; x_wconf 85' lang='lat' dir='ltr'>Zelt:</span> <span class='ocrx_word' id='word_1_344' title='bbox 1268 1852 1520 1884; x_wconf 74' lang='lat' dir='ltr'>tabernaculam</span> 
     </span>
     <span class='ocr_line' id='line_1_54' title="bbox 853 1896 1522 1940; baseline 0 -12"><span class='ocrx_word' id='word_1_345' title='bbox 853 1907 981 1940; x_wconf 75' lang='lat' dir='ltr'>capere.</span> <span class='ocrx_word' id='word_1_346' title='bbox 1015 1897 1105 1928; x_wconf 80' lang='lat' dir='ltr'>Aber</span> <span class='ocrx_word' id='word_1_347' title='bbox 1123 1908 1158 1928; x_wconf 78' lang='lat' dir='ltr'>es</span> <span class='ocrx_word' id='word_1_348' title='bbox 1178 1896 1346 1937; x_wconf 74' lang='lat' dir='ltr'>hedui-ste,</span> <span class='ocrx_word' id='word_1_349' title='bbox 1370 1907 1465 1928; x_wconf 81' lang='lat' dir='ltr'>wenn</span> <span class='ocrx_word' id='word_1_350' title='bbox 1484 1908 1522 1928; x_wconf 87' lang='lat' dir='ltr'>er</span> 
     </span>
     <span class='ocr_line' id='line_1_55' title="bbox 853 1942 1521 1983; baseline 0 -10"><span class='ocrx_word' id='word_1_351' title='bbox 853 1942 920 1973; x_wconf 87' lang='lat' dir='ltr'>sich</span> <span class='ocrx_word' id='word_1_352' title='bbox 944 1942 1038 1973; x_wconf 88' lang='lat' dir='ltr'>dahin</span> <span class='ocrx_word' id='word_1_353' title='bbox 1064 1942 1180 1983; x_wconf 84' lang='lat' dir='ltr'>begab,</span> <span class='ocrx_word' id='word_1_354' title='bbox 1207 1942 1258 1972; x_wconf 88' lang='lat' dir='ltr'>bei</span> <span class='ocrx_word' id='word_1_355' title='bbox 1285 1942 1521 1974; x_wconf 79' lang='lat' dir='ltr'>Ueberschrei-</span> 
     </span>
     <span class='ocr_line' id='line_1_56' title="bbox 853 1987 1522 2030; baseline 0.001 -13"><span class='ocrx_word' id='word_1_356' title='bbox 853 1992 934 2027; x_wconf 79' lang='lat' dir='ltr'>tung</span> <span class='ocrx_word' id='word_1_357' title='bbox 957 1987 1014 2017; x_wconf 82' lang='lat' dir='ltr'>des</span> <span class='ocrx_word' id='word_1_358' title='bbox 1037 1989 1248 2030; x_wconf 76' lang='lat' dir='ltr'>pomoerium</span> <span class='ocrx_word' id='word_1_359' title='bbox 1275 1988 1356 2018; x_wconf 83' lang='lat' dir='ltr'>oder</span> <span class='ocrx_word' id='word_1_360' title='bbox 1379 1988 1437 2018; x_wconf 87' lang='lat' dir='ltr'>des</span> <span class='ocrx_word' id='word_1_361' title='bbox 1462 1987 1522 2018; x_wconf 79' lang='lat' dir='ltr'>Be-</span> 
     </span>
     <span class='ocr_line' id='line_1_57' title="bbox 854 2032 1520 2073; baseline 0.002 -11"><span class='ocrx_word' id='word_1_362' title='bbox 854 2032 981 2063; x_wconf 81' lang='lat' dir='ltr'>reiehes</span> <span class='ocrx_word' id='word_1_363' title='bbox 1005 2032 1298 2073; x_wconf 78' lang='lat' dir='ltr'>dei-Stadtinauer,</span> <span class='ocrx_word' id='word_1_364' title='bbox 1324 2033 1520 2072; x_wconf 72' lang='lat' dir='ltr'>gewabren-</span> 
     </span>
     <span class='ocr_line' id='line_1_58' title="bbox 852 2076 1520 2115; baseline 0.001 -8"><span class='ocrx_word' id='word_1_365' title='bbox 852 2077 911 2107; x_wconf 86' lang='lat' dir='ltr'>der</span> <span class='ocrx_word' id='word_1_366' title='bbox 925 2076 1087 2115; x_wconf 75' lang='lat' dir='ltr'>Zeiehen3</span> <span class='ocrx_word' id='word_1_367' title='bbox 1106 2078 1170 2108; x_wconf 92' lang='lat' dir='ltr'>und</span> <span class='ocrx_word' id='word_1_368' title='bbox 1188 2078 1271 2107; x_wconf 89' lang='lat' dir='ltr'>ohne</span> <span class='ocrx_word' id='word_1_369' title='bbox 1290 2078 1380 2108; x_wconf 85' lang='lat' dir='ltr'>diese</span> <span class='ocrx_word' id='word_1_370' title='bbox 1399 2078 1520 2108; x_wconf 79' lang='lat' dir='ltr'>konntc</span> 
     </span>
     <span class='ocr_line' id='line_1_59' title="bbox 853 2122 1520 2153; baseline 0 -1"><span class='ocrx_word' id='word_1_371' title='bbox 853 2132 890 2152; x_wconf 87' lang='lat' dir='ltr'>er</span> <span class='ocrx_word' id='word_1_372' title='bbox 913 2122 970 2153; x_wconf 89' lang='lat' dir='ltr'>das</span> <span class='ocrx_word' id='word_1_373' title='bbox 995 2122 1248 2153; x_wconf 68' lang='lat' dir='ltr'>tabernaculum,</span> <span class='ocrx_word' id='word_1_374' title='bbox 1272 2122 1361 2153; x_wconf 85' lang='lat' dir='ltr'>nicht</span> <span class='ocrx_word' id='word_1_375' title='bbox 1385 2124 1449 2153; x_wconf 74' lang='lat' dir='ltr'>rite</span> <span class='ocrx_word' id='word_1_376' title='bbox 1463 2122 1520 2152; x_wconf 88' lang='lat' dir='ltr'>be-</span> 
     </span>
     <span class='ocr_line' id='line_1_60' title="bbox 852 2166 1520 2207; baseline 0 -10"><span class='ocrx_word' id='word_1_377' title='bbox 852 2167 976 2197; x_wconf 85' lang='lat' dir='ltr'>ziehen.</span> <span class='ocrx_word' id='word_1_378' title='bbox 1026 2166 1099 2198; x_wconf 87' lang='lat' dir='ltr'>Nun</span> <span class='ocrx_word' id='word_1_379' title='bbox 1134 2167 1223 2197; x_wconf 85' lang='lat' dir='ltr'>hatte</span> <span class='ocrx_word' id='word_1_380' title='bbox 1255 2166 1439 2207; x_wconf 75' lang='lat' dir='ltr'>Gracchus,</span> <span class='ocrx_word' id='word_1_381' title='bbox 1470 2166 1520 2198; x_wconf 89' lang='lat' dir='ltr'>als</span> 
     </span>
     <span class='ocr_line' id='line_1_61' title="bbox 853 2211 1519 2251; baseline 0 -9"><span class='ocrx_word' id='word_1_382' title='bbox 853 2222 890 2242; x_wconf 88' lang='lat' dir='ltr'>er</span> <span class='ocrx_word' id='word_1_383' title='bbox 919 2212 999 2242; x_wconf 85' lang='lat' dir='ltr'>nach</span> <span class='ocrx_word' id='word_1_384' title='bbox 1030 2211 1089 2241; x_wconf 83' lang='lat' dir='ltr'>der</span> <span class='ocrx_word' id='word_1_385' title='bbox 1113 2215 1225 2241; x_wconf 83' lang='lat' dir='ltr'>ersten</span> <span class='ocrx_word' id='word_1_386' title='bbox 1252 2211 1439 2251; x_wconf 81' lang='lat' dir='ltr'>Beziehung</span> <span class='ocrx_word' id='word_1_387' title='bbox 1462 2211 1519 2242; x_wconf 85' lang='lat' dir='ltr'>des</span> 
     </span>
     <span class='ocr_line' id='line_1_62' title="bbox 854 2255 1520 2287; baseline 0 0"><span class='ocrx_word' id='word_1_388' title='bbox 854 2256 1106 2287; x_wconf 76' lang='lat' dir='ltr'>tabernaeulmn</span> <span class='ocrx_word' id='word_1_389' title='bbox 1130 2255 1160 2286; x_wconf 90' lang='lat' dir='ltr'>in</span> <span class='ocrx_word' id='word_1_390' title='bbox 1185 2256 1234 2286; x_wconf 86' lang='lat' dir='ltr'>die</span> <span class='ocrx_word' id='word_1_391' title='bbox 1257 2255 1353 2287; x_wconf 86' lang='lat' dir='ltr'>Stadt</span> <span class='ocrx_word' id='word_1_392' title='bbox 1378 2256 1520 2287; x_wconf 87' lang='lat' dir='ltr'>zuriiek—</span> 
     </span>
     <span class='ocr_line' id='line_1_63' title="bbox 853 2300 1519 2342; baseline 0.002 -11"><span class='ocrx_word' id='word_1_393' title='bbox 853 2311 1019 2341; x_wconf 80' lang='lat' dir='ltr'>gegangen</span> <span class='ocrx_word' id='word_1_394' title='bbox 1039 2310 1117 2342; x_wconf 84' lang='lat' dir='ltr'>war,</span> <span class='ocrx_word' id='word_1_395' title='bbox 1141 2301 1283 2331; x_wconf 85' lang='lat' dir='ltr'>nachher</span> <span class='ocrx_word' id='word_1_396' title='bbox 1299 2300 1351 2331; x_wconf 85' lang='lat' dir='ltr'>bei</span> <span class='ocrx_word' id='word_1_397' title='bbox 1369 2301 1519 2332; x_wconf 84' lang='lat' dir='ltr'>aberma—</span> 
     </span>
     <span class='ocr_line' id='line_1_64' title="bbox 852 2345 1521 2389; baseline 0 -12"><span class='ocrx_word' id='word_1_398' title='bbox 852 2346 937 2385; x_wconf 80' lang='lat' dir='ltr'>liger</span> <span class='ocrx_word' id='word_1_399' title='bbox 966 2345 1266 2384; x_wconf 84' lang='lat' dir='ltr'>Ueberschreitung</span> <span class='ocrx_word' id='word_1_400' title='bbox 1301 2345 1358 2376; x_wconf 85' lang='lat' dir='ltr'>des</span> <span class='ocrx_word' id='word_1_401' title='bbox 1386 2356 1521 2389; x_wconf 83' lang='lat' dir='ltr'>pomoe-</span> 
     </span>
     <span class='ocr_line' id='line_1_65' title="bbox 854 2389 1518 2431; baseline 0 -9"><span class='ocrx_word' id='word_1_402' title='bbox 854 2392 945 2423; x_wconf 74' lang='lat' dir='ltr'>rium</span> <span class='ocrx_word' id='word_1_403' title='bbox 984 2390 1205 2431; x_wconf 76' lang='lat' dir='ltr'>gew&#39;dhrendc</span> <span class='ocrx_word' id='word_1_404' title='bbox 1234 2389 1377 2421; x_wconf 86' lang='lat' dir='ltr'>Zeiehen</span> <span class='ocrx_word' id='word_1_405' title='bbox 1418 2390 1518 2422; x_wconf 75' lang='lat' dir='ltr'>abzu—</span> 
     </span>
     <span class='ocr_line' id='line_1_66' title="bbox 852 2435 1521 2475; baseline -0.001 -8"><span class='ocrx_word' id='word_1_406' title='bbox 852 2441 981 2467; x_wconf 84' lang='lat' dir='ltr'>warten</span> <span class='ocrx_word' id='word_1_407' title='bbox 1004 2435 1190 2467; x_wconf 77' lang='lat' dir='ltr'>vers&#39;aunit:</span> <span class='ocrx_word' id='word_1_408' title='bbox 1218 2435 1319 2466; x_wconf 82' lang='lat' dir='ltr'>daher</span> <span class='ocrx_word' id='word_1_409' title='bbox 1342 2445 1412 2466; x_wconf 86' lang='lat' dir='ltr'>war</span> <span class='ocrx_word' id='word_1_410' title='bbox 1430 2435 1521 2475; x_wconf 82' lang='lat' dir='ltr'>jetzt</span> 
     </span>
     <span class='ocr_line' id='line_1_67' title="bbox 853 2480 1518 2523; baseline -0.002 -11"><span class='ocrx_word' id='word_1_411' title='bbox 853 2482 911 2512; x_wconf 86' lang='lat' dir='ltr'>das</span> <span class='ocrx_word' id='word_1_412' title='bbox 959 2480 1211 2513; x_wconf 68' lang='lat' dir='ltr'>tabemeaeulmn</span> <span class='ocrx_word' id='word_1_413' title='bbox 1253 2482 1332 2511; x_wconf 73' lang='lat' dir='ltr'>vitio</span> <span class='ocrx_word' id='word_1_414' title='bbox 1373 2483 1518 2523; x_wconf 76' lang='lat' dir='ltr'>captum.</span> 
     </span>
     <span class='ocr_line' id='line_1_68' title="bbox 852 2524 1520 2566; baseline -0.001 -9"><span class='ocrx_word' id='word_1_415' title='bbox 852 2525 929 2566; x_wconf 82' lang='lat' dir='ltr'>Vgl.</span> <span class='ocrx_word' id='word_1_416' title='bbox 960 2526 999 2557; x_wconf 86' lang='lat' dir='ltr'>de</span> <span class='ocrx_word' id='word_1_417' title='bbox 1029 2526 1136 2556; x_wconf 83' lang='lat' dir='ltr'>Divin.</span> <span class='ocrx_word' id='word_1_418' title='bbox 1168 2525 1191 2564; x_wconf 87' lang='lat' dir='ltr'>l,</span> <span class='ocrx_word' id='word_1_419' title='bbox 1225 2525 1275 2564; x_wconf 80' lang='lat'>17,</span> <span class='ocrx_word' id='word_1_420' title='bbox 1306 2524 1421 2555; x_wconf 83' lang='lat'>33.—</span> <span class='ocrx_word' id='word_1_421' title='bbox 1461 2525 1520 2556; x_wconf 85' lang='lat' dir='ltr'>Die</span> 
     </span>
     <span class='ocr_line' id='line_1_69' title="bbox 852 2569 1519 2613; baseline -0.001 -11"><span class='ocrx_word' id='word_1_422' title='bbox 852 2570 1010 2613; x_wconf 87' lang='lat' dir='ltr'>Praepos.</span> <span class='ocrx_word' id='word_1_423' title='bbox 1051 2581 1113 2602; x_wconf 85' lang='lat' dir='ltr'>vor</span> <span class='ocrx_word' id='word_1_424' title='bbox 1150 2570 1265 2602; x_wconf 76' lang='lat' dir='ltr'>hortos</span> <span class='ocrx_word' id='word_1_425' title='bbox 1302 2569 1386 2602; x_wconf 85' lang='lat' dir='ltr'>fehlt</span> <span class='ocrx_word' id='word_1_426' title='bbox 1418 2569 1450 2601; x_wconf 91' lang='lat' dir='ltr'>in</span> <span class='ocrx_word' id='word_1_427' title='bbox 1489 2570 1519 2601; x_wconf 91' lang='lat' dir='ltr'>d.</span> 
     </span>
     <span class='ocr_line' id='line_1_70' title="bbox 853 2615 1452 2656; baseline -0.002 -9"><span class='ocrx_word' id='word_1_428' title='bbox 853 2616 1011 2655; x_wconf 85' lang='lat' dir='ltr'>Hdschr.;</span> <span class='ocrx_word' id='word_1_429' title='bbox 1030 2616 1136 2656; x_wconf 84' lang='lat' dir='ltr'>einige</span> <span class='ocrx_word' id='word_1_430' title='bbox 1155 2615 1258 2647; x_wconf 86' lang='lat' dir='ltr'>haben</span> <span class='ocrx_word' id='word_1_431' title='bbox 1275 2617 1307 2647; x_wconf 82' lang='lat' dir='ltr'>z&#39;n</span> <span class='ocrx_word' id='word_1_432' title='bbox 1325 2615 1452 2648; x_wconf 76' lang='lat' dir='ltr'>hortos.</span> 
     </span>
    </p>
   </div>
  </div>
 </body>
</html>
