1684 2819
129 546 153 583 6

113 777 152 808 27

116 1115 157 1147 28

187 161 262 199 170
753 155 809 188 DE
835 153 1015 188 OFFICHS

181 262 294 301 etiam
320 259 548 304 liberorum,
581 258 912 310 propinquorum,
948 256 1180 302 amicorum,
1210 267 1324 307 quam
1353 256 1476 295 facere
1504 255 1586 294 cui-

181 330 295 369 quam
314 328 504 355 minuam
542 315 581 353 Si
596 315 688 353 nihil
705 314 895 353 existimat
911 318 1043 352 contra
1063 317 1238 351 naturam
1261 313 1341 351 fieri
1363 311 1587 351 hominihus

183 373 380 419 violandis,
397 371 485 423 quid
507 384 594 410 cum
616 383 661 409 eo
677 371 859 418 dissems,
876 370 940 422 qui
964 369 1124 408 omnino
1145 368 1344 407 hominem
1366 382 1410 408 ex
1431 368 1589 408 homine

183 428 316 469 tollat?
358 428 426 468 Sin
454 428 675 479 fugiendum
704 427 739 466 id
769 427 923 478 quidem
953 430 1100 472 censet,
1131 424 1197 463 sed
1220 425 1340 463 multo
1364 424 1422 464 illa
1444 426 1588 476 peiora,

183 491 361 532 mortem,
383 490 659 536 paupertatem,
683 484 870 529 dolorem,
894 488 994 521 errat
1015 482 1053 520 in
1074 493 1131 528 e0,
1153 481 1257 532 quod
1277 481 1395 520 ullum
1417 487 1481 520 aut
1501 493 1588 520 cor-

185 542 290 594 poris
324 546 387 580 aut
421 542 597 579 fortunae
631 540 763 579 vitium
793 540 892 579 vitiis
920 538 1038 577 animi
1065 537 1217 589 gratius
1244 537 1446 576 existimat.
1487 537 1589 588 Ergo

182 612 303 638 unuin
326 598 450 636 dehet
459 609 544 635 esse
564 597 743 636 omnihus
760 596 1020 648 propositum,
1044 600 1084 633 ut
1101 594 1234 633 eadem
1253 594 1302 633 sit
1319 593 1457 632 utilitas
1474 593 1590 633 unius

185 656 367 706 (uiasque
397 660 433 692 et
459 654 748 699 universor,um
777 665 890 704 quam
920 652 950 690 si
975 651 1019 690 ad
1044 662 1085 689 se
1107 650 1268 701 quisque
1290 649 1425 702 rapiet,
1448 649 1591 689 dissol-

184 718 291 751 vetur
315 710 441 749 omnis
465 711 631 749 humana
654 709 865 748 consortio.

295 769 419 818 Atque
436 767 561 813 etiam,
585 767 614 805 si
633 767 707 805 hoc
724 772 856 805 natura
874 764 1110 816 praescribit,
1132 770 1174 803 ut
1188 763 1308 802 homo
1326 763 1488 810 homini,
1506 762 1592 814 qui-

185 837 348 875 cumque
370 824 429 867 sit,
453 823 501 862 oh
523 836 605 862 eam
629 823 751 874 ipsam
777 835 944 869 eausam,
966 821 1067 873 quod
1091 821 1123 859 is
1145 821 1264 859 homo
1287 819 1348 865 sit,
1372 819 1592 859 consultum

184 882 281 923 velit.
304 893 463 919 neeesse
485 886 543 918 est
564 881 776 918 seeundum
800 879 973 917 eamdem
997 882 1174 916 naturam
1197 876 1372 915 oninium
1393 876 1592 915 utilitatem

184 951 268 977 esse
287 948 547 976 communem.
581 937 696 982 Quod
715 936 745 974 si
762 936 810 974 ita
824 940 892 980 est,
910 946 983 973 uua
1000 934 1243 972 continemur
1258 944 1393 971 omnes
1410 939 1446 971 et
1461 933 1593 971 eadem

183 996 263 1045 lege
284 999 455 1038 natiuae,
478 993 621 1043 idque
612 1005 741 1043 ipsum
765 992 796 1030 si
814 992 862 1030 ita
886 997 955 1036 est,
977 995 1078 1029 terte
1098 989 1238 1028 violare
1259 989 1418 1028 alterum
1434 993 1595 1028 natiuae

185 1052 265 1102 lege
283 1049 545 1101 prohibemur.
579 1048 719 1087 lerum
737 1054 863 1087 autem
879 1047 1068 1098 primum:
1091 1058 1157 1085 iel
1161 1058 1224 1085 um
1240 1045 1354 1096 igitur
1367 1051 1594 1085 extremum.

186 1108 284 1146 Nam
306 1106 397 1145 illud
419 1105 572 1156 quidem
594 1105 805 1143 absurdum
829 1110 899 1151 est,
920 1103 1022 1155 quod
1045 1103 1200 1154 quidam
1222 1101 1366 1149 dicunt,
1389 1101 1537 1153 parenti
1555 1114 1596 1140 se

187 1169 251 1203 aut
278 1162 383 1201 fratri
410 1162 502 1200 nihil
532 1162 772 1200 ‹··let1actmos
795 1161 853 1199 sui
883 1159 1079 1199 commodi
1108 1171 1241 1205 eausa,
1270 1158 1381 1197 aliam
1407 1158 1595 1197 rationem

187 1233 273 1259 esse
301 1219 440 1257 civium
468 1218 716 1268 reliquorum.
765 1218 810 1256 lli
839 1217 910 1255 sihi
938 1216 1031 1255 nihil
1059 1216 1170 1263 iuris,
1204 1215 1346 1254 nullam
1375 1215 1595 1254 societatem

189 1275 410 1316 eommunis
437 1274 609 1313 utilitatis
639 1287 751 1313 causa
782 1279 957 1313 statuunt
983 1285 1068 1311 esse
1090 1284 1175 1311 cum
1200 1272 1363 1318 civibus,
1392 1284 1487 1323 quae
1507 1283 1597 1310 sen-

191 1333 304 1372 tentia
343 1343 497 1370 omnem
534 1331 757 1369 societatem
785 1330 963 1369 distrahit
991 1329 1160 1368 civitatis.
1203 1328 1275 1376 Qui
1303 1334 1430 1367 autem
1460 1328 1595 1367 civium

190 1390 378 1429 rationem
401 1388 529 1426 dicunt
552 1387 778 1433 hahendam,
801 1392 1048 1425 externorum
1070 1391 1223 1436 negant,
1246 1385 1270 1423 ii
1287 1385 1473 1424 dirimunt
1489 1397 1597 1424 com-

190 1458 345 1485 munem
375 1444 534 1484 humani
557 1443 707 1494 generis
731 1443 968 1489 societatem,
996 1454 1068 1493 qua
1091 1442 1235 1481 sublata
1256 1441 1524 1487 beneficentia,
1553 1441 1597 1480 li-

190 1501 378 1547 beralitas,
401 1500 566 1547 bonitas,
590 1500 732 1539 iustitia
751 1500 923 1539 funditus
942 1499 1096 1538 tollitur.
1129 1499 1234 1545 Quae
1251 1497 1315 1549 qui
1332 1497 1471 1537 tollunt
1486 1497 1598 1536 etiam
1614 1527 1620 1531 .

190 1559 371 1597 adversus
394 1558 487 1596 deos
509 1557 747 1596 immortales
768 1557 875 1608 impii
898 1555 1089 1595 iudicandi
1108 1561 1208 1594 sunt.
1246 1553 1303 1593 Ab
1319 1554 1364 1593 iis
1383 1554 1483 1593 enim
1503 1566 1598 1593 con-

190 1616 360 1655 stitutam
383 1614 482 1653 inter
502 1614 681 1653 homines
700 1613 921 1652 societatem
939 1617 1127 1658 evertunt,
1151 1611 1258 1651 cuius
1277 1611 1470 1650 societatis
1488 1610 1599 1650 artis-

190 1672 333 1710 simum
362 1671 556 1709 vinculum
585 1676 642 1708 est
669 1670 792 1720 magis
815 1669 988 1708 arbitrari
1011 1681 1096 1707 esse
1118 1673 1251 1707 contra
1272 1673 1448 1706 naturam
1471 1667 1599 1706 homi—

190 1740 278 1767 nem
306 1727 454 1766 homini
483 1727 680 1765 detrahere
709 1726 766 1765 sui
797 1726 992 1765 commodi
1020 1738 1133 1764 eausa
1162 1736 1276 1776 quam
1299 1723 1427 1763 omnia
1449 1723 1599 1762 incom—

190 1785 305 1823 moda
327 1784 455 1823 subire
476 1784 532 1822 vel
556 1789 713 1822 externa
735 1783 791 1821 vel
814 1783 990 1833 corporis
1013 1782 1068 1820 vel
1091 1781 1204 1821 etiam
1226 1780 1350 1832 ipsius
1371 1780 1489 1819 animi
1507 1792 1602 1831 quae

191 1846 324 1880 vacent
349 1840 544 1879 iniustitia.
588 1839 689 1879 Haec
717 1839 818 1878 enim
847 1851 923 1879 una
953 1840 1072 1878 virtus
1101 1837 1275 1877 omnium
1302 1842 1360 1876 est
1387 1837 1544 1876 domimi
1566 1841 1603 1874 et

236 1953 288 1984 26.
322 1954 492 1994 cuiquam,
522 1952 705 1993 iiberhaupt
738 1951 859 1983 einem:

190 2000 294 2031 cuivis
320 2000 432 2042 potest
464 1999 658 2039 contingere
682 1996 771 2038 quod
792 1998 860 2028 eeti-

934 1951 1025 1983 meln-
1042 1949 1213 1985 verdeekt,
1239 1949 1315 1980 dass
1334 1949 1391 1980 das
1410 1948 1522 1981 Ganze
1542 1958 1603 1979 nur

935 1996 986 2027 ein
1006 1994 1251 2027 Scheinbeweis
1276 1994 1334 2033 ist,
1359 1994 1419 2025 der
1435 1994 1509 2030 das,
1534 2003 1602 2024 was

190 2054 287 2086 quam
303 2045 426 2086 potest.

235 2098 390 2132 eor-·pons
429 2090 490 2120 aut
518 2088 588 2129 sm·
592 2089 692 2118 tunae
730 2088 859 2126 estium,

191 2134 338 2166 Schaden
354 2144 394 2165 an
410 2131 860 2184 ‹lemh'zirperoderffusseru

192 2180 217 2211 (ι
224 2179 310 2218 l'uck,
329 2179 358 2210 d.
379 2179 398 2209 i.
419 2188 625 2221 (ιποποοηγ
624 2177 692 2209 μέν
695 2187 746 2209 οι.

236 2204 474 2263 6.27.Q110d
485 2234 512 2255 st
528 2224 577 2254 ita
590 2225 704 2262 est—·—‚
718 2225 862 2254 naturae-

191 2270 263 2311 Ieg·e
278 2269 508 2313 prolie'nbemw
540 2267 583 2299 W
588 2267 748 2299 eshalblt’
742 2278 781 2298 ic.
801 2267 862 2298 deu

192 2315 326 2346 Schluss
345 2314 402 2345 (les
418 2313 637 2356 Syllogismus
656 2315 746 2344 certe
765 2312 864 2344 riola-

194 2371 229 2392 νε
245 2359 392 2392 alterum
410 2361 469 2390 ret.
489 2358 576 2389 nicht
593 2357 698 2399 gleich
717 2367 776 2389 aus
791 2358 862 2388 dem

193 2410 303 2436 ersten
335 2404 435 2435 Satze
458 2406 584 2435 natura
604 2404 806 2446 praescribit
827 2405 865 2434 ut

193 2452 290 2482 homo
308 2450 338 2480 Ιι.
363 2467 399 2471 -
427 2448 614 2480 consultum
634 2447 712 2479 velit
730 2447 863 2487 miger-t,

195 2495 337 2526 sondern
356 2498 425 2525 ersi
441 2494 524 2525 zwei
540 2493 687 2525 ziemlich
703 2492 864 2523 iiberniis-

195 2541 264 2579 sige
296 2539 431 2571 Glieder
460 2538 650 2579 einsehiebt,
682 2538 767 2569 sieht
791 2547 862 2568 inan

196 2585 282 2615 nieht
316 2585 378 2615 ein.
428 2583 572 2615 Freilich
606 2582 688 2615 wird
722 2582 864 2614 dadurch

935 2045 1005 2073 erst
1023 2051 1063 2071 zu
1081 2039 1245 2071 beweisen
1265 2039 1317 2078 ist,
1342 2039 1391 2070 als
1414 2038 1602 2078 Grundlage

935 2087 993 2117 (les
1013 2085 1180 2116 Beweises
1197 2088 1423 2116 voraussetzt.

981 2130 1033 2161 25
1055 2129 1162 2163 Ram.-
1188 2139 1216 2160 z.
1235 2128 1268 2170 §-
1283 2127 1336 2160 84.

985 2176 1075 2216 (luae
1108 2177 1165 2217 τμη·
1202 2174 1324 2206 tollunt
1353 2176 1456 2206 etiam
1483 2173 1603 2206 adver·-

936 2232 995 2253 sus
1014 2220 1093 2253 deos
1110 2223 1186 2252 eet..
1184 2232 1189 2239 ·
1214 2230 1297 2262 quae
1314 2218 1444 2250 bezieht
1465 2219 1532 2250 sich
1551 2218 1610 2250 aus

936 2266 1051 2298 allesV
1056 2264 1314 2306 orhergehende,
1330 2274 1537 2296 communem
1552 2275 1607 2296 so-

937 2313 1091 2343 cietatem
1113 2311 1173 2342 mit
1190 2309 1471 2350 eingeschlossen.
1503 2310 1606 2352 i‘mpn',

937 2357 1087 2395 ruehlos,
1112 2351 1252 2396 ἀσεβής.
1293 2354 1385 2386 Stob.
1411 2353 1471 2385 ecl.
1491 2354 1556 2385 eth.
1576 2364 1604 2396 p.

938 2401 1002 2433 216
1018 2402 1094 2433 πᾶι
1108 2397 1307 2451 ἁμάρτημα
1319 2395 1488 2451 ἀσέβημα
1503 2396 1555 2430 εῗι
1558 2409 1606 2436 αι,

938 2443 978 2478 τὸ
993 2457 1064 2488 yuo
1078 2457 1180 2488 παρα
1192 2440 1437 2495 τηνβουλησίν
1446 2454 1476 2474 τι
1488 2439 1606 2486 πράτ-

939 2500 1012 2523 τεσ
1010 2495 1068 2522 ‘mi
1103 2491 1168 2522 τοῖ
1202 2489 1292 2521 θεοι
1318 2484 1485 2530 ἀσεβείας
1515 2493 1604 2520 εἰναι

939 2532 1144 2588 τεκμήριόι.
1177 2534 1210 2566 S.
1230 2533 1314 2565 Einl

983 2582 1090 2613 aui'mt
1101 2578 1318 2620 tneommodu,
1332 2588 1416 2621 quae
1428 2579 1568 2611 v‘acent
1555 2588 1607 2609 m-
