1684 2819
630 194 707 227 LIB.
725 193 778 226 111.
818 194 911 227 CAP.
930 195 960 227 9.
983 195 1032 227 10.
1460 197 1539 235 177

137 297 251 336 litatis
279 296 424 347 specie,
459 308 556 343 non,
588 309 676 335 cum
703 297 778 335 hoc
806 297 1050 344 deliberetur,
1079 297 1376 348 relinquendane
1398 297 1447 336 sit
1466 297 1540 336 ho-

136 359 265 392 nestas
281 357 442 404 propter
459 352 626 392 utilitatis
646 353 948 404 magnitudinem
969 377 1022 381 -
1042 366 1132 392 nam
1154 354 1192 392 id
1214 353 1368 405 quidem
1389 354 1539 405 impro—

135 409 229 448 bum
247 414 305 448 est
320 433 391 455 —,
416 410 480 447 sed
503 409 610 456 illud,
632 411 807 460 possitne
827 411 881 457 id,
905 410 1008 461 quod
1031 410 1120 449 utile
1141 410 1328 459 videatur,
1357 411 1437 449 fieri
1459 422 1540 448 non

135 466 308 516 turpiter.
371 465 466 504 Cum
494 465 678 505 Collatino
716 466 878 516 collegae
905 467 1047 505 Brutus
1087 466 1292 518 imperium
1320 467 1538 517 abrogabat,

135 528 285 572 poterat
306 522 424 561 videri
446 523 568 561 facere
588 522 625 560 id
642 521 799 561 iniuste:
822 524 942 562 fuerat
960 523 1061 561 enim
1078 523 1116 561 in
1133 523 1288 573 regibus
1307 523 1540 573 expellendis

137 578 266 617 socius
283 579 389 617 Bruti
413 578 665 618 consiliorum
687 584 724 617 et
745 579 906 618 adiutor.
963 579 1057 618 Cum
1086 585 1212 618 autem
1240 580 1443 618 consilium
1466 580 1541 618 hoc

134 634 331 686 principes
355 635 564 686 cepissent,
588 635 855 685 cognationem
878 635 1042 686 Superbi
1064 648 1285 687 nomenque
1308 635 1538 686 Tarquinio—

134 703 222 730 rum
243 697 279 730 et
299 691 529 730 memoriam
552 693 658 742 regni
680 704 764 730 esse
786 692 1011 739 tollendam3
1034 692 1137 743 quod
1160 699 1238 731 erat
1258 691 1366 739 utile,
1396 692 1539 743 patriae

136 747 355 794 consulere,
390 747 427 786 id
456 753 536 786 erat
564 748 613 786 ita
635 748 859 795 honestum,
888 754 930 787 ut
952 748 1064 786 etiam
1086 748 1161 799 ipsi
1184 748 1369 786 Collatino
1391 749 1540 799 placere

135 803 302 843 deberet.
331 804 463 854 Itaque
486 803 630 842 utilitas
654 804 768 842 valuit
789 810 949 854 propter
976 805 1237 851 honestatem,
1266 804 1349 843 sine
1386 817 1460 855 qua
1492 816 1540 842 ne

134 860 277 898 utilitas
312 859 465 910 quidem
488 872 571 898 esse
593 859 798 910 potuisset.
844 861 891 898 At
916 860 955 898 in
985 873 1029 898 eo
1058 873 1166 910 rege,
1189 861 1252 911 qui
1279 860 1414 899 urbem
1443 872 1538 898 con—

134 915 247 963 didit,
282 928 361 954 non
397 916 499 954 item.
533 916 688 967 Species
722 916 825 954 enim
860 916 1030 955 utilitatis
1067 917 1237 955 animum
1265 916 1412 967 pepulit
1437 916 1538 954 eius:

135 972 194 1012 cui
216 985 303 1011 cum
325 972 451 1011 visum
473 978 574 1011 esset
597 972 722 1011 utilius
741 972 866 1011 solum
889 985 1003 1023 quam
1022 986 1109 1011 cum
1131 973 1248 1011 altero
1270 985 1441 1023 regnare,
1462 973 1539 1011 fra-

133 1034 230 1067 trem
257 1029 459 1067 interemit.
512 1028 650 1067 Omisit
675 1029 737 1067 hic
763 1034 800 1067 et
825 1029 1003 1080 pietatem
1031 1034 1067 1067 et
1097 1028 1391 1075 humanitatem,
1419 1034 1461 1067 ut
1487 1028 1537 1074 id,

134 1085 238 1136 quod
260 1085 351 1124 utile
374 1085 570 1124 videbatur
590 1098 715 1136 neque
736 1091 831 1131 erat,
860 1086 1013 1136 assequi
1042 1091 1192 1136 posset,
1220 1091 1256 1123 et
1284 1091 1410 1124 tamen
1438 1084 1538 1123 muri

134 1154 289 1181 causam
317 1141 520 1193 opposuit,
549 1141 715 1193 speciem
743 1142 957 1180 honestatis
986 1154 1056 1180 nec
1084 1141 1321 1192 probabilem
1349 1154 1420 1180 nec
1446 1154 1538 1180 sane

133 1198 325 1237 idoneam.
381 1198 554 1237 Peccavit
574 1198 705 1248 igitur,
734 1210 825 1248 pace
851 1199 907 1236 vel
929 1197 1079 1244 Quirini
1106 1198 1163 1235 vel
1185 1197 1341 1235 Romuli
1363 1197 1536 1236 dixerim.

133 1254 210 1293 Nec
235 1260 364 1293 tamen
390 1259 548 1293 nostrae
574 1254 687 1292 nobis
717 1254 893 1292 utilitates
917 1254 1149 1292 omittendae
1169 1259 1259 1292 sunt
1280 1253 1437 1304 aliisque
1457 1258 1537 1292 tra—

123 1310 292 1358 dendae,
315 1324 402 1349 cum
418 1310 478 1349 his
495 1310 569 1361 ipsi
591 1322 784 1361 egeamus,
801 1311 866 1349 sed
891 1323 980 1349 suae
996 1310 1131 1360 cuique
1151 1309 1312 1356 utilitati,
1330 1310 1433 1360 quod
1455 1311 1538 1348 sine

133 1367 288 1406 alterius
310 1367 446 1406 iniuria
468 1367 545 1413 fiat,
570 1366 816 1405 serviendum
837 1372 907 1405 est.
943 1366 1044 1405 Scite
1067 1366 1316 1417 Chrysippus,
1339 1371 1381 1404 ut
1402 1367 1537 1405 multa:

135 1423 209 1469 Qui
225 1423 404 1471 stadium,
426 1423 561 1474 inquit,
580 1423 698 1462 currit
714 1423 803 1461 eniti
819 1429 855 1462 et
869 1423 1099 1462 contendere
1116 1423 1227 1461 (lebet
1243 1435 1356 1474 quam
1373 1422 1539 1461 maxime

134 1480 261 1531 possit
281 1486 323 1519 ut
343 1480 479 1526 vincat,
503 1479 749 1530 supplantare
770 1493 869 1527 eum,
885 1480 1039 1530 quicum
1056 1484 1183 1526 certet,
1199 1486 1262 1518 aut
1276 1491 1392 1518 manu
1407 1479 1536 1530 depel-

134 1536 210 1575 lere
237 1536 342 1575 nullo
372 1537 491 1575 modo
524 1536 660 1575 debet:
698 1536 752 1575 sic
784 1536 823 1574 in
856 1536 928 1575 vita
956 1536 1028 1574 sibi
1058 1548 1247 1586 quemque
1275 1540 1404 1586 petere
1432 1536 1537 1586 quod

134 1593 323 1644 pertineat
342 1593 389 1631 ad
410 1605 526 1631 usum
547 1604 627 1631 non
649 1592 823 1643 iniquum
846 1598 921 1638 est,
952 1592 1058 1631 alteri
1087 1592 1262 1642 deripere
1282 1592 1341 1630 ius
1363 1603 1444 1630 non
1468 1598 1536 1630 est.

246 1649 407 1688 Maxime
424 1655 551 1688 autem
567 1649 840 1700 perturbantur
853 1648 976 1687 officia
993 1648 1032 1686 in
1046 1648 1237 1694 amicitiis,
1253 1647 1390 1698 quibus
1407 1653 1443 1686 et
1457 1659 1538 1686 non

134 1705 302 1744 tribuere
317 1705 419 1756 quod
440 1711 540 1744 recte
560 1705 690 1756 possis
713 1711 748 1743 et
768 1705 933 1744 tribuere
950 1704 1051 1755 quod
1068 1716 1148 1743 non
1162 1704 1211 1742 sit
1224 1716 1387 1754 aequum
1407 1709 1539 1742 contra

136 1762 306 1802 officium
328 1767 397 1801 est.
435 1762 509 1800 Sed
532 1761 646 1800 huius
668 1761 816 1812 generis
838 1761 956 1800 totius
978 1762 1092 1799 breve
1107 1766 1143 1799 et
1160 1772 1239 1799 non
1257 1760 1409 1798 difficile
1425 1772 1537 1811 prae-

728 1852 801 1885 Liv.
875 1852 965 1884 starb
988 1863 1040 1883 um
1059 1852 1111 1883 01.
1134 1850 1206 1889 143,
1229 1851 1241 1882 1
1265 1850 1365 1890 (208).
1405 1850 1453 1881 Er
1475 1850 1538 1881 bil—

874 1898 949 1929 dete
964 1898 1021 1928 das
1036 1897 1179 1928 stoische
1196 1895 1340 1938 System,
1355 1906 1416 1926 vor
1430 1894 1538 1926 Allem

874 1942 926 1973 die
947 1942 1132 1979 Dialektik,
1163 1951 1198 1971 so
1223 1951 1299 1981 aus,
1330 1941 1405 1972 dass
1430 1950 1467 1971 er
1489 1940 1538 1971 als

875 1988 934 2018 der
952 1987 1071 2018 zweite
1090 1986 1244 2018 Griinder
1260 1986 1320 2016 der
1337 1985 1456 2017 Schule
1480 1995 1539 2016 an-

184 1853 344 1885 Collatc'no
373 1853 518 1895 collegae
541 1853 670 1885 Brutus
686 1865 695 1883 :

138 1897 377 1985 H’z‘nZJegvibus
406 1943 628 1986 empellende's,
662 1942 713 1974 bei
742 1943 801 1974 der

135 1988 360 2029 Vertreibung
368 1989 427 2020 der
434 1988 643 2029 koniglichen
653 1987 802 2019 Familie.

180 2033 234 2064 41.
269 2036 362 2065 muri
381 2044 517 2066 eausam
542 2034 707 2077 opposuit.
756 2033 810 2076 Er-

137 2079 232 2110 nahm
249 2079 300 2110 die
318 2078 435 2110 Mauer
452 2089 524 2109 zum
542 2078 741 2111 Vorwande.
760 2095 803 2100 ——

133 2123 320 2166 probabilis
338 2124 383 2155 ist
402 2124 483 2154 auch
504 2123 574 2153 hier
592 2123 649 2154 mit
675 2123 802 2153 ‘wahr—

139 2168 326 2208 scheinlich‚
345 2166 517 2208 glaublich'
534 2178 574 2198 zu
588 2167 799 2198 iibersetzen.

179 2222 263 2255 pace
278 2213 329 2244 vel
348 2212 480 2252 Quirini
494 2212 545 2244 vel
559 2212 709 2244 Romuli:
728 2212 802 2242 eine

139 2256 448 2298 Geringschatzung
480 2258 539 2288 der
570 2257 801 2296 Volksgiitter,

138 2303 201 2333 wie
230 2303 278 2334 sie
296 2302 361 2334 Cic.
386 2302 560 2342 bestiindig
583 2312 622 2333 an
649 2302 709 2332 den
733 2301 803 2341 Tag

138 2347 216 2387 legt.
262 2346 418 2379 Romulus
448 2347 566 2378 erhielt
594 2346 803 2378 bekanntlich

138 2396 237 2423 unter
276 2393 347 2423 dein
372 2392 496 2425 Namen
526 2391 681 2433 Quirinus
715 2393 805 2431 go'tt—

139 2437 224 2468 liche
242 2437 363 2470 Ehren.

184 2481 239 2513 42.
273 2483 419 2525 quod—
426 2483 503 2525 fiat,
524 2481 642 2514 soweit
659 2481 728 2512 dies
746 2492 804 2521 ge—

142 2527 281 2558 schehen
298 2528 394 2560 kann.

188 2570 395 2617 Chrysippus
418 2583 476 2604 aus
501 2571 587 2612 Soli,
617 2572 677 2603 der
704 2572 803 2603 dritte

141 2616 327 2649 Vorsteher
365 2618 425 2650 der
464 2618 631 2650 stoischen
675 2616 802 2658 Schule,

212 2671 274 2701 Cic.
286 2672 322 2699 de
336 2672 414 2700 offic.

875 2033 1017 2072 geseheu
1038 2032 1133 2062 wird.

921 2077 1070 2109 stadium
1085 2078 1201 2108 currit.
1225 2075 1284 2106 Die
1293 2074 1398 2106 Stelle
1413 2074 1540 2105 scheint

875 2122 1027 2153 wiirtlich
1042 2132 1100 2152 aus
1110 2121 1180 2151 dem
1191 2119 1425 2151 Griechischen
1440 2118 1538 2149 iiber-

876 2171 980 2204 setzt,
1011 2166 1074 2197 und
1092 2165 1235 2196 dadurch
1254 2164 1297 2195 ist
1314 2164 1404 2194 diese
1430 2163 1462 2194 in
1481 2164 1540 2194 der

876 2208 1540 2248 lateinischenProsasonstungebrauoh-

876 2256 960 2287 liche
984 2255 1199 2294 Verbindung
1221 2254 1278 2285 des
1309 2253 1540 2285 intransitiven

876 2300 1038 2332 Verbums
1061 2299 1118 2331 mit
1136 2299 1207 2330 dein
1224 2298 1401 2330 Accusativ
1424 2309 1465 2329 zu
1489 2308 1542 2329 er-

877 2345 1004 2377 kl'ziren.
1028 2345 1103 2385 vgl.
1122 2345 1172 2375 die
1188 2343 1347 2374 ehenfalls
1362 2343 1432 2374 dem
1443 2342 1540 2374 Grie-

879 2391 1029 2422 chischen
1048 2389 1295 2428 nachgebildete
1310 2388 1414 2419 stelle
1433 2388 1472 2419 de
1483 2387 1538 2418 fin.

878 2434 985 2477 11,34‚
1007 2435 1068 2466 112
1090 2433 1225 2466 >semes
1242 2443 1315 2464 eum
1332 2433 1541 2475 Hellesponto

876 2483 1004 2522 zaneto,
1029 2480 1163 2511 Athone
1184 2479 1345 2522 pelsosso
1361 2488 1455 2509 mare
1471 2488 1542 2508 (tm-

878 2525 1068 2566 bztlazesset,
1088 2527 1214 2555 telmm
1230 2525 1435 2565 uatngasset*

922 2570 1121 2623 supplanta]
1124 2581 1200 2600 8-
1155 2591 1200 2595 --
1222 2568 1335 2610 pedem
1348 2577 1542 2610 supponere,

878 2612 1141 2652 ἐν”ποσκελιζειι-

1236 2662 1317 2703 12‘

1567 921 1605 952 41

1566 1262 1608 1293 42

1567 1654 1608 1685 43
