1684 2819
592 194 671 228 LIB.
690 194 741 227 III.
782 193 874 228 CAP.
893 193 935 226 29
948 211 993 217 ——
1006 193 1058 226 31.
1447 197 1527 237 213

125 300 251 351 peius,
279 310 373 350 (1110,
404 311 491 337 cum
519 298 559 337 in
589 299 721 337 eadem
751 311 862 337 causa
889 305 1006 345 esset,
1035 298 1261 349 deprecante
1288 302 1443 350 accepta
1469 298 1528 338 lex

126 367 206 394 non
227 360 296 393 est.
340 355 410 393 Hie
431 368 489 402 ea,
513 367 609 406 quae
630 355 829 394 videbatur
850 355 1001 401 utilitas,
1025 355 1112 404 plus
1134 354 1247 393 valuit
1267 367 1381 406 quam
1402 355 1527 394 hone-

126 416 222 458 stas,
245 412 346 463 apud
369 412 587 462 superiores
611 411 782 464 utilitatis
805 411 950 462 species
974 411 1066 449 falsa
1088 410 1133 449 ab
1156 411 1369 450 honestatis
1391 417 1526 450 aucto-
1586 455 1591 459 ,

123 468 234 507 ritate
255 473 433 518 superata
454 473 523 507 est.

236 525 283 562 At
303 536 382 562 non
404 524 536 563 debuit
556 529 680 562 ratum
704 536 789 562 esse
811 524 912 575 quod
936 529 1016 562 erat
1037 529 1162 562 actum
1186 536 1254 574 per
1274 524 1361 562 vim.
1406 525 1524 571 Quasi

124 593 214 620 vero
236 581 327 618 forti
347 580 427 619 viro
450 581 505 619 vis
528 580 653 632 possit
673 580 854 618 adhiberi.
896 580 985 618 ‘Cur
1005 579 1118 629 igitur
1142 580 1187 618 ad
1210 586 1386 619 senatum
1405 582 1526 632 profi-

124 636 348 683 ciscebatur,
371 649 456 675 cum
481 636 709 688 praesertim
734 637 780 674 de
803 636 960 687 captivis
978 636 1225 674 dissuasurus
1243 642 1346 675 esset
1357 635 1387 674 ‘3'
1413 638 1526 683 Quod

123 693 335 731 maximum
370 693 409 732 in
440 705 485 730 eo
515 699 588 740 est,
625 692 661 731 id
692 692 982 743 reprehenditis.
1039 692 1126 730 Non
1155 692 1257 730 enim
1285 705 1356 731 suo
1385 692 1524 732 iudicio

124 749 244 795 stetit,
275 750 343 787 sed
372 749 544 799 suscepit
572 761 744 795 causam,
773 755 815 788 ut
837 754 938 787 esset
958 748 1142 787 iudicium
1166 754 1341 787 senatus:
1371 750 1429 787 cui
1450 749 1524 787 nisi

122 805 205 856 ipse
235 810 369 844 auctor
397 806 547 851 fuisset,
577 805 712 855 captivi
739 806 913 855 profecto
943 804 1085 843 Poenis
1113 805 1249 843 redditi
1276 810 1415 843 essent.
1471 805 1526 844 Ita

122 861 325 900 incolumis
353 861 393 898 in
421 861 543 912 patria
564 861 733 910 Regulus
761 861 975 899 restitisset.
1019 861 1131 907 Quod
1160 861 1245 911 quia
1272 861 1418 911 patriae
1445 873 1526 913 non

121 917 212 955 utile
232 916 388 967 putavit,
409 917 551 956 idcirco
574 917 645 955 sibi
667 918 876 955 honestum
898 923 934 955 et
955 917 1095 955 sentire
1118 916 1176 954 illa
1198 923 1234 956 et
1254 918 1332 968 pati
1354 917 1524 956 credidit.

121 996 175 1001 ——
196 973 294 1011 Nam
316 973 421 1023 quod
442 973 558 1020 aiunt,
580 974 681 1024 quod
699 974 805 1011 valde
821 973 911 1012 utile
929 973 987 1018 sit,
1009 973 1045 1011 id
1064 973 1144 1011 fieri
1160 973 1382 1020 honestum,
1405 974 1524 1012 immo

121 1041 210 1068 vero
240 1041 346 1074 esse,
374 1041 455 1067 non
476 1030 568 1068 fieri.
610 1030 680 1067 Est
700 1030 802 1067 enim
824 1030 916 1068 nihil
937 1029 1027 1068 utile
1050 1030 1154 1079 quod
1177 1029 1277 1067 idem
1300 1041 1380 1068 non
1402 1030 1524 1068 hone—

122 1090 238 1132 stum,
260 1097 343 1131 nee,
367 1086 454 1136 quia
475 1086 577 1131 utile,
599 1086 819 1131 honestum,
843 1086 923 1132 sed⁷
946 1086 1033 1136 quia
1050 1086 1273 1132 honestum,
1296 1086 1397 1125 utile.
1441 1086 1524 1133 Qua

121 1154 161 1180 re
182 1154 226 1180 ex
247 1141 376 1180 multis
399 1141 636 1180 mirabilibus
659 1142 841 1192 exemplis
863 1142 964 1181 haud
987 1142 1092 1180 facile
1110 1141 1195 1192 quis
1214 1142 1350 1181 dixerit
1365 1143 1442 1180 hoe
1458 1155 1524 1180 ex-

122 1197 248 1249 emplo
271 1203 335 1236 aut
355 1198 582 1237 laudabilius
606 1203 667 1237 aut
694 1198 962 1249 praestantius

1557 535 1619 567 110

234 1253 310 1292 Sed
346 1266 390 1292 ex
418 1259 500 1292 tota
527 1255 598 1292 hac
623 1255 734 1292 laude
760 1254 894 1305 Reguli
922 1266 1041 1292 unum
1070 1254 1158 1292 illud
1187 1259 1244 1292 est
1271 1254 1525 1294 admiratione
1550 1252 1601 1292 31

120 1310 290 1361 dignum,
311 1310 413 1360 quod
436 1311 607 1360 captivos
630 1311 851 1349 renuendos
874 1310 1032 1349 censuit.
1075 1309 1170 1348 Nam
1193 1311 1296 1361 quod
1317 1311 1429 1349 rediit
1449 1323 1523 1349 no-

119 1366 180 1405 bis
207 1377 313 1405 nunc
339 1366 511 1404 mirabile
532 1366 697 1413 videtur,
726 1366 797 1405 illis
826 1367 977 1418 quidem
1006 1366 1248 1417 temporibus
1278 1367 1383 1406 aliter
1404 1368 1525 1406 facere

119 1434 200 1461 non
227 1421 365 1473 potuit.
421 1422 552 1473 Itaque
578 1422 651 1461 ista
676 1423 757 1461 laus
784 1435 865 1462 non
891 1428 949 1461 est
975 1422 1163 1469 hominis,
1195 1423 1260 1461 sed
1291 1428 1524 1474 temporum.

120 1478 274 1517 Nullum
297 1478 399 1516 enim
421 1478 615 1517 vinculum
641 1479 688 1517 ad
709 1479 995 1530 astringendam
1018 1479 1131 1517 fidem
1154 1479 1234 1517 iure
1255 1479 1416 1519 iurando
1439 1492 1523 1519 ma-

120 1534 222 1573 iores
245 1535 365 1573 artius
387 1547 473 1573 esse
495 1535 709 1574 voluerunt.
751 1536 792 1574 Id
813 1535 984 1575 indicant
1003 1535 1104 1586 leges
1126 1535 1165 1573 in
1187 1536 1388 1574 duodecim
1412 1536 1524 1575 tabu-

120 1590 185 1637 lis,
208 1591 376 1629 indicant
397 1597 584 1637 saeratae,
614 1591 782 1631 indicant
803 1593 976 1639 foedera,
1006 1592 1144 1642 quibus
1168 1592 1280 1631 etiam
1303 1604 1390 1630 cum
1411 1592 1524 1631 hoste

162 1713 236 1754 Hic,
266 1714 298 1744 in
329 1714 450 1745 diesem
476 1714 587 1753 Falle3
621 1715 651 1756 ξ.
671 1714 711 1746 89
735 1716 787 1747 hz'e

122 1758 188 1790 alio
201 1759 293 1791 ducit
310 1759 516 1791 lnmmm'tas.

860 1716 921 1746 den
941 1714 1042 1746 senat
1058 1714 1113 1746 fiir
1131 1715 1221 1746 seine
1240 1714 1378 1747 Ansieht
1395 1716 1522 1756 gewin-

860 1771 932 1791 neu.
974 1759 1123 1791 Zumeist
1147 1760 1305 1792 bedeutet
1320 1771 1383 1793 suo
1399 1760 1522 1794 iudicio

170 1803 242 1835 110.
281 1804 388 1844 Quasi
412 1815 488 1837 vero
508 1805 607 1846 sorti
636 1806 708 1837 viro
736 1808 785 1837 ‘ris

117 1850 231 1892 possit
268 1849 432 1881 adhiberi.
482 1849 599 1881 Dieser
640 1850 784 1882 stoische

120 1894 217 1933 Satz,
241 1894 316 1925 dass
342 1894 401 1925 der
425 1893 542 1926 VVeise
568 1895 657 1926 nicht
680 1896 785 1926 ko'nne

119 1948 321 1979 gezwungen
349 1940 501 1979 werden,
532 1939 615 1979 folgt
643 1950 702 1971 aus
726 1940 786 1971 der

118 1982 226 2015 Lehre
244 1994 309 2015 von
333 1985 393 2015 der
409 1984 557 2016 Freiheit
573 1985 637 2015 und
655 1984 784 2016 Selbst-

119 2028 370 2069 geniigsamkeit
391 2030 449 2061 des
474 2028 624 2060 VVeisen.
666 2029 782 2061 Senec.

119 2073 159 2104 de
183 2072 289 2104 benef.
313 2072 371 2115 ΙΙΙ,
398 2074 439 2105 20
469 2084 611 2117 corpora
641 2076 785 2107 obnooem

120 2119 201 2149 sunt
216 2119 375 2149 servituti
392 2121 425 2149 et
440 2118 613 2161 adscripta
631 2119 783 2161 dominis,

118 2173 213 2194 mens
232 2162 361 2204 quidem
379 2165 435 2194 sm?
450 2165 547 2195 ιἰινίε.

166 2206 233 2239 Cur
248 2209 367 2249 igitur.
395 2208 514 2239 Dieser
530 2208 683 2240 Einwurf
696 2209 782 2240 kann

120 2256 192 2284 erst
208 2254 359 2293 gemacht
376 2254 526 2294 werden,
550 2254 705 2285 nachdein
726 2255 784 2285 der

118 2297 388 2338 vorhergehende
397 2298 668 2338 abgewiesenist.
688 2298 782 2330 ‘Wa-

119 2352 206 2385 rum,
225 2352 321 2374 wenn
339 2343 428 2375 nicht
447 2342 577 2375 Gewalt
595 2344 648 2374 ibn
668 2354 784 2384 zwang

120 2398 151 2418 u.
179 2397 204 2419 s.
228 2386 280 2419 w.'
325 2387 372 2419 Er
402 2388 524 2420 konnte
558 2389 670 2420 darum
703 2390 783 2420 auch

120 2432 202 2464 oben
231 2432 261 2474 ξ.
289 2432 349 2463 103
380 2433 469 2464 nicht
503 2433 562 2464 mit
593 2433 784 2474 ausgez'ahlt

119 2477 264 2509 werden.

165 2520 239 2553 Non
257 2533 319 2555 suo
342 2523 465 2555 iudicio
490 2525 600 2565 stetit,
625 2534 661 2555 er
684 2524 783 2555 beru-

120 2566 208 2606 higte
236 2567 305 2598 sich
321 2568 410 2599 nicht
427 2568 544 2607 damit,
568 2569 644 2600 dass
662 2579 697 2600 es
716 2569 783 2599 sein

120 2610 247 2642 Urtheil
274 2621 361 2653 war,
392 2614 535 2645 sondern
559 2614 673 2645 wollte
703 2614 782 2644 auch

859 1808 952 1836 stare
977 1805 1028 1836 bei
1053 1805 1164 1836 seiner
1188 1805 1327 1837 Ansicht
1350 1806 1523 1847 henam-en,

861 1851 949 1881 nieht
962 1850 1067 1881 davon
1081 1850 1239 1891 abgehen,
1257 1851 1320 1882 wie
1335 1851 1364 1891 ξ.
1376 1851 1416 1882 95
1432 1854 1523 1883 stare

860 1896 1038 1927 conventis.

905 1941 1032 1971 sentire
1050 1939 1114 1980 ῐΙΙα,
1133 1950 1169 1971 so
1188 1951 1229 1970 zu
1247 1940 1385 1980 denken,
1404 1942 1466 1973 wie
1486 1951 1523 1973 er

860 1985 986 2016 daehte.

904 2029 992 2061 Nam.
1015 2030 1103 2071 quod
1124 2032 1220 2062 aiant
1253 2030 1343 2061 ffihrt
1372 2030 1423 2062 die
1449 2029 1524 2061 W]-

858 2075 1039 2115 derlegung
1063 2075 1119 2106 des
1146 2075 1273 2106 vierten
1303 2075 1369 2106 und
1398 2075 1522 2107 letzten

856 2119 1024 2150 Einwurl's
1065 2119 1127 2150 ein.
1181 2119 1289 2151 Ueber
1321 2130 1397 2151 nam
1431 2130 1456 2151 s.
1492 2131 1520 2151 z.

902 2211 1002 2240 immo
1032 2219 1129 2241 resto:
1157 2220 1216 2240 aus
1234 2211 1330 2241 alunt
1352 2210 1398 2241 ist
1415 2209 1523 2242 (licere

857 2253 1044 2286 debuerunt
1061 2265 1101 2285 zu
1120 2255 1296 2294 ergiinzen.

903 2291 971 2331 31.
1005 2299 1077 2330 111.
1106 2310 1171 2331 non
1189 2300 1343 2341 hominis,
1362 2300 1423 2332 setl
1439 2304 1520 2333 tem.-

853 2354 994 2386 pornm:
1012 2342 1050 2383 11,
1069 2344 1121 2385 22,
1143 2344 1194 2375 ῖ6.

903 2389 1052 2421 indicant
1065 2392 1234 2421 saeratae:
1268 2389 1389 2421 Festus
1408 2402 1438 2433 p.
1458 2390 1522 2423 319

857 2437 1011 2466 sacratae
1027 2433 1118 2475 leg-es
1132 2438 1220 2476 sunt,
1234 2436 1353 2477 quibus
1367 2439 1523 2468 sanctum

858 2482 924 2519 est,
949 2480 1006 2521 (μα’
1029 2480 1109 2521 qnid
1129 2480 1292 2512 adversus
1311 2491 1366 2512 eas
1380 2482 1522 2523 fecerit,

858 2534 956 2556 sacer
972 2524 1073 2556 alicui
1087 2524 1225 2557 deorum
1243 2526 1289 2555 sit
1316 2536 1391 2557 eum
1408 2526 1523 2567 fami-

857 2568 901 2600 ίιά
925 2571 1139 2612 pecuniaque.
1177 2568 1416 2601 Insbesondere
1434 2571 1521 2602 hies-

858 2624 972 2645 sen-so
988 2614 1038 2646 die
1055 2614 1198 2646 Gesetze
1213 2625 1286 2647 vom
1306 2614 1520 2657 ι1.2150(494),

1555 1316 1614 1347 111
