1684 2819
562 179 725 211 LIBER
745 179 770 210 Ι.
791 180 848 220 45,
873 179 950 211 108.
973 180 1048 212 100.
1458 181 1509 219 67

104 300 141 332 et
162 292 412 345 requiescere
443 292 483 331 in
505 292 686 345 sepulcro
710 299 818 346 putat
843 300 1056 333 mortuum.
1098 293 1242 346 Magna
1265 293 1376 347 culpa
1398 293 1513 333 Pelo-

101 350 176 403 pis,
201 348 264 401 qui
287 363 366 388 non
389 348 576 389 erudierit
600 349 720 388 filium
744 363 815 389 nec
839 349 1033 399 docuerit,
1059 357 1249 402 quatenus
1273 356 1379 390 esset
1401 350 1511 402 quid-

102 418 175 458 que
198 405 429 445 curandum.

212 461 288 501 Sed
320 461 410 513 quid
439 461 682 515 singulorum
706 462 910 515 opiniones
932 462 1242 503 animadvertam
1258 493 1268 512 ,
1303 463 1504 503 nationum
1522 463 1581 507 45

98 520 230 558 varios
252 531 410 557 errores
433 518 656 572 perspicere
680 533 797 571 quum
818 519 963 559 liceat?
985 519 1181 559 Condiunt
1203 519 1385 573 Aegyptii
1407 533 1512 559 mor·
1532 527 1596 560 108

100 581 188 614 tuos
211 580 250 614 et
272 588 340 614 eos
363 582 527 614 servant
558 575 686 624 domi3
722 575 867 614 Persae
890 575 1006 614 etiam
1038 588 1129 615 cera
1153 576 1394 616 circumlitos
1417 590 1509 616 con-

100 632 219 680 dunt,
254 638 431 683 utquam
461 632 633 671 maxime
662 638 916 684 permaneant
948 631 1131 670 diuturna
1153 645 1333 685 corpora.
1375 633 1509 696 Mago-

98 701 181 727 rum
214 702 298 728 mos
321 694 405 737 est,
436 701 511 727 non
547 687 709 726 humare
733 700 897 740 corpora
930 700 1113 736 suorum,
1149 687 1225 726 nisi
1255 702 1276 727 a
1306 688 1400 728 feris
1432 690 1511 729 sint

100 751 191 784 ante
213 744 374 783 laniata.
422 743 464 782 In
487 743 685 796 Hyrcania
708 742 818 796 plebs
841 743 1018 796 publicos
1042 743 1111 783 alit
1133 757 1273 793 canes,
1300 745 1508 798 optimates

100 800 371 846 domesticos}
392 798 521 838 nobile
544 806 675 839 autem
697 813 822 853 genus
845 813 981 839 eanum
1004 799 1097 840 illud
1122 799 1268 840 scimus
1292 813 1403 850 esse3
1440 802 1507 840 sed

96 870 167 910 pro
197 865 267 896 sua
300 855 464 908 quisque
494 856 678 896 facultate
709 863 842 910 parat,
888 870 910 896 a
940 855 1078 909 quibus
1109 856 1303 905 lanietur,
1347 870 1508 909 eamque

97 912 280 966 optimam
311 912 368 951 illi
401 925 490 952 esse
524 919 687 952 censent
715 913 975 966 sepulturam.
1021 913 1218 953 Permulta
1251 912 1328 952 alia
1360 913 1509 966 colligit

96 968 354 1023 Chrysippus,
380 976 423 1009 ut
444 976 505 1009 est
525 969 566 1008 in
585 969 690 1009 omni
713 969 877 1010 historia
900 969 1105 1019 curiosus,
1132 971 1201 1010 sed
1224 969 1276 1009 ita
1300 976 1399 1009 tetra
1417 976 1508 1009 sunt

96 1026 308 1079 quaedam,
345 1032 387 1065 ut
416 1038 460 1065 ea
493 1026 615 1079 fugiat
644 1033 681 1066 et
709 1027 939 1066 reformidet
971 1027 1113 1066 oratio.
1159 1026 1282 1066 Totus
1304 1026 1425 1078 igitur
1446 1026 1507 1066 hic

94 1083 204 1122 locus
227 1089 287 1122 est
308 1083 616 1122 contemnendus
637 1083 676 1122 in
700 1082 813 1123 nobis
828 1113 838 1132 ,
873 1097 951 1123 non
974 1083 1237 1136 negligendus
1268 1083 1306 1121 in
1330 1083 1502 1132 nostris3

93 1140 148 1179 ita
170 1146 300 1179 tamen
314 1169 324 1188 ,
359 1145 401 1178 ut
422 1146 667 1179 mortuorum
691 1153 854 1193 corpora
876 1140 971 1180 nihil
994 1140 1146 1179 sentire
1167 1139 1249 1179 vivi
1271 1139 1503 1179 sentiamus.

96 1196 292 1247 Quantum
317 1202 444 1235 autem
467 1195 738 1236 consuetudini
769 1197 973 1249 famaeque
1006 1196 1174 1236 dandum
1198 1195 1274 1245 sit,
1308 1195 1346 1235 id
1369 1203 1507 1236 curent
1527 1204 1589 1236 109

92 1252 198 1301 vivi3
224 1251 293 1291 sed
316 1252 393 1301 ita,
419 1258 460 1292 ut
481 1252 725 1305 intelligant,
750 1253 845 1292 nihil
866 1252 903 1292 id
926 1252 972 1292 ad
994 1260 1170 1293 mortuos
1193 1251 1408 1305 pertinere.

205 1308 280 1347 Sed
303 1310 479 1362 profecto
501 1323 608 1349 mors
630 1315 711 1349 tum
736 1309 974 1362 aequissimo
998 1309 1128 1349 animo
1147 1309 1359 1363 oppetitur,
1387 1323 1504 1362 quum

93 1364 174 1405 suis
207 1378 249 1405 se
282 1364 459 1406 laudibus
482 1365 563 1405 vita
594 1365 776 1405 occidens
801 1365 1000 1406 consolari
1032 1373 1174 1419 potest.
1214 1365 1342 1405 Nemo
1364 1380 1503 1419 parum

92 1421 157 1460 diu
178 1420 302 1468 vixit,
338 1422 401 1474 qui
424 1421 583 1461 virtutis
613 1422 811 1475 perfectae
841 1422 1012 1475 perfecto
1041 1423 1199 1463 functus
1234 1428 1296 1461 est
1323 1435 1502 1461 munere.

90 1478 213 1518 Multa
242 1477 336 1517 mihi
368 1477 444 1530 ipsi
471 1478 518 1517 ad
548 1485 713 1518 mortem
746 1479 978 1532 tempestiva
1010 1480 1193 1527 fuerunt,
1232 1491 1329 1531 quae
1350 1478 1501 1518 utinam

91 1533 305 1587 potuissem
330 1533 461 1573 obire!
495 1533 603 1574 Nihil
625 1534 728 1574 enim
750 1534 827 1575 iam
850 1535 1143 1587 acquirebatur,
1170 1535 1365 1574 cumulata
1388 1542 1501 1574 erant

92 1589 215 1629 officia
234 1590 339 1629 vitae
356 1620 365 1638 ,
400 1604 486 1629 cum
519 1590 675 1630 fortuna
697 1590 799 1630 bella
821 1592 1037 1631 restabant.
1087 1590 1214 1641 Quare
1237 1591 1268 1631 si
1293 1591 1376 1644 ipsa
1397 1591 1499 1630 ratio

91 1645 220 1685 minus
249 1646 448 1698 perficiet,
483 1652 524 1685 ut
552 1653 719 1686 mortem
751 1647 956 1701 negligere
988 1648 1206 1700 possimus,
1242 1654 1281 1687 at
1301 1647 1383 1687 vita
1414 1654 1500 1687 acta

91 1702 278 1756 perficiat,
304 1709 347 1741 ut
367 1702 463 1741 salis
486 1715 680 1756 superque
696 1704 850 1744 vixisse
872 1704 1092 1745 videamur.
1129 1703 1369 1756 Quamquam
1393 1703 1497 1744 enim

92 1772 233 1798 sensus
256 1758 418 1807 abierit,
453 1765 584 1798 tamen
606 1760 687 1800 suis
711 1767 749 1799 et
779 1760 947 1814 propriis
977 1760 1090 1799 bonis
1122 1760 1247 1799 laudis
1270 1767 1309 1799 et
1330 1760 1495 1813 gloriae,

90 1814 268 1867 quamvis
285 1828 361 1854 non
380 1814 568 1864 sentiant,
589 1816 735 1856 mortui
754 1830 831 1856 non
850 1823 1001 1856 carent.
1035 1817 1119 1856 Etsi
1142 1816 1243 1856 enim
1262 1815 1361 1856 nihil
1381 1815 1500 1856 habet

126 1933 263 1973 filium,
286 1933 348 1964 den
368 1932 549 1976 Thyestes.

874 1935 993 1967 Multa
1012 1953 1041 1958 -—
1061 1937 1268 1977 tempestiva
1277 1936 1440 1977 fuerunt
1455 1950 1502 1960 =

133 1975 200 2013 45.
231 1978 306 2010 108.
351 1977 572 2020 Chrysippus
600 1990 660 2012 aus
689 1980 758 2012 Soli

830 1981 964 2012 multae
995 1982 1088 2012 mim·
1105 1981 1265 2022 suerunt
1291 1983 1502 2022 opportuni-

88 2023 303 2063 inCilicien,
332 2023 472 2055 Schiiler
499 2025 558 2055 des
575 2024 666 2056 Zeno
691 2026 758 2057 und

88 2067 282 2106 Cleanthes,
302 2069 366 2099 und
379 2068 585 2111 Nachfolger
599 2071 655 2103 des
673 2071 759 2102 letz-

85 2118 158 2145 tern
185 2114 218 2144 in
245 2114 304 2145 der
323 2113 466 2154 Leitung
490 2115 549 2146 der
568 2115 669 2156 Stoa,
699 2117 759 2148 der

86 2158 287 2200 eigentliche
306 2158 490 2191 Vollender
507 2161 568 2192 des
586 2162 756 2193 stoischen

87 2203 248 2247 Systems‚
269 2209 354 2245 gest.
369 2205 455 2245 208,
477 2205 613 2238 Ciceros
630 2207 756 2249 Haupt-

85 2249 195 2290 quelle
216 2249 271 2281 fur
289 2250 341 2281 die
360 2248 587 2283 Tusculanen.

128 2298 172 2326 ut
188 2298 242 2327 est
255 2313 300 2318 -—
318 2298 478 2327 curiosus
499 2297 590 2336 „wie
609 2307 646 2328 er
664 2307 700 2329 es
714 2298 754 2339 Ja

84 2339 117 2370 in
133 2339 230 2372 allem
242 2338 532 2373 Geschiehtlichen
553 2343 630 2374 sehr
644 2352 754 2383 genau

84 2384 242 2417 nimmt“.
290 2385 342 2417 Zu
368 2390 410 2417 ut
434 2387 502 2427 vgl.
526 2387 558 2428 S,
581 2389 641 2419 15:
671 2389 754 2431 Epi-

86 2430 173 2461 clza⁷
175 2432 225 2462 mi
240 2434 283 2462 ut
299 2431 425 2464 Sz'lculz

131 2475 207 2507 109.
222 2477 387 2529 perfeeto
406 2494 445 2500 —
464 2488 631 2518 munere;
651 2488 677 2509 s.
693 2479 750 2519 40,

84 2519 126 2550 95
144 2530 184 2551 zu
201 2523 237 2552 in
255 2524 351 2553 omm'
367 2525 510 2555 vertute.
545 2522 607 2555 Mit
625 2534 752 2555 munus

83 2566 229 2597 virtutis
256 2566 324 2607 vgl.
351 2566 392 2598 V.
414 2568 469 2607 39,
493 2568 576 2600 113:

85 2611 174 2640 triae
192 2620 320 2643 munus
340 2614 518 2645 tuebatur.

612 2578 713 2609 geom
720 2580 751 2601 e-

830 2030 924 2058 tates
942 2026 1129 2058 moriendi.

876 2095 974 2126 obire
990 2109 1035 2119 =
1053 2095 1162 2135 sequi,
1181 2095 1360 2135 persequi.
1391 2092 1502 2124 Aehn-

827 2139 893 2171 lich
920 2150 951 2181 p.
972 2137 1041 2170 Mil.
1060 2140 1112 2179 10,
1135 2139 1198 2170 27:
1227 2141 1298 2170 πίει·
1320 2139 1418 2170 obire
1434 2138 1501 2179 fa-

828 2187 957 2216 cinoris
969 2185 1084 2216 locum
1097 2187 1303 2226 tempusque
1315 2183 1496 2215 voluisset.

871 2251 1025 2283 ΝίΙιῐί-
1035 2251 1303 2294 acquirebatur,
1315 2251 1380 2282 seit
1391 2250 1501 2282 C'asar

826 2297 893 2328 alle
912 2295 1025 2328 Macht
1043 2297 1144 2329 allein
1164 2296 1196 2327 in
1215 2296 1354 2327 H'auden
1373 2296 1480 2327 hatte.

871 2365 1054 2396 cumulata
1075 2368 1181 2396 erant
1207 2373 1353 2405 „waren
1381 2363 1414 2394 in
1433 2362 1500 2394 rei-

824 2409 917 2441 chem
937 2408 1072 2442 Maasse
1092 2411 1138 2450 (v.
1159 2410 1239 2450 mir)
1259 2408 1418 2441 erffillt“.

868 2479 944 2509 sm‘s
972 2481 1009 2509 et
1040 2479 1201 2519 propriis
1238 2477 1358 2515 bonis,
1398 2485 1427 2507 s.
1454 2485 1496 2504 zu

822 2522 877 2563 29,
900 2523 963 2563 713
993 2523 1111 2554 laudis
1140 2526 1176 2554 et
1199 2522 1340 2563 gloriae
1367 2520 1412 2552 ist
1437 2519 1498 2550 der

822 2566 906 2599 Gen.
927 2578 1082 2610 epexeg.‚
1105 2572 1189 2599 statt
1207 2567 1266 2598 der
1282 2565 1494 2607 Apposition,

820 2613 884 2645 wie
904 2613 959 2654 36,
980 2613 1042 2645 87:
1065 2623 1187 2645 nomen
1209 2612 1365 2644 carendi.

1193 2670 1239 2706 5*
