1684 2819
647 175 725 208 LIB.
741 174 793 207 111.
831 174 922 207 CAP.
943 173 996 205 30.
1015 172 1068 204 31.
1481 172 1561 211 229

157 282 277 332 liqua,
303 291 400 330 quae
421 291 466 316 ex
487 283 618 328 empto
640 283 704 317 aut
724 278 877 317 vendito
901 284 964 315 aut
985 275 1176 314 conducto
1198 279 1263 313 aut
1281 274 1407 313 locato
1430 278 1563 312 contra

158 338 272 376 fidem
300 336 416 381 fiunt,
443 334 532 372 inde
558 334 740 374 iudicium
767 334 967 386 publicum
994 332 1048 371 rei
1070 331 1235 383 privatae
1255 331 1335 381 lege
1356 328 1561 376 Plaetoria,

157 393 245 431 Inde
272 390 522 429 everriculum
549 391 775 429 malitiarum
806 389 1004 435 omnium,
1038 387 1220 427 iudicium
1248 387 1295 425 de
1322 386 1411 425 dolo
1441 385 1560 430 111310,

158 448 259 499 quod
285 447 322 486 C.
346 446 550 497 Aquillius,
575 447 769 486 familiaris
791 452 942 491 noster,
964 444 1138 496 protulit3
1171 456 1283 494 quem
1306 443 1437 481 dolum
1460 441 1562 479 idem

156 504 340 555 Aquillius
358 509 438 541 tum
457 503 579 541 teneri
596 508 716 554 putat,
735 515 851 554 quum
870 502 969 541 aliud
988 502 1037 540 sit
1054 500 1287 546 simulatum,
1305 499 1404 537 aliud
1422 503 1561 536 actum.

156 559 262 599 Hanc
283 560 398 610 igitur
418 565 560 598 tantam
584 572 603 597 a
626 560 697 598 diis
726 558 1008 597 immortalibus
1035 557 1266 595 arbitramur
1286 555 1476 593 malorum
1501 566 1562 592 se—
1591 560 1632 591 75

157 622 326 655 mentem
349 629 435 654 esse
456 613 623 654 factam?
654 615 693 653 Si
716 615 817 653 enim
840 614 1027 652 rationem
1051 612 1273 651 hominibus
1292 612 1342 649 dii
1364 611 1562 656 dederunt,

158 672 341 711 malitiam
364 672 566 710 dederunt:
588 677 646 709 est
667 671 770 709 enim
793 670 933 708 malitia
955 674 1107 707 versuta
1130 673 1165 707 et
1189 668 1297 706 fallax
1316 666 1483 705 nocendi
1500 678 1563 704 ra-

158 729 230 767 tio:
253 728 366 766 iidem
385 728 494 766 etiam
515 727 564 765 dii
587 727 757 765 fraudem
775 727 972 771 dederunt,
996 725 1143 763 facinus
1163 729 1375 774 ceteraque,
1397 734 1563 773 quorum

156 784 250 823 nihil
271 796 340 822 nec
360 783 504 834 suscipi
526 783 609 821 sine
630 783 778 821 ratione
800 794 870 820 nec
891 781 989 819 011101
1010 787 1149 831 potest.
1194 779 1347 818 Utinam
1368 778 1502 829 igitur,
1523 782 1565 816 ut

156 841 216 880 illa
237 852 334 878 anus
357 844 481 890 optat,

373 918 429 922 -
449 907 495 932 ne
515 896 555 932 in
575 906 730 932 nemore
751 892 855 932 Pe'le'o
878 893 1076 931 securibus

378 963 487 989 caesa
509 951 706 989 decidisset
726 950 887 1001 (ibi'eyna
910 950 959 988 ad
980 950 1126 988 terram
1149 947 1295 992 trabes,

156 1008 213 1047 sic
233 1008 347 1045 istam
371 1007 609 1045 calliditatem
636 1006 859 1044 hominibus
883 1005 933 1043 dii
960 1018 1008 1043 ne
1030 1002 1243 1043 dedissent!
1280 1015 1353 1053 qua
1382 1001 1565 1052 perpauci

155 1064 252 1103 bene
272 1068 450 1109 utuntur,
484 1062 546 1113 qui
568 1068 696 1101 tamen
718 1063 791 1113 ipsi
816 1075 931 1112 saepe
952 1075 971 1100 a
993 1061 1089 1099 male
1111 1060 1309 1099 utentibus
1333 1057 1564 1109 opprimun-

157 1126 236 1166 tur,
265 1119 560 1158 innumerabiles
583 1124 707 1157 autem
739 1118 915 1169 improbe
936 1123 1112 1162 utuntur,
1138 1122 1182 1154 ut
1203 1116 1349 1154 donum
1371 1115 1447 1153 hoc
1468 1113 1564 1151 divi-

156 1189 250 1215 num
272 1175 432 1214 rationis
455 1181 490 1213 et
508 1175 656 1213 consilii
675 1175 720 1213 ad
742 1175 914 1213 fraudem
933 1173 1170 1218 hominibus,
1193 1183 1273 1210 non
1290 1171 1335 1209 ad
1352 1170 1563 1208 bonitatem

156 1232 395 1282 impertitum
418 1244 503 1269 esse
524 1231 705 1269 videatur.
749 1231 823 1269 Sed
847 1230 991 1281 urgetis
1014 1228 1236 1274 identidem,
1257 1226 1463 1266 hominum
1479 1238 1563 1264 esse
1589 1218 1641 1257 31

156 1289 268 1326 istam
291 1287 454 1337 culpam,
477 1299 557 1325 non
580 1287 760 1325 deorum:
784 1292 825 1325 ut
846 1287 877 1324 si
899 1286 1071 1324 medicus
1092 1284 1313 1335 gravitatem
1331 1282 1469 1327 morbi,
1493 1294 1563 1333 gu-
1594 1279 1636 1311 76

155 1345 337 1383 bernator
357 1343 430 1381 vim
454 1343 694 1393 tempestatis
713 1349 883 1382 accuset:
907 1342 977 1381 etsi
1000 1342 1038 1380 hi
1063 1341 1217 1393 quidem
1239 1338 1476 1383 homunculi,
1499 1337 1566 1375 sed

156 1406 283 1439 tamen
311 1399 469 1438 ridiculi.
519 1399 614 1446 Quis
642 1399 744 1437 enim
774 1404 808 1437 te
836 1398 1090 1442 adhibuisset,
1126 1397 1261 1435 dixerit
1288 1395 1498 1446 quispiam,
1534 1393 1566 1431 si

156 1457 227 1495 ista
248 1468 328 1494 non
350 1453 508 1493 essent?
549 1455 691 1493 Contra
708 1456 821 1493 deum
843 1455 929 1493 licet
946 1455 1142 1504 disputare
1162 1452 1330 1491 liberius.
1371 1451 1415 1488 In
1436 1449 1565 1488 homi-

157 1525 252 1550 num
275 1512 373 1550 vitiis
401 1511 455 1550 ais
483 1524 568 1550 esse
596 1512 760 1562 culpam.
801 1511 895 1549 Eam
917 1511 1088 1549 dedisses
1120 1508 1342 1547 hominibus
1365 1506 1566 1552 rationem,

159 1581 255 1619 quae
282 1568 371 1606 vitia
399 1568 626 1618 culpamque
657 1567 882 1605 excluderet.
934 1566 1006 1605 Ubi
1042 1566 1157 1616 igitur
1192 1565 1300 1603 locus
1337 1563 1408 1602 fuit
1444 1561 1567 1600 errori

160 1622 355 1663 deorum?
396 1623 491 1661 Nam
520 1623 751 1674 patrimonia
779 1636 848 1673 spe
876 1623 972 1661 bene
999 1621 1175 1660 tradendi
1196 1619 1466 1671 relinquimus,
1494 1629 1567 1668 qua

159 1692 370 1731 possumus
393 1679 485 1717 falli:
510 1679 602 1717 deus
626 1679 698 1717 falli
717 1682 781 1729 qui
802 1677 959 1729 potuit?
981 1679 1039 1717 An
1057 1684 1097 1716 ut
1115 1677 1194 1723 Sol,
1218 1677 1255 1714 in
1273 1688 1430 1714 currum
1447 1685 1567 1725 quum

159 1736 440 1775 Phaethontem
462 1735 579 1774 filium
602 1735 776 1781 sustulit,
803 1742 867 1774 aut
887 1735 1108 1785 Neptunus,
1131 1745 1250 1784 quum
1273 1732 1448 1770 Theseus
1470 1730 1566 1780 Hip-

163 1871 214 1910 17,
234 1869 291 1901 70:
319 1868 529 1909 Q.'Seaet·0la
542 1870 632 1911 fidei
647 1870 750 1901 bonae
765 1879 826 1901 uo-

159 1926 232 1946 men
252 1915 473 1946 e.1·e'stz'7nabat
494 1924 635 1946 mmmre
652 1915 826 1953 latissime,

158 1959 256 2002 idque
269 1961 402 1991 versari
413 1962 444 1990 ῖη
460 1959 585 1999 tutelis,
599 1961 827 2000 societatibus,

150 2005 307 2047 fiduciis,
338 2004 526 2045 vmndate's,
561 2005 661 2036 rebus
694 2005 824 2047 emptis,

159 2049 308 2089 venditis,
327 2049 509 2087 conductis,
528 2049 656 2081 locatis.

204 2095 277 2136 lege
300 2095 480 2126 Plaetoria.
515 2094 596 2125 Zum
621 2094 742 2125 Schutz
768 2094 827 2125 der

160 2139 440 2179 Minderjiilirigen
461 2140 576 2178 (unter
593 2139 634 2169 25
653 2139 700 2177 J.)
721 2149 825 2179 gegen

161 2184 410 2224 betriigerische
440 2184 761 2223 Uebervortheilung
794 2184 826 2214 in

160 2228 490 2268 Rechtsgesch'aften.
509 2228 574 2259 Das
584 2228 708 2260 Gesetz
719 2232 826 2259 setzte

161 2274 220 2306 aul¹
240 2274 373 2305 solchen
394 2274 516 2313 Betrug
540 2274 612 2304 eine
638 2272 826 2304 offentliche

162 2320 243 2351 oder
266 2318 527 2350 Criininalstral'e
557 2319 621 2349 und
648 2322 827 2357 gestattete

163 2365 214 2395 die
244 2362 347 2404 Hlage
376 2364 504 2405 Jedem,
537 2364 626 2394 nicht
654 2362 727 2393 blos
757 2363 828 2393 dem

162 2408 374 2440 Verletzten:
409 2409 510 2439 daher
538 2407 695 2439 iudicium
722 2407 830 2451 publi-

163 2463 238 2485 cum
254 2455 305 2485 rei
316 2456 476 2496 pm'vatae.

209 2499 297 2540 quod
334 2498 367 2529 C.
400 2498 569 2539 Aquillius
601 2516 646 2520 —-
674 2497 829 2541 protulit.

165 2542 341 2574 Vielleicht
358 2543 389 2573 in
407 2544 478 2574 dem
496 2543 607 2583 Edict,
631 2552 700 2573 was
725 2552 762 2573 er
778 2542 829 2573 als

165 2587 285 2619 Pr'ator
301 2588 343 2618 im
361 2587 390 2618 J.
409 2587 487 2627 b‘SS,
510 2597 562 2619 wo
581 2597 618 2618 er
638 2588 696 2618 mit
714 2586 829 2617 Cicero

900 1869 1048 1908 zugleich
1068 1868 1119 1899 dic
1137 1867 1260 1899 Priitur
1280 1866 1484 1904 bekleidete,
1511 1874 1568 1894 er-

899 1913 990 1944 liess.
1030 1913 1088 1944 Die
1119 1912 1272 1951 folgende
1302 1910 1479 1942 Definition
1510 1909 1567 1939 des

900 1958 1076 2033 (llqlagohat
1093 1957 1210 1989 Cicero
1233 1957 1316 1988 auch
1339 1956 1378 1986 de
1404 1954 1498 1986 Offic.
1517 1952 1568 1994 III,

946 2057 999 2087 75.
1040 2056 1175 2089 Utinam
1196 2066 1238 2086 ne
1260 2057 1291 2086 in
1319 2063 1467 2085 nemore.
1500 2052 1568 2082 An-

899 2101 977 2141 fang
1000 2102 1058 2132 der
1082 2100 1325 2132 Ennianischen
1350 2098 1483 2137 Medea,
1507 2106 1568 2127 an-

899 2146 964 2187 ges.
983 2147 1064 2177 auch
1083 2146 1121 2177 de
1140 2145 1222 2176 Fato
1242 2154 1268 2175 c.
1291 2143 1341 2173 15.

947 2207 1014 2245 31.
1034 2212 1086 2243 76.
1115 2212 1238 2243 Contra
1252 2210 1351 2242 deum
1363 2229 1406 2232 —
1420 2209 1567 2240 liberius.

901 2258 993 2291 weil
1012 2257 1149 2288 niimlich
1170 2256 1220 2287 die
1235 2255 1296 2287 Art
1312 2266 1375 2287 von
1392 2253 1569 2285 Entschul-

901 2299 1567 2343 diguug,welcheMenschen,wieAerztc

902 2349 967 2379 und
983 2347 1205 2384 Steuerleute,
1224 2346 1275 2376 bei
1290 2345 1490 2376 schlechtcm
1506 2343 1568 2373 Er-

902 2393 991 2433 solge
1010 2393 1099 2423 ihrer
1114 2392 1342 2430 Bemiihungen
1361 2389 1414 2419 1111·
1427 2388 1494 2419 sich
1509 2397 1568 2418 an-

903 2438 1032 2477 ffibren,
1053 2437 1104 2468 bei
1122 2438 1184 2467 den
1204 2435 1345 2467 Giittern
1365 2434 1453 2464 nicht
1471 2436 1569 2463 statt-

904 2483 1009 2514 finden
1031 2483 1126 2513 kann.

949 2539 1100 2571 dedisses
1112 2553 1156 2564 =
1170 2537 1251 2569 (lare
1268 2536 1452 2568 debuisses.
1481 2533 1512 2564 S.
1528 2542 1569 2564 zu

902 2584 926 2625 I,
945 2584 997 2623 32,
1017 2584 1069 2615 89.
