1684 2819
629 173 706 207 LIB.
725 173 777 206 111.
811 173 900 206 ΟΑΡ.
922 174 972 206 19.
993 174 1045 206 20.
1456 176 1534 215 195

137 277 228 316 tatio
263 276 438 316 Pinthiae
475 276 607 325 fuisse,
650 277 767 328 equiti
800 277 975 315 Romano
1020 287 1110 315 sane
1144 277 1329 323 honesto,
1374 289 1461 316 cum
1502 276 1534 316 is

139 333 391 384 sponsionem
420 332 574 372 fecisset
600 347 639 372 NI
661 346 722 372 vm
744 345 869 371 noxus
891 345 1022 371 ESSET.
1063 333 1193 384 Itaque
1213 332 1246 371 ei
1267 332 1408 372 dixisse
1428 332 1535 372 Fim-

135 389 256 428 briam
279 402 320 428 se
340 389 441 427 illam
462 402 544 428 rem
565 402 775 441 numquam
796 389 1066 437 iudicaturum,
1088 401 1136 427 ne
1156 394 1221 428 aut
1241 388 1421 440 spoliaret
1437 390 1537 429 sama

137 446 344 497 probatum
365 446 583 494 hominem,
612 446 645 485 si
666 451 801 485 contra
823 445 1079 493 iudicavisset,
1105 451 1166 484 aut
1190 445 1367 484 statuisse
1388 446 1535 484 videre-

138 508 200 541 tur
225 502 348 541 virum
384 503 530 541 bonum
568 515 652 541 esse
685 502 867 553 aliquem,
904 515 992 541 cum
1026 515 1068 541 ea
1100 515 1161 541 res
1195 502 1535 541 innumerabilibus

137 559 270 598 officiis
298 564 334 597 et
360 558 534 598 laudibus
561 558 831 598 contineretur.
885 559 983 598 Huic
1009 558 1123 609 igitur
1148 558 1228 597 viro
1260 558 1384 604 bono,
1421 571 1536 609 quem

135 615 303 654 Fimbria
333 615 465 662 etiam,
492 628 573 653 non
600 616 718 654 modo
741 615 919 654 Socrates
946 621 1121 662 noverat,
1149 615 1252 654 nullo
1277 615 1395 654 modo
1420 614 1536 653 videri

135 677 263 723 potest
290 671 492 722 quicquam
521 684 605 710 esse
632 672 720 710 utile
742 672 846 722 quod
866 683 947 709 non
968 671 1177 710 honestum
1199 672 1259 710 sit.
1302 671 1430 722 ltaque
1450 670 1535 709 talis

136 728 192 766 vir
219 739 298 766 non
327 729 446 767 modo
474 729 612 775 facere,
641 728 706 766 sed
727 740 774 766 ne
797 727 962 778 cogitare
983 728 1136 778 quidem
1159 728 1363 778 quicquam
1385 727 1538 766 audebit

135 785 239 835 quod
260 796 340 823 non
363 785 499 823 audeat
519 784 747 835 praedicare.
783 784 889 823 ,Haec
909 796 988 822 non
1011 789 1122 834 turpe
1143 790 1201 822 est
1222 784 1393 822 dubitare
1409 783 1536 834 philo-

136 841 303 891 sophos,
334 853 429 891 quae
456 852 504 878 ne
532 840 664 879 rustici
693 840 846 891 quidem
874 838 1075 878 dubitent?
1104 853 1123 878 a
1152 840 1290 890 quibus
1317 845 1451 878 natum
1480 845 1538 878 est

134 897 192 943 id,
221 897 324 948 quod
352 896 429 935 iam
457 897 667 935 contritum
696 902 753 934 est
786 901 969 935 vetustate
1002 896 1261 947 proverbium.
1311 895 1406 934 Cum
1433 896 1536 934 enim

133 953 248 992 fidem
271 953 428 992 alicuius
450 953 737 1004 bonitatemque
756 953 928 1000 laudant,
956 952 1133 1003 ‘dignum
1155 952 1256 991 esse'
1280 952 1410 991 dicunt
1432 951 1535 1003 ‘qui—

135 1021 223 1048 cum
249 1009 288 1048 in
316 1009 485 1048 tenebris
512 1009 655 1048 1111665.Ἰ
704 1009 786 1048 Hoc
813 1022 927 1060 quam
953 1009 1065 1048 habet
1092 1008 1168 1047 vim
1196 1008 1270 1047 nisi
1297 1008 1414 1055 illam,
1442 1008 1537 1046 nihil

134 1065 313 1116 expedire
335 1066 437 1117 quod
459 1078 539 1104 non
562 1066 703 1112 deceat,
725 1065 837 1104 etiam
861 1065 891 1103 si
914 1065 950 1103 id
971 1065 1099 1116 possis
1124 1065 1226 1104 nullo
1248 1065 1438 1103 refellente
1464 1064 1535 1103 ob-

136 1120 285 1161 tinere?
326 1122 490 1161 Videsne
512 1123 587 1160 hoc
607 1122 812 1173 proverbio
834 1134 957 1172 neque
974 1121 1067 1173 Gygi
1088 1121 1137 1160 illi
1160 1134 1276 1172 posse
1292 1121 1438 1160 veniam
1456 1121 1535 1160 dari
1565 1125 1606 1156 78

134 1191 258 1230 neque
285 1178 389 1225 huic,
421 1191 534 1230 quem
562 1179 689 1229 paullo
717 1184 803 1217 ante
832 1177 1021 1228 fingebam
1050 1177 1257 1228 digitorum
1284 1177 1537 1228 percussione

134 1234 361 1274 hereditates
384 1235 558 1273 omnium
580 1248 699 1285 posse
720 1232 971 1273 converrere?
1011 1234 1061 1272 Ut
1082 1234 1195 1280 enim,
1217 1234 1319 1284 quod
1342 1239 1452 1284 turpe
1469 1238 1537 1280 est,

133 1291 189 1338 id,
213 1291 385 1343 quamvis
409 1291 628 1338 occultetur,
650 1296 776 1329 tamen
798 1291 1006 1329 honestum
1030 1289 1110 1329 lieri
1132 1290 1236 1328 nullo
1259 1289 1376 1328 modo
1398 1295 1537 1340 potest,

135 1347 209 1395 sic,
238 1347 340 1398 quod
362 1348 572 1386 honestum
593 1359 672 1385 non
695 1352 770 1394 est,
791 1347 827 1386 id
851 1347 940 1386 utile
962 1351 1003 1385 ut
1025 1347 1075 1385 sit
1095 1347 1193 1386 effici
1214 1358 1295 1385 non
1318 1350 1448 1397 potest
1469 1346 1536 1385 ad-

132 1409 306 1444 versante
327 1409 363 1442 et
382 1409 619 1455 repugnante
641 1409 785 1442 natura.
1563 1432 1616 1469 ,20

246 1461 294 1499 At
314 1460 436 1507 enim,
459 1472 546 1498 cum
568 1472 777 1511 permagna
797 1459 963 1511 praemia
988 1465 1095 1505 sunt,
1124 1464 1181 1498 est
1206 1472 1319 1498 causa
1340 1459 1535 1510 peccandi.
1566 1482 1608 1514 79

133 1564 232 1603 atque
257 1562 325 1593 elta
347 1561 453 1592 bonus
475 1563 594 1593 auctor
616 1563 648 1592 in
672 1563 800 1601 senatu,

133 1606 222 1638 idem
239 1605 423 1638 tolerabilis
439 1609 604 1649 patronus
627 1616 686 1637 nec
703 1605 800 1637 rudis

133 1653 168 1682 in
197 1653 270 1683 iure
298 1650 386 1682 civili
414 1653 446 1682 et
473 1661 549 1682 cum
578 1652 702 1682 virtute
731 1654 801 1682 tuln

136 1698 237 1728 etiam
253 1697 328 1739 ipso
347 1697 510 1727 orationis
524 1706 652 1738 genere
669 1695 762 1727 liber.

181 1742 398 1785 sponsionem
412 1741 514 1782 fecit.
552 1741 619 1771 Der
642 1740 799 1780 Beklagte

135 1787 263 1817 machte
297 1786 365 1817 sich
397 1786 587 1826 anlieischig
616 1796 656 1816 zu
685 1785 799 1817 Etwas

136 1835 235 1862 unter
258 1831 317 1862 der
333 1831 538 1871 Bedingung,
569 1831 644 1861 dass
672 1831 723 1861 die
742 1831 802 1861 sse-

136 1877 302 1918 hauptung
327 1876 386 1906 der
409 1874 550 1915 Hliigers
577 1875 695 1916 richtig
723 1876 803 1906 oder

138 1921 227 1952 seine
245 1920 348 1952 falsch
366 1920 424 1951 sei.
466 1921 532 1951 Der
549 1920 677 1951 BeweiS
696 1921 801 1951 davon

137 1965 305 1997 entschied
322 1965 406 1996 dann
424 1966 484 1996 den
502 1964 654 1996 process.
684 1964 742 1996 Ol't
760 1965 803 1996 ist

136 2011 237 2041 daher
255 2010 305 2041 die
332 2010 463 2052 sponsio
496 2012 650 2053 (sponsio
667 2012 803 2053 praeiu-

136 2055 282 2095 dictatis)
300 2066 360 2086 nur
373 2055 444 2086 eine
459 2054 568 2095 Form,
586 2055 646 2086 den
662 2055 802 2086 process

138 2100 350 2131 einzuleiten.
408 2100 488 2130 Hier
520 2100 590 2130 also
624 2101 801 2141 versprach

137 2144 282 2176 Fimbria
300 2155 340 2175 zu
360 2144 485 2181 zahlen,
506 2144 547 2175 im
568 2144 641 2175 Fan
658 2155 729 2175 man
749 2145 801 2175 ibn

139 2189 226 2220 nicht
264 2189 313 2220 als
344 2189 550 2220 Ehrenmauu
590 2189 800 2220 anerkennen

138 2234 262 2265 wiirde.

183 2279 336 2321 aliquem,
354 2278 468 2318 irgend
478 2278 579 2318 einer,
598 2279 801 2310 wercsauch

139 2325 209 2356 sein
233 2334 323 2364 mag,
354 2323 459 2354 wobei
483 2334 545 2354 von
571 2324 630 2354 der
655 2323 801 2365 Qualit‘zit

137 2369 324 2410 abgesehen
342 2368 436 2399 wird.
470 2367 496 2410 I,
518 2368 575 2408 11,
594 2368 634 2399 35
659 2368 803 2410 aliquam¹

139 2425 210 2446 rem
222 2413 390 2458 publicam
405 2414 616 2445 haberemus.
641 2412 684 2444 III
698 2414 726 2455 ξ.
740 2413 802 2444 115>

140 2458 248 2501 aliquo
265 2458 376 2490 modo.

184 2515 251 2536 non
267 2504 367 2536 modo
383 2502 561 2535 Socrates:
586 2502 618 2544 ξ.
640 2503 690 2534 11.

185 2560 253 2581 non
269 2549 368 2581 modo
380 2550 525 2590 sacer-e:
549 2559 615 2580 non
632 2547 731 2579 modo
750 2547 805 2578 fiir

142 2604 206 2625 non
220 2594 313 2626 modo
328 2604 391 2626 non
405 2594 490 2627 kann
508 2604 570 2625 nur
586 2597 702 2634 gesagt
719 2602 806 2623 wer-

874 1561 1049 1600 den,we1m
1058 1560 1139 1591 auch
1151 1560 1209 1591 der
1223 1560 1341 1591 zweite
1351 1559 1429 1590 Satz
1439 1569 1537 1599 nega-

874 1605 919 1636 tiv
928 1604 981 1643 ist,
993 1605 1085 1636 beide
1095 1605 1194 1636 Siitze
1203 1605 1253 1636 ein
1262 1603 1540 1645 gemeinschaftli-

873 1651 949 1681 ches
967 1649 1120 1681 Priidicat
1137 1650 1255 1690 haben,
1276 1650 1340 1680 und
1357 1650 1467 1680 dieses
1484 1649 1537 1680 bei

872 1696 943 1726 dem
966 1695 1090 1726 letzten
1115 1695 1213 1726 Satze
1239 1695 1342 1733 steht,
1373 1694 1435 1725 wie
1466 1694 1538 1725 hier

871 1740 1014 1772 audebit.
1048 1740 1135 1771 Doch
1154 1750 1178 1770 5.
1197 1751 1225 1770 Ζ.
1244 1739 1368 1780 §.1052

916 1787 1049 1817 vnit-are.
1082 1785 1146 1816 Das
1162 1785 1242 1816 noch
1259 1785 1355 1815 brute
1371 1784 1403 1814 in
1420 1782 1537 1815 Italien

875 1835 971 1861 unter
994 1830 1064 1860 dem
1092 1829 1216 1861 Numen
1240 1829 1270 1860 13
1293 1839 1384 1860 mora
1408 1828 1536 1860 iibliche

875 1875 964 1916 Spiel
982 1875 1111 1906 bestebt
1124 1875 1227 1909 darin,
1245 1875 1320 1905 dass
1335 1874 1429 1904 beide
1445 1873 1536 1915 Spic-

875 1920 970 1951 lende
996 1920 1144 1959 zugleich
1168 1919 1241 1950 eine
1265 1919 1390 1950 Anzalil
1414 1919 1537 1958 Finger

874 1964 1089 1996 ausstrecken
1104 1965 1167 1995 und
1183 1965 1255 1995 eine
1271 1963 1353 1995 Zahl
1367 1962 1535 1995 ausi-ufen.

876 2010 1018 2041 &Vessen
1047 2009 1128 2040 Zahl
1152 2009 1203 2040 die
1228 2009 1356 2040 Summe
1386 2009 1445 2040 der
1473 2018 1536 2039 von

874 2055 993 2086 Beiden
1012 2054 1283 2094 ausgestreckten
1301 2054 1424 2092 Finger
1442 2053 1536 2091 trifft,

875 2101 933 2131 der
947 2100 1002 2130 hat
1015 2109 1207 2138 gewonnen.
1223 2098 1416 2129 DieRo‘mer
1426 2098 1537 2128 wand-

875 2149 928 2175 ten
947 2144 1004 2175 das
1023 2144 1111 2185 Spiel
1136 2144 1216 2174 auch
1239 2143 1288 2173 als
1308 2143 1381 2173 eine
1400 2143 1463 2174 Art
1479 2143 1537 2173 des

874 2189 1024 2220 Loosens
1041 2199 1092 2227 un,
1112 2199 1140 2218 z.
1162 2188 1194 2218 B.
1213 2187 1295 2218 heim
1313 2186 1419 2226 Haut}
1439 2187 1468 2228 ξ.
1483 2186 1537 2218 90.

873 2234 963 2264 Suet.
979 2233 1061 2273 Aug.
1077 2232 1118 2263 30
1135 2232 1219 2264 altos
1232 2235 1368 2276 patrem
1385 2232 1539 2275 etfillum

871 2289 934 2321 pro
967 2280 1035 2310 vita
1068 2280 1229 2319 rogantes
1262 2278 1383 2309 sortiri
1416 2280 1449 2309 et
1473 2279 1537 2308 mi—

875 2322 953 2355 care
969 2324 1129 2363 iussisse,
1157 2325 1195 2354 nt
1211 2322 1368 2354 alterutra·
1383 2321 1538 2354 eoncede-

874 2371 979 2400 retur.

920 2413 1010 2445 nullo
1044 2412 1232 2455 refellente,
1268 2413 1350 2443 ohne
1380 2413 1455 2443 dass
1484 2412 1537 2443 ihn

876 2458 1011 2489 demand
1030 2458 1086 2489 des
1104 2457 1266 2490 Unreclits
1285 2456 1468 2488 iiberfiilirt.

923 2502 974 2533 73.
1010 2501 1099 2544 Gygi
1112 2502 1174 2534 illi:
1200 2514 1226 2533 c.
1246 2502 1276 2533 9.

923 2541 991 2578 20.
1026 2548 1079 2578 79.
1117 2549 1167 2578 ‚lt
1198 2548 1287 2578 enlm
1312 2546 1402 2578 ffihrt
1427 2547 1541 2578 immer

878 2593 940 2624 wie
969 2588 1057 2624 ἀλλὰ
1080 2588 1150 2635 γάρ
1181 2592 1276 2624 einen
1300 2591 1455 2625 Einwurs
1481 2592 1539 2623 des

1213 2646 1276 2680 13*
