1684 2819
590 162 667 195 ΜΒ.
686 162 724 196 11,
763 162 854 195 CAP.
877 164 926 196 14.
948 164 997 196 15.
1422 165 1499 204 135

98 273 211 312 drum
238 270 357 309 filium
385 267 589 320 Philippus
618 272 789 313 accusat.
824 266 926 317 quod
961 266 1162 317 largitione
1195 265 1500 306 benevolentiam

100 328 351 368 Macedonum
368 330 629 364 consectetur:
652 324 768 371 ‚Quae
785 329 832 371 te,
855 322 1030 362 malum!‘
1053 323 1177 375 inquit
1200 322 1308 370 ‚ratio
1331 323 1371 362 in
1387 324 1500 363 istam

101 398 209 436 spem
231 382 396 429 induxit,
418 387 461 421 ut
481 395 548 421 eos
572 381 638 420 tibi
660 380 788 419 fideles
810 386 964 431 putares
988 381 1082 427 sore,
1107 392 1205 431 quos
1226 380 1390 431 pecunia
1412 393 1500 419 cor-

99 438 301 491 rupisses‘?
342 440 400 478 An
422 444 463 478 tu
483 439 520 477 id
543 438 635 489 agis,
656 442 699 476 ut
718 437 944 475 Macedones
966 448 1046 475 non
1068 442 1104 475 te
1127 449 1255 487 regem
1277 449 1411 483 suum,
1433 437 1501 476 sed

99 497 322 536 ministrum
343 501 380 535 et
400 495 656 547 praebitorem
683 491 859 544 putent?‘
899 494 1002 531 Bene
1029 493 1269 540 ‚ministrum
1292 499 1328 532 et
1348 493 1500 544 praebi-

101 557 249 599 torem‚‘
272 552 358 604 quia
375 552 575 591 sordidum
593 550 682 600 regi,
704 550 839 588 melius
862 550 987 594 etiam,
1013 551 1115 601 quod
1137 550 1391 600 ,largitionem
1413 562 1501 589 cor-

98 610 297 661 ruptelam‘
320 609 413 648 dixit
435 621 533 647 esse.
569 608 629 646 Fit
650 606 750 645 enim
775 606 940 645 deterior
963 606 1026 657 qui
1049 606 1186 658 accipit
1207 611 1320 658 atque
1337 606 1382 645 ad
1400 606 1500 645 idem

100 679 252 718 semper
280 665 558 716 expectandum
587 663 768 715 paratior.
820 663 903 701 Hoc
938 663 998 701 ille
1034 663 1128 710 filio,
1157 663 1223 701 sed
1251 668 1499 714 praeceptum

98 728 278 774 putemus
308 722 502 760 omnibus.
551 721 676 767 Quam
712 719 760 757 ob
788 732 869 758 rem
898 719 933 757 id
966 719 1119 770 quidem
1147 731 1228 757 non
1257 718 1415 758 dubium
1445 724 1503 757 est

99 780 190 831 quin
210 779 270 818 illa
292 778 522 828 benignitas,
546 789 641 827 quae
664 780 814 814 constet
836 788 877 813 ex
902 788 1020 825 opera
1043 780 1079 813 et
1100 775 1298 822 industria,
1321 781 1358 814 et
1377 776 1501 814 hone-

98 836 194 875 stior
215 835 263 874 sit
284 840 320 873 et
339 834 450 873 latius
482 838 609 884 pateat
629 838 664 870 et
684 832 811 882 possit
839 832 1025 882 prodesse
1053 831 1245 882 pluribus:
1273 843 1354 872 non
1383 844 1500 871 num-

98 904 212 943 quam
236 896 364 930 tamen
386 896 445 928 est
472 888 713 939 largiendum
735 899 807 926 nec
827 888 902 926 hoc
929 887 1172 938 benignitatis
1197 901 1316 938 genus
1339 888 1500 927 omnino

97 948 377 1000 repudiandum
400 952 436 986 et
458 959 571 997 saepe
599 945 747 984 idoneis
776 944 998 983 hominibus
1028 945 1288 995 indigentibus
1317 945 1363 984 de
1383 958 1424 984 re
1445 946 1501 984 fa-

97 1005 235 1044 miliari
255 1003 564 1055 impertiendum,
586 1003 653 1041 sed
675 1001 874 1052 diligenter
895 1007 1006 1052 atque
1023 1002 1228 1041 moderate.
1271 1001 1377 1040 Multi
1399 1002 1501 1040 enim

98 1061 330 1113 patrimonia
352 1060 568 1099 effuderunt
588 1058 804 1098 inconsulte
822 1057 1029 1108 largiendo.
1067 1058 1165 1105 Quid
1187 1064 1313 1097 autem
1330 1064 1388 1097 est
1405 1059 1501 1097 stul-

99 1119 172 1158 tius
195 1131 309 1170 quam
333 1117 435 1169 quod
457 1117 617 1155 libenter
645 1115 759 1154 facias
789 1127 921 1153 curare
954 1120 998 1153 ut
1031 1115 1067 1152 id
1102 1115 1244 1154 diutius
1272 1116 1394 1154 facere
1421 1127 1502 1153 non

96 1173 258 1226 possis?
291 1176 413 1224 Atque
436 1173 550 1211 etiam
574 1177 788 1224 sequuntur
810 1171 1051 1221 largitionem
1075 1172 1242 1222 rapinae.
1287 1172 1382 1210 Cum
1400 1171 1502 1209 enim

97 1232 223 1271 dando
253 1243 365 1281 egere
393 1235 619 1281 coeperunt,
657 1228 787 1267 alienis
815 1227 928 1265 bonis
956 1239 1094 1266 manus
1124 1229 1271 1266 adferre
1298 1234 1500 1279 coguntur.

95 1290 168 1335 Ita,
201 1300 287 1327 cum
314 1286 597 1326 benevolentiae
626 1284 908 1336 comparandae
937 1297 1050 1323 causa
1077 1284 1237 1323 benefici
1265 1297 1349 1324 esse
1377 1284 1502 1331 velint,

95 1357 175 1392 non
204 1348 307 1383 tanta
335 1343 460 1382 studia
491 1347 750 1394 assequuntur
777 1353 931 1389 eorum,
960 1341 1098 1392 quibus
1130 1341 1336 1389 dederunt,
1366 1346 1505 1392 quanta

98 1402 183 1440 odia
204 1413 353 1445 eorum,
376 1399 515 1451 quihus
537 1400 770 1438 ademerunt.
810 1398 934 1444 Quam
958 1398 1006 1436 ol)
1027 1410 1108 1436 rem
1131 1410 1202 1437 nec
1223 1398 1273 1437 ita
1297 1398 1506 1437 claudenda

97 1471 157 1496 res
179 1462 238 1496 est
259 1456 473 1501 familiaris.
504 1461 547 1494 ut
567 1468 650 1494 eam
672 1454 886 1505 benignitas
915 1454 1063 1505 aperire
1085 1466 1167 1493 non
1192 1455 1335 1505 possit,
1365 1467 1436 1493 nec
1456 1453 1506 1493 ita

97 1514 315 1559 reseranda,
339 1518 379 1552 ut
399 1517 525 1564 pateat
547 1511 740 1551 omnihus.
779 1511 917 1550 Modus
937 1511 1174 1559 adhibeatur,
1195 1511 1303 1563 isque
1319 1512 1508 1550 referatur

99 1572 145 1610 ad
173 1571 379 1610 facultates.
428 1568 596 1608 Omnino
626 1567 849 1607 meminisse
878 1567 1061 1606 debemus
1090 1568 1150 1614 id,
1184 1568 1286 1619 quod
1317 1581 1337 1606 a
1357 1567 1505 1606 nostris

96 1627 320 1667 hominibus
338 1626 562 1677 saepissime
578 1631 807 1676 usurpatum
825 1625 901 1663 iam
918 1624 956 1663 in
974 1624 1165 1675 proverbii
1186 1624 1504 1664 consuetudinem

96 1741 199 1784 bende
224 1739 503 1780 Wohlthiitigkeit
532 1738 765 1779 vorziiglicher

96 1787 156 1826 ist,
181 1786 330 1818 deterior
346 1786 434 1817 enim
443 1785 492 1827 fit
507 1786 564 1826 qui
578 1786 705 1827 accipit.

142 1831 303 1875 epistula:
320 1831 403 1863 iiber
416 1830 506 1861 diese
522 1828 628 1860 Briefe
647 1840 672 1860 s.
689 1840 717 1860 z.
733 1829 763 1870 §-

140 1924 291 1963 accasat,
312 1922 342 1953 d.
362 1921 381 1952 i.
402 1920 629 1962 reprehendit,
654 1919 764 1951 obiur-

96 1972 169 2009 gat3
194 1966 245 2010 ΙΙΙ,
264 1966 314 2007 23,
333 1966 386 1998 91.

141 2012 268 2044 malum
292 2012 335 2043 ist
351 2010 584 2052 Interjection3
619 2011 649 2042 in
668 2010 765 2043 Verr.

97 2058 152 2090 lib.
171 2057 193 2098 l,
209 2058 262 2099 20,
281 2057 323 2088 54
348 2067 447 2099 quae,
466 2056 610 2088 malum!
632 2059 684 2088 est
699 2057 767 2087 ista

98 2106 192 2136 tanta
208 2103 350 2135 audacia
366 2105 465 2143 atque
480 2103 637 2134 amentia.

141 2150 321 2192 praebitor‚
339 2144 515 2190 πάροχος,
529 2147 591 2178 wie
613 2147 653 2178 ad
666 2146 766 2178 Attic.

97 2193 182 2233 XIII,
209 2193 227 2224 2
254 2198 369 2234 gesagt
392 2192 491 2231 wird,
518 2192 561 2223 ist
578 2192 637 2223 der
654 2192 766 2223 Liefe-

98 2244 181 2281 rant,
204 2239 263 2270 der
286 2238 337 2269 die
356 2238 388 2269 in
407 2238 466 2268 der
481 2237 624 2269 Provinz
642 2237 768 2268 reisen-

98 2286 158 2316 den
193 2284 375 2315 romischen
410 2283 565 2314 Beomten
605 2282 663 2314 mit
695 2282 766 2313 dem

97 2329 260 2371 No'thigen
277 2333 445 2369 versorgt.

144 2374 197 2406 54.
224 2375 288 2406 late
300 2377 414 2418 patet:
433 2384 457 2405 s.
477 2384 505 2405 z.
525 2372 547 2413 Ι,
570 2373 599 2411 2,
619 2373 649 2404 4.

141 2420 278 2459 idoneis,
298 2420 328 2451 d.
348 2420 366 2451 i.
387 2419 504 2460 dignis,
522 2418 553 2460 ξ.
574 2417 627 2450 62.

143 2465 319 2507 dilig-enter
334 2465 491 2496 bedeutet
508 2465 609 2505 nicht,
633 2463 696 2494 wie
714 2463 765 2494 die

99 2510 221 2541 Lexiea
238 2510 403 2550 aldai-en,
422 2520 496 2542 enm
514 2509 656 2547 delectu,
681 2509 765 2539 deun

100 2556 157 2586 das
181 2555 261 2596 liegt
285 2566 344 2596 gar
366 2555 455 2587 nicht
478 2555 509 2586 in
534 2555 607 2586 dem
631 2554 764 2594 Worte‚

100 2600 241 2632 sondern
259 2599 444 2643 ‚sparsam‘3
470 2601 501 2631 in
517 2600 616 2633 Verr.
635 2599 690 2641 lv,
715 2598 765 2640 18,

838 1737 879 1769 39
897 1737 1079 1770 Deiotarus
1108 1738 1206 1769 homo
1232 1738 1345 1780 frugi
1371 1748 1410 1769 ao
1434 1736 1509 1769 dili-

834 1794 930 1825 gens,
957 1785 1091 1825 quisita
1108 1793 1309 1815 conservare
1324 1782 1429 1814 vellet.
1468 1782 1507 1813 ad

837 1829 977 1860 Herenn.
996 1827 1051 1869 IV,
1066 1828 1119 1867 25,
1135 1827 1175 1859 53
1193 1838 1259 1859 non
1278 1831 1330 1860 est
1350 1829 1418 1859 ista
1435 1826 1508 1859 dili-

832 1875 951 1916 gentia
974 1873 1035 1905 sed
1056 1875 1214 1913 avaritia,
1240 1873 1313 1905 ideo
1342 1872 1431 1915 quod
1458 1875 1510 1903 est

838 1919 1011 1961 diligentia
1027 1921 1186 1951 accurata
1203 1920 1412 1951 conservatio
1429 1928 1509 1949 suo-

839 1976 933 2005 rum,
970 1965 1114 1996 avaritia
1144 1966 1316 1996 incuriosa
1343 1964 1506 2007 appetitio

839 2011 1035 2042 alienorum.
1070 2008 1145 2049 Vgl.
1165 2009 1204 2040 de
1223 2009 1274 2040 off.
1295 2008 1319 2040 II
1342 2008 1374 2051 ξ
1393 2008 1433 2040 87
1452 2019 1507 2040 res

828 2055 1022 2099 familiaris
1056 2057 1249 2087 conservari
1275 2054 1448 2096 diligentia
1477 2055 1509 2084 et

836 2111 1058 2145 parsimonia.

884 2146 1096 2187 largitionem
1124 2147 1275 2187 rapinae.
1316 2143 1382 2176 Cic.
1406 2143 1508 2175 denkt

840 2202 879 2223 an
891 2191 995 2222 Leute
1010 2190 1071 2221 wie
1081 2189 1184 2229 Sulla,
1200 2189 1322 2221 Caesar
1335 2188 1366 2231 (l,
1379 2189 1430 2227 14,
1440 2188 1506 2229 43),

840 2236 1000 2268 Antonius
1030 2235 1093 2266 und
1116 2235 1218 2266 andre
1242 2234 1353 2266 seiner
1372 2234 1506 2275 Zeitge-

840 2291 971 2313 nossen.

885 2337 950 2358 non
968 2328 1063 2358 tanta
1076 2325 1191 2357 studia
1204 2327 1432 2367 assequuntur
1445 2327 1506 2357 cet.

839 2371 998 2403 Derselbe
1025 2370 1180 2403 Gedanke
1209 2370 1451 2402 ausffihrlicher
1476 2369 1505 2411 ξ.

840 2417 892 2449 79.

885 2462 938 2493 55.
957 2460 1379 2493 claudenda—reseranda.
1397 2460 1463 2492 Das
1472 2459 1504 2502 ξ

839 2507 878 2539 52
897 2508 1183 2550 ausgesprochene
1197 2507 1265 2538 Bild
1284 2506 1343 2538 der
1360 2516 1439 2538 area
1452 2506 1508 2537 hat

838 2553 890 2585 bei
930 2553 1017 2584 allen
1058 2552 1170 2584 diesen
1211 2551 1343 2584 verben
1383 2561 1505 2592 vorge-

840 2598 996 2630 sehwcbt.

1529 671 1570 701 54

1535 1405 1576 1455 55
