1684 2819
84 740 123 771 15

80 1414 120 1446 16

157 181 234 219 114
729 174 784 206 DE
811 174 992 210 orricus

151 280 334 320 utilitates
358 291 403 317 ex
423 277 539 316 rebus
562 277 626 324 iis,
651 289 748 328 quae
771 276 849 315 sint
869 275 1078 323 inanimae,
1099 277 1376 328 percipiantur,
1405 291 1470 317 eas
1491 289 1566 317 nos

152 336 256 376 nullo
293 334 411 373 modo
441 333 522 372 sine
549 333 754 371 hominum
782 344 903 372 manu
929 337 1043 383 atque
1072 344 1189 384 opera
1215 346 1349 384 capere
1377 335 1565 386 potuisse.

153 393 226 440 Qui
249 390 413 441 denique
435 402 481 428 ex
502 389 636 428 bestiis
659 390 806 428 fructus
829 394 893 427 aut
914 400 1010 439 quae
1033 388 1308 436 commoditas,
1337 391 1412 430 nisi
1434 390 1564 430 homi·

151 461 221 487 nes
243 447 477 493 adiuvarent,
498 445 645 497 percipi
668 444 832 496 posset?
872 444 968 483 Nam
991 450 1028 483 et
1049 445 1114 495 qui
1135 444 1330 496 principes
1346 446 1568 486 inveniendi

152 506 306 543 suerunt
328 515 443 554 quem
464 515 509 541 ex
532 514 682 553 quaque
704 502 815 540 belua
837 513 951 540 usum
974 500 1115 540 habere
1135 514 1362 552 possemus,
1383 503 1565 542 homines

153 566 254 599 certe
275 560 443 605 suerunt,
466 570 540 597 nec
562 559 636 596 hoc
657 563 833 609 tempore
855 558 938 596 sine
959 557 1163 596 hominum
1186 570 1304 609 opera
1327 564 1393 598 aut
1407 571 1566 610 pascere

152 630 217 669 aas
245 621 310 655 aut
336 615 496 654 domare
523 620 588 653 aut
617 615 712 654 tueri
743 620 807 653 aut
834 614 1085 664 tempestivos
1114 616 1261 653 fructus
1291 627 1336 653 ex
1357 615 1404 653 iis
1427 627 1564 666 capere

152 684 377 724 possemus,
406 671 451 710 al)
480 671 704 721 eisdemque
731 678 764 710 et
795 684 877 717 eae,
905 683 1002 721 quae
1030 676 1191 716 nocent,
1218 670 1502 710 interficiuntur
1530 677 1568 710 et

154 742 250 780 quae
270 729 357 768 usui
379 733 547 779 possunt
569 740 655 766 esse
677 727 892 778 capiuntur.
931 727 1032 774 Quid
1055 739 1279 765 enumerem
1301 727 1443 766 artium
1463 727 1565 768 mul-

153 785 374 832 titudinem,
405 784 488 823 sine.
516 784 656 835 quibus
685 784 758 823 vita
787 783 947 822 omnino
971 783 1071 822 nulla
1093 796 1179 822 esse
1201 782 1421 834 potuisset?
1463 783 1566 831 Quid

151 843 253 881 euim
276 841 400 892 aegris
423 841 662 887 subveniret,
686 853 781 891 quae
803 846 906 879 esset
929 840 1131 879 oblectatio
1154 840 1378 888 valentium,
1401 840 1466 891 qui
1486 840 1565 879 vic-

153 904 213 938 tus
235 904 301 937 aut
321 898 459 944 cultus,
482 897 557 936 nisi
581 903 657 936 tam
680 897 820 936 multae
844 896 959 935 nobis
981 902 1082 934 artes
1105 895 1399 936 ministrarent?
1422 896 1563 948 quibus

149 955 266 994 rebus
288 955 434 993 exculta
454 954 660 991 hominum
681 953 754 992 vita
776 958 924 991 tantum
948 952 1062 991 distat
1083 966 1102 991 a
1124 953 1224 991 victu
1245 961 1282 991 et
1299 953 1403 991 cultu
1418 953 1563 991 bestia—

149 1024 249 1050 rum.
291 1010 415 1049 Urbes
437 1022 528 1047 vero
553 1009 636 1048 siue
657 1009 861 1047 hominum
885 1014 997 1046 coetu
1019 1021 1099 1047 non
1122 1009 1344 1059 potuissent
1366 1021 1437 1048 nec
1457 1009 1562 1048 aedi—

150 1067 253 1105 ficari
275 1079 346 1105 nec
362 1065 607 1116 frequentari,
629 1078 674 1103 ex
692 1078 768 1115 quo
786 1065 889 1116 leges
908 1077 1116 1115 moresque
1134 1065 1345 1112 constituti,
1369 1070 1451 1104 tum
1469 1065 1563 1103 iuris

149 1136 268 1175 aequa
291 1122 500 1173 descriptio
524 1128 701 1173 certaque
721 1121 870 1160 vivendi
889 1121 1111 1171 disciplina:
1135 1134 1229 1172 quas
1246 1134 1308 1160 res
1326 1127 1362 1160 et
1378 1134 1562 1160 mansue—

149 1180 241 1219 tudo
264 1179 484 1218 animorum
508 1184 715 1217 consecuta
738 1184 774 1216 et
791 1178 1019 1217 verecundia
1036 1184 1106 1224 est,
1130 1179 1388 1229 ell'ectumque
1405 1184 1447 1216 ut
1462 1183 1564 1217 esset

149 1237 223 1275 vita
243 1235 431 1274 munitior
447 1243 560 1286 atque
578 1241 618 1273 ut
635 1235 763 1273 dando
786 1240 822 1273 et
839 1234 1060 1284 accipiendo
1079 1235 1353 1285 mutandisque
1374 1234 1563 1274 facultati-

148 1293 223 1332 bus
247 1299 284 1330 et
304 1291 522 1330 commodis
545 1292 645 1331 nulla
666 1304 707 1329 re
729 1303 946 1342 egeremus.

260 1348 479 1398 Longiores
500 1348 676 1387 hocloco
695 1360 832 1386 sumus
850 1359 965 1398 quam
983 1358 1142 1385 neccsse
1164 1353 1232 1385 est.
1271 1347 1366 1394 Quis
1383 1353 1442 1386 est
1457 1347 1560 1385 enini

151 1405 210 1444 cui
232 1417 313 1443 non
336 1405 542 1455 perspicua
564 1405 642 1443 sint
663 1404 735 1450 illa,
759 1416 856 1454 quae
874 1403 1051 1454 pluribus
1069 1403 1192 1441 verbis
1211 1416 1230 1441 a
1248 1403 1431 1442 Panaetio
1450 1416 1559 1442 com-

150 1466 431 1507 memorantur,
460 1461 655 1499 neminem
685 1472 811 1511 neque
841 1460 979 1498 ducem
1000 1459 1098 1497 bello
1122 1471 1194 1497 nee
1215 1459 1432 1510 principem
1455 1460 1561 1498 domi

148 1530 305 1569 magnas
335 1530 397 1556 res
424 1523 460 1555 et
489 1518 674 1556 salutares
704 1517 786 1555 sine
813 1516 1020 1554 hominum
1042 1515 1179 1555 studiis
1203 1528 1333 1567 gerere
1355 1514 1560 1567 potuisse‘.>

148 1574 487 1613 Commemoratur
508 1574 554 1612 ab
576 1586 621 1611 eo
644 1573 944 1615 Themistocles,
971 1573 1154 1618 Pericles,
1182 1572 1319 1623 CyruS,
1347 1572 1559 1623 Agesilaus,

148 1631 375 1675 Alexander,
405 1643 503 1681 quos
525 1636 640 1679 negat
661 1629 743 1668 sine
764 1629 995 1668 adiumentis
1018 1629 1221 1667 homiuum
1244 1634 1369 1668 tantas
1392 1641 1453 1668 res
1476 1630 1559 1668 effi-

148 1700 232 1726 cere
252 1686 440 1738 potuisse.
482 1686 609 1725 Utitur
630 1686 668 1724 in
690 1698 730 1724 re
752 1698 832 1723 non
854 1685 968 1724 dubia
990 1685 1151 1724 testibus
1174 1697 1253 1723 non
1275 1686 1516 1724 necessariis.

260 1743 383 1794 Atque
405 1748 446 1782 ut
467 1755 627 1793 magnas
650 1742 830 1781 utilitates
853 1742 1107 1792 adipiscimur
1126 1741 1414 1793 conspiratione
1431 1742 1561 1780 homi-

190 1843 274 1875 qnae
291 1835 360 1864 sint
376 1834 480 1873 geben
500 1834 551 1864 die
572 1833 687 1864 besten
708 1832 817 1873 Hdss.,

147 1879 209 1909 und
239 1888 275 1909 cs
307 1879 350 1909 ist
380 1878 453 1909 kein
482 1878 594 1909 Grund
625 1878 815 1908 vorhanden

146 1924 251 1954 daven
260 1922 460 1964 abzugelwn,
472 1934 565 1953 wem}
583 1923 650 1953 sicli
665 1923 746 1953 auch
756 1922 816 1952 der

145 1967 253 1999 Inhalt
282 1967 340 1998 des
370 1967 614 1999 Relativsatzes
647 1966 813 1998 selbstiin-

146 2013 200 2053 dig
217 2013 345 2044 denken
366 2013 467 2051 liisstg
488 2024 514 2043 s.
531 2024 559 2043 z.
578 2011 630 2051 Ill,
652 2012 679 2050 l,
704 2011 728 2042 1.

194 2058 245 2089 15.
274 2058 362 2098 Quid
377 2060 462 2089 em'm
477 2059 592 2099 aegris
610 2058 813 2088 subrenirel.

146 2103 205 2133 Die
235 2103 331 2134 Hdss.
367 2103 469 2134 haben
502 2102 600 2134 meist
629 2103 694 2143 qui.
739 2103 814 2143 (μηλ-

144 2159 166 2178 11
178 2149 258 2179 iirde
282 2148 353 2179 hier
375 2148 501 2179 minder
517 2147 659 2190 passend
678 2147 746 2177 sein
765 2147 814 2177 als

144 2194 224 2234 qm'd
245 2212 287 2215 —
311 2194 513 2234 salwvuirel,
532 2193 561 2223 d.
583 2193 602 2223 1,
623 2201 704 2234 quae
724 2196 814 2222 esset

142 2248 197 2269 ars
222 2238 439 2279 medicorum,
465 2239 536 2269 dem
562 2237 815 2276 verbm-gelien-

143 2284 203 2314 (1(·11
224 2284 476 2325 entspreelwml.

189 2331 275 2360 ricla
291 2332 323 2359 et
334 2329 426 2360 cedit!
447 2330 648 2360 beslinrum:
681 2326 701 2368 l,
720 2327 751 2367 ⁴1,
774 2327 811 2357 12

141 2373 188 2403 ml
203 2374 328 2405 cultam
348 2377 381 2405 et
395 2376 528 2405 rictum.
553 2374 606 2410 31),
630 2372 690 2403 106
706 2373 812 2403 violas

142 2419 317 2460 eamusque
350 2421 512 2461 eorporis.
564 2418 694 2448 Ebenso
728 2417 812 2447 wird

142 2474 223 2495 tas-ns
238 2467 270 2495 el
282 2464 392 2496 cullas
406 2464 515 2503 hiiufig
530 2463 729 2494 verbunden.
749 2463 812 2492 rse-

143 2512 196 2538 ΙΙΙ.»Ι
227 2509 358 2540 bezieht
388 2509 454 2539 sicli
485 2508 619 2539 (1111“(11(ι
643 2506 810 2547 Nalirung,

141 2554 250 2585 rullus
273 2554 332 2585 aul'
353 2554 403 2585 die
424 2553 586 2592 lileidung
609 2553 671 2583 und
689 2552 810 2582 andere

140 2598 353 2630 Bediirl'nisse
393 2599 450 2630 des
488 2598 712 2630 vei-seinertcn
747 2596 809 2627 Lc—

890 1832 980 1863 bens.
1006 1831 1115 1863 cultus
1129 1833 1219 1864 steht
1232 1832 1346 1864 darum
1361 1832 1449 1864 nicht
1461 1832 1563 1864 leicht

889 1888 953 1907 von
973 1876 1135 1908 Tliieren:
1154 1877 1224 1908 hier
1239 1878 1353 1908 wurde
1368 1878 1479 1909 indess
1494 1877 1560 1908 Cic.

888 1922 989 1952 dnm-h
1016 1922 1077 1952 den
1104 1921 1279 1961 Vergleieh
1311 1922 1418 1953 selbst
1442 1932 1561 1953 veran-

890 1967 983 2002 lasst,
1008 1976 1043 1997 es
1064 1966 1188 1997 aul'die
1207 1966 1328 1997 Tliiere
1346 1978 1386 1997 zu
1404 1967 1557 1998 iibertra-

888 2021 961 2050 gen,
987 2011 1050 2041 und
1077 2011 1179 2042 denkt
1202 2011 1296 2042 ‹labei
1316 2022 1355 2042 an
1374 2012 1425 2042 ‹lie
1444 2011 1559 2052 iibrige

888 2055 1133 2093 Lebensweise,
1151 2055 1330 2096 iVolinung
1342 2057 1406 2087 und
1420 2055 1559 2088 Zusam-

887 2100 1058 2132 inenleben
1079 2101 1266 2132 ‹lex-selben.

932 2147 1018 2177 iuris
1026 2157 1131 2187 aequa
1138 2146 1326 2190 desc-riphe,
1336 2146 1463 2186 gleiche
1472 2145 1559 2179 Ver-

888 2191 1035 2231 theilung
1049 2191 1107 2222 (les
1121 2190 1359 2230 Privati-echte,
1376 2192 1416 2223 im
1427 2190 1559 2232 Gegen—

888 2241 960 2267 satz
980 2247 1020 2266 zu
1038 2237 1148 2277 leg-es,·
1166 2247 1192 2267 s.
1211 2248 1240 2268 z.
1260 2236 1282 2275 l,
1303 2236 1355 2276 34,
1380 2236 1451 2267 1:24.

933 2281 1340 2322 mu[1111de's'l'arultal‘ibns
1363 2285 1395 2313 et
1412 2292 1558 2313 commo—

886 2326 955 2357 dis.-
995 2337 1030 2357 so
1073 2327 1176 2357 haben
1217 2327 1268 2358 die
1311 2327 1424 2357 besten
1460 2326 1557 2358 lldss.

887 2371 1041 2402 schreibt
1065 2381 1137 2402 man
1162 2372 1219 2403 mit
1238 2373 1298 2403 den
1318 2372 1456 2403 meisten
1475 2371 1557 2402 Her-

885 2416 1069 2455 nusgvbern
1100 2416 1366 2457 commodandi.s·‚
1398 2426 1434 2446 so
1465 2421 1557 2458 passt

886 2461 1055 2493 melundis
1080 2462 1167 2492 nirlit
1185 2462 1268 2492 dazu
1285 2462 1334 2492 als
1354 2460 1554 2501 Gegensatz.

886 2505 960 2537 Man
992 2506 1116 2537 miisste
1142 2506 1225 2537 ‹lann
1251 2507 1332 2537 auch
1359 2505 1555 2538 mutuandis

885 2551 1076 2590 sclireiben3
1112 2551 1177 2591 vgl.
1204 2550 1224 2587 1,
1254 2551 1282 2592 7,
1301 2551 1341 2582 22
1367 2553 1555 2583 mulatione

885 2596 928 2637 qs
943 2597 1090 2628 ἰίὀνιιηι.
