1684 2819
147 159 235 198 ⁷220
640 159 803 192 LIBER
821 160 861 193 v.
891 161 1076 202 7‚1s.19.

156 287 228 314 nee
266 275 382 314 timor
417 287 504 313 eum
536 285 606 312 nee
636 286 762 326 angor
793 271 1198 329 attingat‚'idemque
1230 275 1262 315 si
1294 274 1390 314 nihil
1423 288 1564 314 concu—

156 331 295 384 piscat,
322 330 429 369 nulla
452 329 640 368 efferatur
661 329 779 369 animi
803 329 910 370 inani
932 331 1158 384 voluptate,
1193 331 1283 384 quid
1308 338 1389 379 est,
1429 344 1499 370 eur
1529 331 1563 370 is

155 401 234 426 non
257 387 394 426 beatus
417 385 493 425 sit?
515 391 554 424 et
575 385 608 424 si
630 385 726 424 haec
748 385 896 425 virtute
919 386 1150 436 efficiuntur,
1175 388 1263 440 quid
1288 394 1364 437 est,
1391 401 1461 427 cur
1482 387 1563 426 vir-

155 450 217 483 tus
239 443 324 495 ipsa
346 454 415 493 per
435 454 479 480 se
501 454 579 480 non
603 442 742 481 efficiat
762 441 928 482 beatos?

90 500 117 543 7
267 497 328 538 A.
361 497 481 549 Atqui
504 497 670 538 alterum
694 498 767 538 diei
792 512 871 538 non
893 504 1038 552 potest,
1065 499 1157 551 quin
1179 499 1231 547 ii,
1267 500 1329 552 qui
1365 499 1460 539 nihil
1483 512 1564 539 me—

158 560 282 603 tuant,
309 553 405 593 nihil
426 561 638 607 angantur,
679 554 775 594 nihil
798 555 1095 608 concupiscant,
1133 555 1238 595 nulla
1260 556 1462 608 impotenti
1484 556 1564 596 lae-

156 610 241 649 titia
265 610 493 659 efferantur,
518 610 621 650 beati
646 611 745 661 sint3
778 612 911 664 itaque
933 611 971 651 id
994 611 1061 651 tibi
1085 611 1281 661 coneed03
1307 612 1473 652 alterum
1496 625 1565 652 au-

154 673 230 706 tem
255 667 330 706 iam
354 666 552 719 integrum
575 681 651 706 non
682 675 765 717 est3
800 668 1070 721 superioribus
1102 668 1203 708 enim
1237 668 1564 721 disputationibus

156 722 336 762 effectum
378 729 463 772 est,
507 737 651 764 vacare
693 724 796 764 omui
839 725 956 773 animi
995 724 1291 778 perturbatione
1327 725 1560 777 sapientem.

154 777 219 819 M.
244 779 438 819 Nimirum
461 779 584 833 igitur
606 782 783 821 confecta
804 794 869 821 res
896 787 978 832 est3
1014 781 1171 821 videtur
1201 780 1304 820 enim
1335 781 1381 821 ad
1413 780 1563 820 exitum

155 836 314 876 venisse
332 837 526 888 quaestio.
562 837 622 877 A.
650 837 933 891 Propemodum
950 838 987 878 id
1006 837 1175 890 quidem.
1210 836 1275 877 M.
1296 836 1566 877 Veruntamen

154 892 518 932 mathematicorum
552 893 626 933 iste
656 908 740 934 mos
774 901 856 942 est,
890 909 969 934 non
1000 901 1060 934 est
1088 894 1422 947 philosophorum.
1464 892 1564 933 Nam

154 955 382 1002 geometrae
405 963 521 1001 quum
545 949 686 1002 aliquid
711 951 851 990 docere
874 951 1028 999 volunt,
1049 951 1080 990 si
1100 951 1188 1003 quid
1211 951 1257 990 ad
1275 963 1359 990 eam
1375 964 1457 990 rem
1476 963 1564 1003 per-

155 1005 254 1044 tinet
276 1019 410 1045 eorum
427 1036 437 1054 ‚
469 1019 568 1058 quae
591 1015 681 1045 ante
705 1006 945 1055 docuerunt,
980 1007 1018 1046 id
1040 1013 1199 1047 sumunt
1222 1020 1291 1060 pro
1315 1020 1503 1046 concesso
1527 1013 1565 1045 et

154 1061 342 1114 probat03
375 1061 470 1101 illud
493 1063 607 1101 modo
631 1062 845 1116 explicant,
872 1063 918 1102 de
944 1077 1018 1115 quo
1040 1070 1134 1102 ante
1157 1063 1254 1102 nihil
1277 1062 1463 1116 scriptum
1487 1069 1561 1102 est.

154 1117 398 1171 Philosophi,
423 1132 694 1171 quameunque
715 1133 799 1159 rem
822 1119 966 1159 habent
986 1120 1026 1159 in
1049 1119 1243 1168 manibus,
1269 1120 1308 1159 in
1331 1131 1440 1167 eam,
1465 1131 1563 1172 quae

154 1174 417 1224 conveniunt,
451 1182 671 1227 congerunt
701 1177 856 1224 omnia,
890 1175 963 1216 etsi
996 1176 1072 1215 alio
1105 1176 1190 1215 loco
1223 1175 1421 1230 disputata
1454 1182 1560 1216 sunt.

154 1230 263 1281 Quod
287 1231 325 1270 ni
348 1231 403 1270 ita
426 1238 546 1280 esset,
573 1246 643 1272 cur
664 1233 821 1273 Stoicus
837 1264 847 1282 ‚
884 1233 918 1272 si
941 1239 1047 1272 esset
1067 1232 1285 1285 quaesitum
1301 1263 1321 1286 ,Ι
1343 1231 1493 1273 satisne
1515 1232 1562 1271 ad

151 1287 266 1328 beate
296 1287 507 1327 vivendum
538 1288 665 1328 virtus
688 1296 845 1342 posset,
880 1290 999 1329 multa
1032 1288 1209 1328 diceret?
1241 1289 1302 1328 cui
1333 1289 1429 1329 satis
1460 1295 1565 1328 esset

153 1344 410 1397 respondere,
436 1357 479 1385 se
502 1351 593 1384 ante
615 1345 813 1394 docuisse,
838 1345 938 1385 nihil
960 1345 1100 1385 bonum
1125 1358 1213 1387 esse
1228 1376 1238 1394 ,
1272 1345 1348 1385 nisi
1371 1346 1472 1398 quod
1496 1345 1564 1384 ho-

152 1406 306 1440 nestum
329 1407 449 1449 esset,
476 1400 548 1441 hoc
570 1401 732 1454 probato
756 1415 1001 1454 consequens
1025 1415 1127 1448 esse,
1166 1401 1318 1442 beatam
1342 1402 1461 1441 vitam
1484 1402 1564 1441 vir-

152 1463 235 1497 tute
258 1469 346 1496 esse
370 1464 619 1507 contentam,
653 1465 691 1497 et
723 1459 917 1510 quomodo
949 1458 1021 1497 hoe
1047 1459 1098 1498 sit
1120 1471 1368 1511 consequens
1389 1458 1473 1506 illi,
1508 1458 1563 1497 sie

152 1513 246 1553 illud
271 1512 375 1561 huic,
400 1520 455 1562 ut,
482 1514 514 1554 si
537 1513 646 1554 beata
668 1515 748 1554 vita
770 1514 919 1555 virtute
941 1521 1127 1555 contenta
1148 1515 1219 1564 sit,
1255 1515 1333 1554 nisi
1357 1515 1561 1554 honestum

88 1578 129 1610 19
153 1570 255 1622 quod
278 1569 344 1617 sit,
370 1570 467 1610 nihil
489 1570 591 1611 aliud
615 1571 668 1610 sit
688 1571 848 1610 bonum.
875 1571 950 1611 Sed
973 1578 1103 1611 tamen
1125 1585 1203 1611 non
1227 1578 1349 1625 agunt
1370 1571 1438 1611 sic.
1463 1570 1562 1610 Nam

152 1634 192 1666 et
213 1626 260 1665 de
284 1625 448 1667 honesto
472 1634 511 1667 et
533 1628 578 1668 de
601 1641 754 1668 summo
776 1628 880 1668 bono
903 1628 1114 1681 separatim
1138 1627 1225 1667 libri
1250 1634 1355 1676 sunt,
1384 1635 1421 1667 et
1444 1641 1561 1680 quum

153 1696 204 1723 ex
235 1696 281 1723 eo
305 1682 516 1733 efficiatur,
550 1685 646 1725 satis
678 1698 859 1738 magnam
890 1684 930 1724 in
953 1684 1101 1725 virtute
1131 1685 1178 1724 ad
1208 1685 1320 1724 beate
1353 1684 1562 1724 vivendum

152 1751 241 1780 esse
264 1738 359 1787 vim,
385 1739 507 1780 nihilo
531 1741 658 1782 minus
682 1740 755 1781 hoc
778 1748 899 1795 agunt
920 1741 1148 1795 separatim.
1182 1741 1357 1794 Propriis
1388 1741 1490 1781 enim
1524 1748 1563 1780 et

151 1795 232 1836 suis
255 1797 496 1847 argumentis
520 1807 556 1836 et
584 1796 916 1837 admonitionibus
946 1798 1148 1837 tractanda
1179 1810 1355 1850 quaeque
1387 1809 1450 1836 res
1483 1804 1560 1846 est,

150 1858 257 1892 tanta
280 1853 527 1904 praesertim.
555 1854 661 1894 Cave
685 1854 787 1893 enim
810 1861 937 1907 putes,
957 1854 1074 1893 ullam
1098 1854 1136 1893 in
1159 1854 1402 1907 philosophia
1425 1866 1561 1893 vocem

91 788 132 820 18

194 1968 357 2010 idemque
383 1972 414 2000 si
439 1974 529 2009 ete.‚
560 1970 694 2003 anakol.
724 1970 820 2003 Fort-

149 2018 289 2055 setzung
306 2024 368 2045 von
389 2017 453 2055 qui
470 2033 512 2038 -—
531 2015 654 2048 ducat.

194 2056 230 2094 7.
268 2062 351 2101 quin
384 2060 458 2091 hier
481 2076 527 2086 =
554 2059 617 2102 qm'
640 2072 719 2101 non,
749 2062 818 2093 also

148 2114 303 2145 „warum
322 2105 371 2136 sie
392 2106 542 2137 nicht—
556 2107 626 2138 sein
645 2107 817 2147 sollteu“;

145 2150 214 2189 vgl.
239 2150 291 2187 11,
314 2150 353 2181 32
382 2151 468 2192 quid
484 2155 539 2183 est
557 2162 705 2183 caussae
733 2155 817 2194 quin

146 2212 191 2217 ——-
210 2196 340 2226 liveat?

191 2243 381 2281 impotente·
398 2241 480 2281 „die
499 2242 567 2273 sich
594 2242 701 2274 selbst
725 2243 817 2274 nicht

146 2285 267 2325 z'u'getn
296 2285 425 2325 kann“‚
456 2287 528 2318 also
558 2288 814 2329 ‚‚unm2'issig“.

146 2329 188 2361 So
216 2330 272 2361 lv.
301 2331 352 2370 15,
375 2332 415 2362 :54
445 2334 657 2373 impotenlt'n
683 2336 815 2371 am‘mz'‚·

145 2374 185 2406 V.
210 2376 265 2414 20,
286 2376 327 2407 (30
352 2379 561 2417 impotentes
581 2379 813 2419 cupiditates.

190 2423 263 2453 iam
281 2424 461 2463 integrum
479 2433 548 2453 non
566 2427 619 2454 est
635 2424 707 2463 „ist
726 2425 816 2456 nieht

145 2467 239 2498 mehr
256 2467 562 2499 unentschieden‘n

192 2512 245 2543 18.
284 2514 450 2544 matham.
481 2532 523 2536 —
551 2517 622 2553 est,
660 2524 727 2545 non
765 2519 818 2546 est

141 2557 254 2599 plze'l.‚
283 2568 309 2589 s.
339 2557 363 2589 l.
386 2559 439 2598 418,
464 2559 526 2590 116
554 2569 595 2590 zu
624 2559 818 2600 defuerunt

143 2620 186 2625 —
206 2613 272 2634 non
294 2603 425 2645 defuit.

937 1970 985 2002 ml
1012 1981 1084 2002 eam
1114 1981 1208 2010 rem,
1238 1971 1289 2001 die
1318 1972 1366 2002 sie
1393 1971 1559 2002 heweisen

889 2016 1033 2055 wollen3
1073 2027 1191 2048 eornm
1228 2017 1345 2056 gehiirt
1379 2018 1439 2048 mit
1474 2016 1562 2058 quid

890 2071 1096 2093 zusammen.

935 2108 1026 2138 nihil
1053 2110 1224 2148 scriplum
1253 2111 1319 2138 est.
1357 2106 1475 2138 Cicero
1505 2107 1561 2138 hat

889 2152 960 2183 also
981 2153 1052 2184 hier
1071 2153 1161 2183 nicht
1180 2152 1457 2184 inatheniatische
1475 2151 1559 2183 Vor-

887 2198 1004 2238 triige,
1057 2198 1200 2230 sondern
1251 2197 1470 2229 Lehrbiicher
1515 2198 1558 2229 im

886 2242 1000 2274 Sinne.

932 2288 1106 2330 quomodo
1149 2290 1215 2320 lzoc
1245 2291 1297 2320 sit
1329 2298 1555 2329 consequens.

887 2332 954 2364 Der
972 2333 1172 2375 Uebergang
1197 2344 1270 2365 zum
1297 2333 1395 2375 Conj.
1416 2332 1558 2364 Priisen-

886 2379 930 2411 tis
958 2379 1000 2410 ist
1027 2379 1175 2411 dadurch
1204 2390 1245 2410 zu
1272 2378 1449 2417 erklaren,
1479 2378 1557 2409 dass

886 2424 958 2455 dem
979 2424 1228 2456 Schril'tsteller
1252 2424 1305 2455 hei
1335 2427 1367 2455 et
1393 2424 1445 2454 ein
1466 2423 1558 2455 (Ie'cet

884 2469 1061 2509 (Stoicus)
1080 2469 1323 2501 vorschwebte.

933 2514 984 2545 19.
1001 2515 1164 2556 Propriis
1177 2518 1210 2545 et
1223 2517 1298 2546 suis
1318 2515 1405 2553 „mit
1424 2514 1484 2546 (len
1505 2515 1557 2546 ihr

885 2559 1186 2600 eigentbiimlichen
1221 2561 1285 2591 und
1322 2560 1374 2591 fiir
1401 2560 1449 2592 sie
1482 2570 1556 2602 pas-

885 2605 1008 2636 sendeu
1027 2607 1118 2636 —‘·.
1140 2604 1214 2646 vgl.
1240 2605 1262 2636 l.
1284 2605 1339 2646 29,
1361 2606 1415 2637 7⁰.
