1684 2819
601 185 680 217 LlB.
698 184 736 216 11.
774 184 863 216 CAP.
883 184 936 215 52.
955 183 1007 215 53.
1027 183 1079 215 54.
1462 185 1537 229 169

141 287 346 325 lahorasse.
416 287 591 333 Quorum
631 286 745 338 igitur
779 298 913 325 caussa
947 285 1032 336 quis
1069 284 1202 323 dixerit
1239 285 1417 323 effectum
1452 298 1539 325 esse

139 340 356 382 mundum?
411 342 557 382 Eorum
594 342 736 382 scilicet
762 341 1032 388 animantium,
1071 354 1167 392 quae
1193 341 1340 380 ratione
1367 346 1536 380 utuntur.

140 398 186 437 Hi
214 403 304 437 sunt
330 398 380 436 dii
410 403 447 437 et
473 399 671 447 homines,
700 399 836 450 quibus
864 399 1038 449 profecto
1062 397 1155 435 nihil
1177 402 1235 436 est
1255 397 1409 436 melius:
1439 398 1534 436 ratio

137 459 195 493 est
231 454 353 500 enim,
390 467 484 506 quae
521 460 688 505 praestet
716 454 908 493 omnibus.
964 454 1017 492 Ita
1045 454 1086 491 tit
1115 453 1290 492 credibile
1317 454 1476 492 deorum
1500 459 1538 492 et

137 511 341 549 hominum
364 524 498 549 caussa
521 513 661 549 factum
683 524 768 549 esse
788 511 977 548 mundum
995 522 1166 561 quaeque
1182 510 1220 547 in
1238 523 1282 547 eo
1301 509 1377 548 sint
1394 509 1535 548 onmia.

137 567 378 617 Faciliusque
399 567 639 617 intelligetur,
663 580 682 605 a
705 567 775 605 diis
798 566 1079 604 immortalibus
1102 566 1323 604 hominibus
1341 579 1425 604 esse
1441 579 1534 617 pro-
1560 569 1613 607 54

137 622 281 667 visum,
313 623 344 661 si
378 623 449 661 erit
476 628 552 661 tota
580 622 750 661 hominis
779 622 971 660 fabricatio
994 627 1212 671 perspecta,
1237 622 1441 673 omnisque
1462 623 1535 660 hu-

138 691 272 716 manae
299 684 455 717 naturae
483 681 603 728 ligura
631 684 742 728 atque
769 677 965 728 perfectio.
1008 677 1104 715 Nam
1133 689 1250 727 quum
1276 677 1397 716 tribus
1419 678 1533 717 rebus
1567 685 1628 717 134

137 735 388 772 animantium
409 735 482 772 vita
510 739 693 779 teneatur,
723 733 825 777 cibo.
848 732 1023 783 potione,
1047 732 1203 783 spiritu:
1227 733 1272 771 ad
1295 734 1387 772 haec
1408 734 1537 772 omnia

137 790 381 840 percipienda
410 804 454 828 os
482 796 540 828 est
568 790 830 840 aptissimum⁷
866 789 969 839 quod
997 788 1186 826 adiunctis
1214 789 1368 828 naribus
1397 790 1536 841 spiritu

137 851 312 895 augetur3
334 846 509 884 dentibus
531 851 656 884 autem
679 845 718 883 in
740 858 805 883 ore
823 845 1055 883 constructis
1073 845 1268 882 manditur
1285 845 1330 883 ab
1348 846 1407 883 his
1425 851 1537 896 atque

137 907 360 939 extenuatur
386 907 422 939 et
448 901 605 940 molitur
628 901 748 939 cibus.
800 901 945 939 Eorum
974 900 1122 939 adversi
1151 901 1248 939 acuti
1278 914 1413 939 morsu
1441 901 1536 939 divi-

138 957 233 995 dunt
253 969 376 1003 escas,
405 957 527 995 intimi
551 962 676 995 autem
699 957 922 1004 conficiunt,
944 957 1007 1008 qui
1030 956 1187 1006 genuini
1210 963 1412 1003 vocantur3
1441 970 1536 1008 quae

137 1013 325 1051 conlectio
363 1013 477 1052 etiam
515 1027 535 1052 a
561 1013 687 1063 lingua
716 1013 882 1052 adiuvari
908 1014 1065 1051 videtur.
1121 1012 1307 1062 Linguam
1336 1019 1462 1051 autem
1490 1013 1535 1052 ad

137 1069 285 1108 radices
313 1069 393 1107 eius
421 1070 581 1108 haerens
610 1069 747 1120 excipit
770 1070 1011 1115 stomachus,
1042 1081 1116 1119 quo
1140 1069 1308 1119 primum
1330 1069 1537 1108 illabuntur

137 1138 192 1172 ea,
215 1138 309 1176 quae
330 1131 482 1176 accepta
504 1131 592 1164 sunt
613 1138 689 1163 ore.
730 1126 766 1164 Is
790 1132 947 1176 utraque
969 1139 1013 1163 ex
1035 1130 1141 1175 parte
1158 1125 1326 1163 tonsillas
1344 1125 1535 1175 attingens

137 1181 261 1232 palato
291 1186 461 1220 extremo
484 1188 594 1233 atque
616 1182 751 1220 intimo
775 1182 1012 1219 terminatur.
1054 1181 1175 1230 Atque
1197 1182 1246 1227 is⁷
1275 1181 1478 1231 agitatione
1501 1188 1535 1220 et

136 1237 306 1276 motibus
329 1237 478 1287 linguae
500 1251 618 1288 quum
642 1238 845 1288 depulsum
867 1243 901 1276 et
925 1237 1035 1288 quasi
1057 1238 1257 1275 detrusum
1281 1237 1406 1275 cibum
1429 1250 1535 1276 acce-

136 1293 207 1343 pit,
237 1294 397 1344 depellit.
437 1294 563 1344 Ipsius
591 1299 716 1332 autem
744 1299 870 1344 partes
898 1306 980 1338 eae⁷
1011 1306 1106 1343 quae
1134 1298 1224 1331 sunt
1245 1293 1341 1331 infra
1363 1306 1477 1343 quam
1499 1293 1536 1331 id

137 1349 240 1399 quod
277 1350 491 1396 devoratur,
529 1350 750 1388 dilatantur:
788 1363 883 1400 quae
917 1354 1041 1388 autem
1072 1361 1204 1399 supra,
1243 1350 1534 1387 contrahuntur.

137 1405 212 1443 Sed
240 1418 358 1455 quum
380 1418 512 1457 aspera
534 1406 669 1444 arteria
693 1406 770 1455 (sic
790 1406 891 1444 enim
913 1418 933 1444 a
955 1405 1112 1444 medicis
1134 1405 1366 1456 appellatur)
1391 1405 1535 1443 ostium

135 1461 275 1499 habeat
302 1462 523 1500 adiunctum
552 1462 701 1513 linguae
728 1462 939 1507 radicibus,
969 1461 1094 1512 paullo
1120 1474 1237 1511 supra
1259 1473 1371 1511 quam
1395 1462 1441 1499 ad
1462 1461 1535 1499 lin—

138 1529 249 1567 guam
273 1518 495 1556 stomachus
517 1518 744 1559 annectitur,
766 1530 883 1568 eaque
906 1518 951 1556 ad
974 1517 1179 1567 pulmones
1202 1530 1324 1567 usque
1347 1517 1536 1567 pertineat

137 1572 373 1623 excipiatque
409 1574 573 1611 animam
603 1586 684 1611 eam
712 1587 808 1624 quae
836 1574 947 1612 ducta
975 1579 1033 1611 est
1060 1573 1214 1623 spiritu,
1252 1573 1489 1624 eandemque
1516 1587 1534 1612 a

138 1629 388 1679 pulmonibus
416 1630 578 1679 respiret
605 1636 641 1667 et
668 1630 815 1667 reddat:
843 1629 982 1679 tegitur
1009 1630 1177 1680 quodam
1206 1629 1313 1679 quasi
1344 1629 1535 1680 operculo,

1568 1022 1628 1054 135

1567 1410 1628 1442 136

872 1742 1032 1772 arteriam
1049 1742 1234 1779 noveinant,
1253 1740 1396 1771 alteram
1410 1743 1535 1772 stoma-

184 1734 251 1771 5⁴.
282 1740 353 1771 134.
387 1751 422 1771 os
440 1759 481 1762 —-
499 1743 620 1783 spirita
637 1744 797 1781 augetur:

873 1786 984 1816 clzmn:
1016 1787 1143 1816 arteria
1166 1787 1318 1816 earterz‘or
1342 1785 1387 1816 ad
1407 1785 1535 1828 pulmo-

138 1785 222 1824 „der
239 1784 337 1815 Mund
355 1786 436 1816 wird
455 1786 512 1816 mit
527 1785 627 1816 Odeln
646 1785 799 1825 lwgabtf‘

138 1829 228 1860 Denn
246 1833 368 1871 augeri
387 1830 500 1871 aliqua
521 1841 558 1861 re
582 1830 664 1861 wird
688 1831 801 1861 immer

137 1885 198 1905 nur
221 1885 283 1905 von
303 1875 427 1914 Dingen
451 1879 584 1915 gesagt‚
615 1875 666 1905 die
686 1875 799 1905 Einem

136 1929 177 1950 zu
196 1918 280 1950 Gute
298 1919 446 1950 kolninen
471 1920 533 1950 und
554 1919 697 1950 niitzlich
720 1919 800 1950 oder

136 1963 313 1994 erfrenlicli
339 1964 420 1995 sind.
456 1964 541 1995 Dass
565 1964 720 2004 iibrigens
740 1965 799 1994 der

136 2007 237 2039 Odem
262 2009 333 2039 dem
354 2009 472 2040 Munde
491 2009 738 2049 vorzugsweise
758 2019 799 2039 zu

136 2052 221 2084 Gute
236 2053 378 2096 komme,
403 2054 539 2085 wiirdcn
557 2054 662 2085 selbst
679 2054 730 2085 die
748 2054 798 2084 al-

135 2102 189 2129 ten
205 2097 426 2140 Pllysiologen
445 2099 640 2130 schwerlich
655 2109 797 2139 zugege-

134 2142 197 2174 ben
211 2143 331 2181 haben3
351 2143 520 2184 vielinehr‚
536 2144 598 2175 wie
614 2144 677 2175 Cic.
693 2143 799 2174 sclbst

136 2198 164 2218 c.
183 2188 243 2227 55,
271 2188 332 2218 136
357 2193 447 2228 sagt,
473 2189 531 2219 der
548 2188 650 2220 Odem
675 2188 718 2219 ist
740 2189 799 2219 der

135 2233 227 2264 cibas
241 2233 405 2274 animalis,
423 2243 486 2274 quo
500 2235 650 2264 mawime
661 2233 800 2264 aluntur

134 2279 334 2309 animantes.

179 2322 315 2354 adversi
337 2322 452 2353 dentes
481 2322 551 2353 sind
576 2321 628 2353 die
651 2321 799 2354 Vorder·

136 2368 256 2407 zfihne,
289 2367 351 2398 wie
382 2367 563 2399 adversam
591 2377 712 2410 corpas
740 2367 799 2398 der

135 2411 399 2453 Vorderktirper.

183 2456 255 2487 135.
280 2457 482 2496 stomachus,
501 2457 552 2488 die
571 2456 796 2498 Speisero'hre,

138 2500 224 2532 nicht
241 2502 299 2532 der
316 2501 450 2542 Magea,
473 2502 614 2533 sondern
632 2502 692 2532 der
710 2500 797 2541 Weg

138 2554 179 2575 zu
201 2545 275 2576 ihm.
308 2546 425 2578 Celsus
449 2546 503 2587 IV,
526 2546 559 2577 1:
590 2545 710 2578 deinde
731 2545 796 2578 duo

137 2590 260 2622 itinera
274 2591 454 2634 incipiant:
478 2591 622 2623 alteram
639 2601 797 2634 asperam

871 1841 956 1870 uem,
975 1831 1169 1861 stomachus
1186 1831 1331 1861 Interior
1348 1829 1394 1861 acl
1408 1832 1534 1861 ventri-

872 1874 1122 1915 calamjertar.

917 1919 1083 1950 tonsillas:
1114 1919 1242 1950 Driisen
1268 1919 1377 1950 hinten
1404 1919 1445 1950 im
1471 1919 1535 1951 Ra-

872 1965 968 2002 ehen,
994 1974 1043 1995 am
1063 1964 1211 2004 Eingang
1229 1964 1288 1994 der
1306 1963 1533 2005 Speisero‘hre,

871 2020 934 2040 von
954 2020 1014 2039 uns
1033 2008 1222 2040 Mandeln
1241 2013 1393 2049 genennt.

915 2054 1091 2097 depulsam
1118 2072 1161 2076 —
1189 2072 1233 2075 —
1261 2053 1401 2096 depellit.
1450 2053 1533 2085 Dass

871 2099 936 2130 Cic.
962 2098 1113 2130 dasselbe
1132 2097 1277 2130 Verbum
1302 2098 1451 2129 zweiinal
1473 2108 1533 2138 ge-

870 2144 1025 2183 braucht,
1051 2144 1090 2174 da
1110 2154 1145 2174 es
1164 2143 1244 2173 doch
1262 2143 1362 2173 leicht
1378 2152 1533 2182 gewesen

869 2189 970 2228 wiire,
991 2187 1043 2218 ffir
1057 2187 1190 2230 depellit
1205 2187 1297 2217 einen
1312 2187 1435 2217 anderu
1451 2186 1535 2218 Aus-

870 2232 983 2271 druck,
1002 2237 1089 2263 etwa
1106 2231 1259 2273 deglutit,
1282 2242 1322 2262 zu
1340 2236 1471 2272 setzen,
1490 2232 1535 2263 ist

871 2277 1017 2308 offenbar
1045 2277 1096 2307 ein
1127 2276 1343 2316 Uebelstand,
1378 2277 1438 2307 der
1465 2277 1534 2307 sich

871 2332 932 2353 nur
949 2331 1007 2353 aus
1022 2322 1081 2352 der
1095 2320 1321 2361 Eusertigkeit
1334 2321 1397 2351 und
1412 2321 1533 2352 Fliich-

870 2366 990 2407 tigkeit
1019 2366 1161 2406 (ξι-ΜΞΝ,
1191 2367 1250 2397 mit
1272 2366 1331 2396 der
1354 2365 1419 2397 Cic.
1443 2366 1533 2396 diese

870 2411 1090 2442 anatomische
1100 2411 1210 2442 Partie
1225 2410 1452 2451 geschrieben‚
1468 2410 1533 2441 uud

871 2456 921 2487 die
945 2456 1026 2487 auch
1053 2457 1132 2487 noch
1157 2456 1289 2486 manche
1307 2455 1428 2485 andere
1447 2454 1531 2496 Spu-

869 2511 927 2531 ren
946 2501 1124 2532 beweisen.
1156 2500 1231 2540 Vgl.
1251 2510 1291 2530 zu
1310 2510 1337 2530 c.
1357 2499 1410 2539 58,
1432 2499 1504 2530 145.

917 2545 989 2576 136.
1026 2545 1171 2587 quodam
1186 2563 1231 2567 -—
1255 2544 1420 2587 operculo.
1466 2543 1533 2575 Ge-

869 2590 971 2622 meint
995 2590 1038 2621 ist
1057 2590 1116 2621 der
1132 2588 1353 2630 Rehldeckel,
1379 2599 1428 2629 gr.
1453 2585 1533 2620 ἐπι-
