1684 2819
645 164 805 196 LIBER
823 165 862 197 V.
885 166 917 207 6,
942 166 992 198 16.
1017 168 1069 199 17.
1463 168 1543 207 219

140 280 215 319 stio
248 273 337 319 ests
373 278 432 319 A.
468 278 550 329 Quo
573 278 729 318 tandein
751 279 893 319 modo?
942 280 1006 321 M.
1041 279 1137 330 Quia
1169 287 1297 320 motus
1328 280 1541 321 turbulenti

140 335 448 387 iactationesque
471 334 690 375 animorum
712 336 899 376 incitatae
921 343 959 375 et
980 336 1126 390 impetu
1142 336 1439 377 inconsiderato
1463 338 1543 377 ela-

138 399 223 439 tae,
258 390 451 431 rationem
473 404 625 431 omnem
648 392 900 446 repellentes,
928 393 1032 432 vitae
1054 393 1193 433 beatae
1215 393 1358 433 nullam
1390 400 1541 447 partem

138 447 376 499 relinquunt.
423 447 518 498 Quis
552 449 655 487 enim
686 456 816 501 potest
843 455 1008 489 mortem
1038 455 1107 489 aut
1136 450 1309 490 dolorem
1341 457 1539 499 metuens,

138 517 305 555 quorum
326 503 494 543 alterum
527 518 643 557 saepe
674 506 798 554 adest,
836 505 1003 545 alterum
1034 518 1189 559 semper
1210 506 1420 560 impendet,
1451 520 1538 547 esse

137 573 217 599 non
238 560 388 600 miser?
419 559 544 610 Quid?
574 561 607 600 si
630 561 730 600 idem
755 562 876 614 (quod
905 561 1133 614 plerumque
1164 562 1223 615 fit)
1255 569 1536 616 paupertatem,

135 615 411 668 ignominiam,
453 616 653 656 infamiam
691 617 822 666 timet,
862 617 896 656 si
926 617 1186 667 debilitatem,
1219 619 1471 669 caecitatem,
1506 619 1540 660 si

136 671 302 725 denique
325 674 445 725 (quod
468 687 546 713 non
567 673 733 726 singulis
763 673 1006 722 hominibus,
1039 674 1107 713 sed
1137 675 1357 727 potentibus
1387 675 1540 729 populis

135 742 253 782 saepe
286 729 468 782 contigit)
500 730 752 769 servitutem:
796 735 925 782 potest
956 743 1002 769 ea
1039 730 1180 769 timens
1214 745 1301 771 esse
1333 733 1537 784 quisquam

136 785 300 824 beatus?
345 785 472 835 Quid?
503 785 566 837 qui
595 799 673 824 non
704 785 818 824 modo
852 799 897 825 ea
927 786 1057 825 futura
1086 787 1220 836 timet,
1252 801 1388 826 verum
1423 789 1538 828 etiam
1563 797 1603 829 16

1 810 7 872 1
135 841 211 880 fert
231 841 475 893 sustinetque
497 841 747 893 praeseutia?
778 840 887 881 Adde
910 842 1046 881 eodem
1070 842 1210 882 exsilia
1227 874 1236 891 ,
1262 842 1403 891 luctus,
1431 843 1536 883 orbi-

5 945 7 949 γ
135 903 262 946 tates,
289 896 351 949 qui
374 897 492 937 rebus
516 896 574 937 bis
598 898 742 937 fractus
766 897 1014 951 aegritudine
1037 898 1208 948 eliditur,
1236 906 1363 950 potest
1380 900 1536 940 tandem

1 957 7 1019 f
133 965 222 992 esse
246 966 324 992 non
346 953 620 993 miserrimus?
651 953 749 1004 Quid
771 955 898 997 vero?
928 954 1035 994 illum
1050 985 1059 1002 ,
1094 968 1206 1007 quem
1230 954 1455 996 libidinibus
1478 957 1537 996 in—

133 1009 367 1049 flammatum
390 1017 429 1048 et
450 1010 643 1050 furentem
665 1011 857 1060 videmus,
877 1011 1007 1050 omnia
1025 1011 1159 1051 rabide
1181 1019 1425 1065 appetentem
1450 1027 1535 1052 cum

132 1065 362 1118 inexplebili
392 1066 627 1119 cupiditate,
673 1080 825 1120 quoque
855 1067 1075 1107 affluentius
1104 1068 1326 1121 voluptates
1365 1068 1536 1121 undique

132 1122 302 1171 hauriat,
329 1135 374 1161 eo
397 1123 556 1175 gravius
580 1123 857 1176 ardentiusque
880 1124 1093 1173 sitientem,
1118 1138 1248 1164 nonne
1270 1131 1377 1164 recte
1399 1126 1539 1166 miser-

131 1179 273 1218 rimum
296 1178 471 1219 dixeris?
504 1178 633 1229 Quid?
665 1180 790 1220 elatus
814 1181 879 1220 ille
902 1180 1062 1220 levitate
1084 1181 1269 1233 inanique
1292 1181 1440 1222 laetitia
1463 1195 1535 1221 ex-

130 1234 282 1274 sultans
305 1242 343 1274 et
369 1242 517 1275 temere
546 1236 720 1289 gestiens
753 1250 884 1276 nonne
913 1244 1021 1276 tanto
1051 1238 1256 1285 miserior,
1289 1245 1432 1290 quanto
1463 1239 1535 1279 sibi

129 1291 286 1330 videtur
307 1291 489 1331 beatior?
519 1292 650 1346 Ergo,
679 1300 722 1332 ut
743 1294 780 1332 hi
803 1293 954 1341 miseri,
980 1293 1036 1333 sic
1057 1301 1192 1333 contra
1214 1294 1267 1333 illi
1291 1295 1411 1343 beati,
1436 1308 1533 1346 quos

130 1347 225 1387 nulli
247 1354 373 1387 metus
397 1354 560 1396 terrent,
587 1349 719 1389 nullae
741 1349 1008 1403 aegritudines
1032 1350 1230 1397 exedunt,
1258 1351 1386 1390 nullae
1408 1351 1534 1390 libidi-

131 1417 200 1443 nes
222 1403 403 1453 incitant,
423 1405 553 1444 nullae
576 1406 704 1445 futiles
728 1406 900 1445 laetitiae
923 1406 1170 1446 exsultantes
1194 1407 1389 1459 languidis
1411 1407 1533 1459 lique-

129 1459 277 1499 faciunt
298 1460 578 1514 voluptatibus.
614 1462 661 1502 Ut
687 1463 806 1502 maris
838 1462 959 1515 igitur
990 1462 1252 1515 tranquillitas
1283 1463 1531 1516 intelligitur,

132 1516 237 1555 nulla
270 1530 319 1556 ne
351 1517 510 1557 minima
531 1518 682 1570 quidem
706 1532 798 1557 aura
833 1518 972 1559 fluctus
1002 1526 1294 1559 commovente:
1329 1520 1383 1559 sic
1412 1519 1531 1560 animi

130 1572 285 1624 quietus
309 1580 347 1612 et
369 1574 541 1626 placatus
564 1580 688 1613 status
712 1575 903 1623 cernitur,
929 1588 1044 1626 quum
1067 1575 1310 1627 perturbatio
1330 1576 1437 1615 nulla
1454 1583 1528 1624 est,

130 1642 205 1680 qua
226 1630 376 1668 moveri
401 1636 530 1682 queat.
567 1629 675 1679 Quod
697 1631 728 1670 si
752 1638 832 1670 est:
868 1631 933 1683 qui
960 1631 1039 1670 vim
1072 1632 1275 1680 fortunae,
1308 1632 1371 1684 qui
1403 1632 1533 1672 omnia
1558 1641 1596 1671 17

129 1684 313 1734 humana,
336 1698 588 1738 quaecunque
611 1686 790 1726 accidere
812 1694 990 1740 possunt,
1005 1687 1225 1727 tolerabilia
1247 1688 1374 1737 ducat,
1390 1702 1442 1727 ex
1459 1702 1533 1741 quo

179 1787 269 1827 Quia
295 1792 360 1818 etc.
396 1787 628 1829 Apagogische
654 1787 798 1818 Beweis-

132 1832 289 1872 fiihrung.

173 1877 327 1908 alterum
354 1895 398 1899 —-
423 1877 601 1917 alteram,
638 1888 665 1908 s.
703 1888 743 1908 zu
770 1877 795 1909 I.

128 1923 185 1961 33,
210 1922 264 1952 91.

172 1969 408 2008 *ignominiam
459 1966 795 2009 „Beschiitipfung“

128 2013 231 2043 durch
260 2012 333 2044 eine
360 2016 446 2044 nota
478 2013 665 2052 Censoris,·
701 2014 796 2053 insa-

126 2060 234 2089 mz'am
269 2057 434 2098 „Vei-lust
468 2058 527 2089 der
560 2058 795 2098 biirgerlichen

128 2102 251 2134 Ehre“
287 2104 389 2135 durch
425 2104 641 2143 gerichtliche
669 2103 795 2135 Verur-

127 2148 288 2189 theilung.
323 2149 403 2180 Also
429 2149 503 2180 eine
525 2148 737 2189 Steigerung.

171 2204 239 2225 non
258 2212 299 2217 —
319 2194 392 2234 sed,
419 2194 720 2225 nachdriicklieher
745 2195 796 2225 als

126 2249 194 2269 71071
216 2242 355 2270 tantum
372 2257 409 2261 —
429 2240 490 2270 secl
509 2240 663 2280 (etiam).
684 2240 796 2271 Achn-

126 2284 192 2315 lieh
230 2285 281 2323 10,
302 2284 356 2315 25.
389 2283 465 2325 Vgl.
492 2295 524 2326 p.
544 2284 645 2316 Arch.
675 2286 708 2325 4,
732 2285 792 2315 11:

126 2329 485 2369 Adest—Lucullus,
502 2332 564 2371 (μή
579 2341 614 2361 se
632 2340 699 2361 nou
719 2333 793 2371 opi-

127 2377 219 2414 nari,
237 2375 298 2406 sed
315 2377 417 2414 scire,
439 2385 507 2406 non
526 2375 712 2415 audivisse,
733 2375 796 2406 sed

127 2419 265 2459 vidisse,
285 2430 352 2451 non
371 2420 587 2461 interfuisse,
605 2420 667 2451 sed
685 2422 795 2461 egisse

129 2463 228 2495 divit.
239 2483 281 2487 —
294 2464 356 2496 Die
370 2465 583 2506 Hindeutung
597 2465 794 2497 aquiisars

128 2508 432 2542 Alleinherrschaft
457 2511 500 2542 ist
521 2511 790 2542 unverkennbar.

174 2557 342 2596 contigit,
378 2556 459 2587 auch
495 2561 587 2587 sonst
620 2556 793 2588 bisweilen

128 2608 190 2628 von
204 2599 459 2640 ungliicklichen
470 2601 700 2641 Ereignissen.
716 2601 791 2632 Cat.

868 1788 912 1819 M.
938 1789 989 1828 19,
1012 1790 1048 1819 71
1067 1801 1073 1819 x
1102 1789 1189 1820 idem
1212 1790 1273 1825 (se.
1296 1790 1430 1830 emori)
1458 1801 1536 1821 (¹011-

869 1836 980 1874 tingit
1009 1834 1292 1865 adolescentibus
1326 1835 1536 1866 adversante

867 1882 1013 1910 natura.

916 1924 968 1955 16.
998 1923 1155 1963 eliditur,
1185 1934 1211 1954 s.
1233 1935 1274 1954 zu
1294 1924 1336 1955 ΙΙ.
1360 1925 1413 1965 11,
1434 1925 1489 1956 27.

910 1973 1025 2000 metas
1045 1987 1082 1991 —
1100 1969 1346 2009 aegritudz'nes
1363 1989 1401 1992 —
1418 1971 1536 2002 lihidi-

866 2025 925 2045 nes
936 2032 968 2036 —
977 2015 1147 2053 laetitiae,
1160 2014 1212 2045 die
1225 2015 1298 2045 vier
1308 2025 1440 2056 genera
1450 2026 1535 2057 per—

867 2061 1136 2094 tmbationanu
1162 2070 1189 2091 s.
1211 2059 1270 2091 111.
1294 2061 1346 2100 11,
1373 2061 1428 2092 24.
1448 2062 1504 2092 25.

911 2105 1089 2147 languidis
1110 2104 1349 2146 liquefaciunt
1374 2106 1534 2147 volupla-

866 2151 974 2181 tibus.
996 2150 1064 2181 Das
1075 2150 1208 2190 Adject.
1230 2150 1302 2181 hier
1320 2151 1430 2182 aetiv:
1450 2162 1534 2190 „er-

864 2195 1089 2227 schlaffenffl‘.
1115 2195 1165 2225 Zu
1181 2196 1396 2236 llquffaeere
1409 2197 1477 2236 vgl.
1493 2196 1531 2228 ll.

864 2240 917 2279 22,
932 2240 994 2271 52:
1015 2241 1197 2281 voluptate
1211 2241 1531 2284 lz'quesce'musflui-

864 2296 1011 2326 musque
1025 2286 1199 2322 νηυίίίΐίας
1219 2285 1274 2317 IV.
1298 2286 1350 2325 li,
1373 2286 1433 2317 37:
1456 2287 1533 2318 ala—

863 2333 991 2362 critate
998 2331 1047 2371 su
1054 2331 1115 2362 tili
1127 2333 1281 2372 gestiens
1301 2331 1518 2372 deliquescit.

908 2378 1019 2407 maris
1048 2377 1314 2416 tranqm'llllas,
1344 2377 1531 2416 griechiseh

861 2421 1023 2462 μαλακία
1035 2420 1206 2463 (malacia
1219 2421 1271 2451 bei
1283 2421 1380 2452 Caes.
1394 2422 1425 2452 b.
1440 2421 1529 2453 Gall.

863 2465 922 2496 Ill.
955 2466 1022 2506 15).
1070 2466 1138 2497 Der
1163 2467 1298 2506 eigentl.
1330 2467 1529 2498 lateinisehe

863 2510 1039 2542 Ausdruck
1064 2512 1105 2543 ist
1119 2513 1269 2553 flustra,
1292 2522 1406 2542 oram.

910 2556 963 2587 17.
985 2567 1029 2587 em
1048 2568 1116 2598 quo
1131 2573 1174 2583 Ξ
1190 2559 1243 2588 ila
1262 2559 1312 2587 ut.
1334 2556 1407 2596 vgl.
1429 2556 1454 2587 l.
1476 2557 1528 2594 12,

862 2600 904 2631 28
931 2612 977 2632 ew
996 2602 1071 2634 hoc.
