1684 2819
626 175 704 207 LIB.
720 174 774 208 ΠΙ.
811 175 903 208 CAP.
924 177 976 209 10.
997 177 1048 209 11.
1461 180 1538 220 179

140 275 200 315 ille
225 287 307 315 non
332 276 569 324 revertisset,
599 277 842 317 moliendum
870 285 972 318 esset
999 279 1085 330 ipsi.
1141 280 1215 327 Qui
1244 292 1331 319 cum
1363 281 1410 320 ad
1437 281 1538 320 diem

140 345 181 371 se
199 332 424 394 recepisset,
447 333 658 373 admiiatus
680 346 814 373 eorum
836 334 950 374 fidem
969 340 1174 387 tryrannus
1195 336 1342 388 petivit,
1369 342 1411 376 ut
1431 350 1473 377 se
1492 338 1540 377 ad

140 387 345 427 amicitiam
367 390 520 429 tertium
542 390 813 430 adscriberent
857 392 951 431 Cum
973 391 1089 442 igitur
1108 392 1164 440 id,
1193 393 1297 444 quod
1321 393 1409 432 utile
1430 393 1537 433 vide·
1567 404 1610 437 46

139 450 201 483 tur
221 445 261 484 in
282 446 459 494 amicitia,
482 459 569 486 cum
591 460 656 495 eo,
680 447 783 499 quod
805 449 1015 488 honestum
1035 454 1110 496 est,
1135 455 1399 501 comparatur,
1420 450 1541 490 iaceat

140 501 309 541 utilitatis
332 502 493 553 species,
516 503 635 542 valeat
654 504 851 543 honestas.
903 505 997 544 Cum
1020 512 1146 545 autem
1168 506 1207 544 in
1236 506 1416 555 amicitia,
1443 519 1540 558 quae

138 558 302 598 honesta
333 571 414 598 non
443 565 551 605 sunt,
586 560 903 611 postulabuntur,
938 561 1070 612 religio
1102 567 1138 601 et
1164 563 1258 602 fides
1285 568 1541 614 anteponatur

140 614 337 654 amicitiae.
379 615 443 654 Sic
462 616 665 656 habebitur
684 617 728 665 is,
751 630 865 668 quem
886 618 1134 669 exquirimus,
1155 619 1323 658 delectus
1345 620 1471 659 officii.

253 671 327 710 Sed
349 672 518 712 utilitatis
540 673 667 724 specie
687 674 731 712 in
753 686 799 712 re
819 674 1006 725 publica
1027 675 1253 726 saepissime
1274 681 1470 726 peccatur,
1498 682 1540 715 ut
1567 680 1616 718 11

139 727 178 766 in
200 727 372 766 Corinthi
400 729 677 768 disturbatione
705 731 847 769 nostri:
879 730 1012 770 durius
1041 731 1152 770 etiam
1179 732 1448 780 Athenienses,
1477 732 1541 784 qui

140 785 333 823 sciverunt
372 790 414 824 ut
448 786 656 835 Aeginetis,
700 787 764 837 qui
807 787 929 825 classe
971 787 1160 834 valebant,
1202 789 1358 838 pollices
1393 789 1540 840 praeci—

139 840 332 880 derentur.
385 841 470 880 Hoc
496 842 621 881 visum
642 848 700 880 est
726 842 836 881 utile:
880 843 996 882 nimis
1031 844 1134 882 enim
1162 844 1385 883 imminebat
1418 857 1540 895 prop-

138 902 211 935 ter*
236 896 567 950 propinquitatem
605 898 748 949 Aegina
783 898 952 938 Piraeeo.
1009 899 1085 938 Sed
1122 899 1216 938 nihil
1252 901 1356 951 quod
1391 901 1541 940 crudele

137 953 245 991 utile:
284 959 342 992 est
368 954 468 993 enim
496 954 699 994 hominum
726 961 901 1003 naturae,
936 968 1050 1007 quam
1079 956 1188 1007 sequi
1217 956 1420 1004 debemus,
1456 970 1540 996 ma-

137 1009 237 1048 xime
278 1009 431 1049 inimica
471 1011 686 1050 crudelitas.
737 1012 831 1051 Male
873 1012 986 1051 etiam
1021 1012 1085 1063 qui
1118 1013 1346 1063 peregrinos
1380 1013 1539 1052 urbibus
1569 1023 1609 1056 47

137 1066 191 1105 uti
217 1066 424 1116 prohibent
449 1080 594 1118 eosque
621 1068 893 1115 exterminant,
928 1074 971 1107 ut
996 1068 1152 1107 Pennus
1181 1069 1282 1120 apud
1308 1074 1437 1120 patres
1465 1082 1539 1108 no-

138 1127 259 1170 stros,
292 1123 433 1174 Papius
461 1135 594 1175 nuper.
643 1125 739 1163 Nam
768 1129 877 1163 ‘EssE
908 1137 982 1163 PRO
1011 1138 1098 1163 CIVE
1128 1137 1192 1168 oui
1223 1138 1321 1163 eivls
1352 1138 1431 1164 Nox
1460 1126 1539 1165 srr'

138 1184 285 1218 rectum
313 1185 371 1219 est
396 1192 477 1218 non
503 1180 633 1229 licere,
663 1193 777 1232 quam
803 1181 924 1232 legem
954 1181 1122 1220 tulerunt
1142 1181 1416 1232 sapientissimi
1444 1194 1539 1221 con-

137 1236 240 1274 sules
269 1236 430 1275 Crassus
465 1242 502 1275 et
524 1237 724 1280 Scaevola:
762 1250 835 1276 usu
869 1250 959 1276 vero
994 1237 1101 1277 urbis
1134 1237 1342 1288 prohibere
1369 1239 1540 1289 peregri-

137 1303 212 1330 nos
246 1305 337 1332 sane
370 1293 625 1332 inhumanum
658 1299 727 1333 est.
776 1294 839 1333 Illa
873 1293 1084 1344 praeclara,
1121 1294 1160 1332 in
1195 1294 1334 1345 quibus
1367 1294 1540 1345 publicae

137 1348 309 1389 utilitatis
350 1350 498 1402 species
540 1363 631 1401 prae
678 1351 880 1390 honestate
922 1351 1194 1390 contemnitur.
1254 1350 1370 1390 Plena
1410 1363 1540 1390 exem-

138 1519 290 1559 madxen,
328 1517 384 1558 IV,
409 1518 426 1548 7
457 1523 526 1550 ext.
556 1519 569 1549 1
616 1519 745 1551 Damon
771 1521 804 1550 ec

140 1564 294 1596 Phintias
326 1563 577 1606 Pythagoricae
602 1565 804 1608 prudentiae

140 1611 247 1641 sacris
264 1609 392 1640 initiati
418 1611 486 1640 tam
500 1609 640 1651 fidelem
664 1612 752 1641 inter
768 1620 804 1641 se

140 1655 322 1686 amicitiam
337 1655 540 1694 iunxerunt,
565 1657 604 1686 *ut
626 1665 701 1687 cum
723 1654 805 1686 alte-

876 1518 986 1550 tribun
1010 1517 1074 1550 628
1100 1518 1202 1559 (126).
1248 1518 1357 1552 Ueber
1378 1519 1448 1551 sein
1473 1519 1541 1552 Ge-

877 1568 949 1595 setz
979 1563 1069 1603 giebt
1093 1574 1152 1594 uns
1176 1564 1256 1595 auch
1280 1563 1402 1596 Festus
1425 1575 1456 1607 p.
1475 1564 1539 1596 286

877 1608 1052 1640 Auskunl't:
1068 1618 1123 1640 res
1134 1608 1287 1651 publicas
1298 1609 1484 1641 multarum
1496 1612 1540 1642 οἱ-

876 1656 1017 1686 vitatum
1027 1653 1204 1697 pluraliter
1218 1653 1307 1686 discit
1321 1654 1353 1686 C.
1372 1653 1541 1687 Gracchus

140 1710 218 1732 ram
247 1710 292 1731 ea*
324 1699 375 1730 his
403 1699 588 1741 Dionysius
616 1698 805 1742 Syracusa-

140 1755 205 1776 nas
222 1745 412 1786 interficere
425 1744 520 1776 vellet
534 1763 578 1767 —
590 1763 635 1767 —
647 1745 732 1777 alter
750 1755 805 1776 ιά-

141 1789 216 1822 dem
228 1801 265 1821 se
275 1800 338 1833 pro
352 1790 464 1822 reditu
479 1791 550 1822 eius
564 1792 709 1832 tyranno
723 1790 806 1822 dare

140 1846 204 1867 non
224 1834 399 1867 dubitarit.
437 1835 499 1874 (So
518 1835 569 1866 die
587 1835 684 1866 Hdss.
719 1834 804 1866 Tor-

140 1880 252 1912 renius
270 1880 446 1919 dubitarit,
471 1879 595 1911 Parcus
613 1880 805 1919 dubitaret.)

185 1924 239 1957 46.
268 1927 386 1966 i,aceat
404 1925 512 1956 bleibe
529 1925 727 1957 unbeachtet
744 1924 801 1956 lie-

142 1980 215 2011 gen.
250 1970 325 2010 Vgl.
344 1969 375 2011 ξ.
396 1970 447 2001 79.

188 2009 255 2047 11
285 2014 438 2048 Corinthi
448 2015 714 2048 (ἱιᾛεέωῦαίῑοηθε
738 2026 766 2046 z.
781 2013 804 2055 l,

145 2059 201 2101 11,
220 2059 273 2091 35.

181 2106 383 2148 Aeginetis:
401 2104 531 2137 Aelian.
549 2115 617 2137 var.
638 2106 713 2137 hist.
733 2103 769 2143 ll,
786 2104 805 2135 9

147 2150 217 2183 Οια
231 2147 588 2203 ἐψηφίσαντοᾏθην
591 2152 663 2181 aiot
678 2168 723 2172 —
735 2149 806 2180 Αἰ-

142 2195 300 2246 γινητῶν
328 2193 397 2238 μὲν
425 2191 580 2226 ἑκάστου
603 2191 666 2227 τὸν
688 2194 808 2238 agyras

145 2235 343 2281 αποκόψαι
380 2239 442 2280 τῆς
469 2236 595 2290 χειρὸς
628 2224 808 2270 (Ῡακτυλον

144 2285 205 2326 τῆς
221 2283 356 2323 δεξιᾶς,
387 2284 446 2316 ἵνα
470 2281 561 2328 ὃόου
582 2283 651 2328 μὲν
673 2279 809 2325 βαστάο

146 2329 217 2367 ζειν
232 2326 283 2381 μὴ
299 2326 419 2362 ὃύνων
414 2340 490 2368 ται,
509 2340 636 2370 κωπην
655 2327 692 2361 δὲ
708 2326 809 2361 &azi-

143 2385 221 2408 νειν
235 2371 427 2408 δύνωνται.
451 2375 518 2406 Der
531 2375 706 2406 Beschluss
720 2384 809 2405 (ν’-ιιι

145 2420 186 2451 (19
203 2419 341 2461 geffisst,
359 2420 409 2451 als
427 2420 562 2461 Aegina,
584 2420 643 2451 mit
660 2420 732 2451 dein
749 2419 809 2450 be-

146 2464 314 2497 kanntlich
327 2466 460 2497 Athen
454 2476 485 2496 ln
497 2465 586 2497 alter
598 2463 810 2497 Feindsehaft

147 2509 254 2550 lebte,
282 2510 333 2543 01.
353 2510 406 2552 80,
424 2510 445 2542 4
469 2510 558 2551 (457)
583 2509 810 2542 unterworl'en

146 2555 272 2588 wurde.

192 2600 247 2632 47.
280 2600 327 2634 M.
336 2599 356 2633 I
355 2603 453 2634 unius
461 2600 598 2633 Pennus
611 2610 681 2632 war
689 2599 811 2633 Volks-

877 1701 909 1730 in
924 1709 971 1740 ea,
988 1709 1087 1739 qaam
1100 1700 1232 1731 conseri
1231 1700 1288 1742 psi
1291 1702 1304 1730 t
1315 1699 1356 1731 de
1368 1698 1442 1740 lege
1453 1700 1540 1731 Pen-

877 1746 913 1775 ni
927 1744 968 1776 de
984 1744 1192 1785 Peregrinis.
1217 1743 1291 1784 Vgl.
1305 1744 1396 1775 Brut.
1411 1744 1465 1784 28,
1478 1744 1540 1776 109

878 1788 925 1821 M.
942 1789 1079 1820 Pennus
1094 1788 1202 1830 facile
1218 1791 1363 1830 agitarit
1384 1790 1418 1820 in
1436 1791 1542 1822 tribu-

878 1836 961 1866 nata
987 1833 1019 1865 C.
1045 1832 1231 1866 Gracchum
1258 1837 1368 1867 aetate
1389 1834 1543 1876 paullum

878 1878 1088 1911 antecedens.
1132 1879 1165 1911 S.
1191 1879 1370 1910 Mommsen
1388 1878 1415 1910 ΙΙ
1438 1890 1468 1921 p.
1488 1879 1542 1911 96.

926 1923 959 1955 C.
984 1923 1111 1967 Papius
1141 1928 1318 1956 erneuerte
1347 1924 1396 1956 als
1420 1924 1543 1956 Volks-

878 1969 988 2000 tributi
1007 1969 1048 2000 im
1062 1969 1090 2000 J.
1106 1968 1171 2000 689
1187 1968 1253 2008 (65)
1273 1970 1330 2001 das
1347 1968 1469 2001 Gesetz
1484 1970 1542 2001 (193

878 2013 1020 2045 Pennus.
1050 2013 1141 2045 Cass.
1153 2014 1213 2045 Dio
1227 2013 1280 2053 37,
1297 2016 1316 2045 9
1334 2025 1391 2045 και
1411 2012 1450 2046 ἓν
1463 2011 1543 2046 τού-

879 2070 928 2100 τῳ
947 2069 1023 2091 παι
1027 2069 1081 2094 τες
1103 2058 1140 2090 οἱ
1156 2057 1195 2090 ἐν
1211 2059 1253 2103 τῆ
1263 2055 1381 2103 Ῥώμῃ
1389 2057 1544 2110 διατρί-

878 2107 1002 2154 βοντες
1019 2104 1115 2144 πλὴν
1137 2103 1209 2135 τῶν
1229 2100 1292 2144 τὴν
1309 2104 1375 2135 νῦν
1396 2103 1545 2136 [’ταλιαν

881 2144 1080 2180 οἰκούντων
1108 2146 1283 2184 ἐξέπεσον
1306 2145 1420 2179 Γαΐου
1447 2145 1546 2184 τινὸς

880 2194 1066 2225 Παππίου
1080 2188 1273 2236 (Ῡημάοχου
1285 2189 1429 2244 γνώμῃ·
1446 2191 1544 2225 ἒπει-

882 2234 926 2279 ὃὴ
951 2233 1180 2274 ἐπεπόλαζον
1209 2237 1268 2268 καὶ
1298 2234 1363 2268 οὐκ
1390 2227 1545 2271 ἐδόκουν

881 2279 1083 2324 ἐπιτηδειοι
1104 2283 1237 2325 σφίσιν
1251 2287 1343 2315 εἰναι
1355 2283 1544 2320 ξυνοικεῖν.

929 2326 971 2359 Cr
973 2338 1074 2359 assus
1087 2326 1228 2359 etScaet·
1231 2327 1295 2359 ola.
1310 2327 1368 2359 Die
1383 2327 1546 2359 bekannte

883 2372 939 2404 lex
957 2372 1082 2404 Licinia
1100 2372 1207 2404 Mucia
1231 2383 1304 2404 vom
1327 2372 1356 2403 J.
1376 2372 1439 2403 659
1465 2372 1545 2413 (95),

881 2418 1008 2449 welche
1031 2418 1092 2448 den
1117 2418 1148 2449 in
1173 2417 1252 2449 Rom
1276 2418 1436 2449 lebenden
1454 2416 1545 2449 ltali-

883 2463 964 2494 kern
994 2463 1045 2493 die
1075 2463 1283 2503 Anmassung
1315 2463 1372 2494 des
1403 2462 1545 2503 Biirger-

883 2508 994 2539 rechts
1011 2507 1070 2539 auf
1084 2508 1141 2539 das
1160 2508 1335 2548 Strengste
1352 2512 1546 2548 untersagte

883 2553 948 2584 und
965 2553 1047 2584 eben
1061 2553 1203 2584 dadurch
1222 2553 1283 2584 den
1297 2552 1470 2584 Ausbruch
1488 2553 1546 2584 des

884 2598 1057 2630 italischen
1075 2597 1215 2638 h'ricges
1232 2597 1405 2629 bewirkte.

1220 2653 1284 2686 12*
