1684 2819
73 827 132 873 22

154 92 203 139 1,0
209 93 232 131 4

152 207 292 260 Incipit
312 206 410 255 labi3
437 205 576 245 deinde
599 206 688 246 ilico
710 207 875 247 desinit:

629 92 851 125 LIBERH.
879 95 934 135 22,
956 94 1010 126 51.
1033 94 1087 126 52.

267 262 450 318 Operitc,
476 261 702 311 abscedite,
726 262 820 314 z‘a'm,
847 264 926 303 iam

260 318 448 360 Mittite!
467 333 560 358 nam
584 324 812 358 attrectatu
833 322 872 359 ἐι
892 334 1044 374 quassu

350 376 520 415 Saevom
543 372 807 428 (implq'ficatz's
829 374 1026 416 dolorem.

148 431 352 479 Videsne,
387 437 429 470 ut
450 431 689 471 obmutuerit
718 444 798 470 non
819 431 979 472 sedatus
1010 433 1208 487 corporis,
1243 435 1312 474 sed
1345 434 1559 489 castigatus

148 489 267 529 animi
301 487 440 527 dolor?
472 486 608 540 ltaque
639 487 680 527 in
703 487 894 529 extremis
913 487 1065 542 Niptris
1087 489 1186 529 alios
1207 503 1360 544 quoque
1382 491 1560 546 obiurgat

147 545 264 597 idque
286 544 485 583 moriens:

266 599 704 655 Conquerisortzinam
728 601 962 651 advorsum,
988 600 1067 642 ηόη
1090 600 1314 642 lamentari
1333 603 1463 643 decet.

264 653 332 698 'Id
351 658 435 696 viri
454 664 513 697 esc
534 655 713 709 officiam
728 657 883 712 5fletns
904 658 1102 700 vuile‘ebrz'
1119 660 1288 712 ingenio
1312 658 1494 700 (idditas.

146 714 272 755 Huius
294 713 414 753 animi
445 727 537 768 pars
559 713 628 753 illa
650 713 806 754 mollior
826 714 971 754 rationi
1006 715 1061 756 sie
1084 716 1237 769 paruit,
1262 722 1304 756 ut
1325 728 1468 756 severo
1490 716 1563 762 im-

147 770 323 826 peratori
345 769 458 811 miles
480 770 645 824 pudens.

260 827 303 867 In
327 841 404 880 quo
427 840 524 867 vero
556 827 632 867 erit
661 829 834 881 perfecta
858 828 1048 882 sapientia
1080 830 1211 881 (quem
1235 828 1362 868 adhuc
1384 842 1456 869 nos
1481 829 1565 882 qui-

81 892 120 924 51
147 885 233 925 dem
255 883 427 925 vidimus
460 883 680 934 nemineum
722 884 790 925 sed
821 884 1142 938 philosophorum
1172 884 1406 934 sententiis,
1438 886 1564 937 qualis

147 942 210 982 hic
229 942 384 981 futurus
403 941 467 990 sit,
489 940 521 980 si
539 941 654 980 modo
672 941 880 994 aliquando
900 942 1033 992 suerit,
1053 942 1284 995 exponitur)
1306 942 1407 982 —is
1425 941 1562 995 igitur,

146 999 231 1039 sive
255 1011 301 1037 ea
329 997 429 1037 ratio
445 1027 455 1046 ,
481 1010 579 1049 quae
603 998 679 1037 erit
708 998 749 1036 in
772 1011 818 1038 eo
842 999 1017 1051 perfecta
1039 1004 1157 1051 atque
1179 998 1384 1048 absoluta,
1419 999 1477 1038 sic
1509 998 1565 1038 illi

145 1054 246 1109 parti
268 1053 477 1106 imperabit
498 1053 703 1103 inferiori,
738 1061 782 1094 ut
810 1054 938 1095 iustus
969 1068 1112 1109 parcns
1145 1054 1278 1108 probis
1300 1054 1412 1105 filiis3
1449 1062 1562 1105 nutu,

147 1111 251 1164 quod
271 1110 392 1159 volet,
429 1110 622 1159 conficiet,
658 1110 766 1151 nullo
789 1111 938 1161 labore,
964 1111 1070 1152 nulla
1092 1112 1299 1161 molestia3
1335 1112 1462 1165 eriget
1482 1112 1567 1165 ipse

149 1181 217 1218 se,
242 1167 472 1217 suscitabit,
507 1167 700 1218 instruct,
726 1168 921 1217 armabit,
945 1175 1010 1217 ut,
1046 1175 1238 1221 tamquam
1263 1169 1391 1217 hosti,
1418 1168 1476 1208 sic
1498 1168 1565 1208 oh-

147 1224 264 1265 sistat
285 1223 425 1264 dolori.
462 1223 570 1275 Quae
593 1231 684 1264 sunt
706 1224 783 1265 ista
800 1225 936 1265 arma?
967 1224 1193 1274 Contentio,
1219 1225 1464 1264 confirmatio
1482 1237 1566 1264 ser-

145 1295 286 1334 moque
309 1280 488 1329 intimus⁷
524 1295 640 1334 quum
662 1281 747 1335 ipse
770 1294 926 1322 secum:
968 1281 1075 1322 Cave
1100 1288 1212 1335 turpe
1235 1281 1456 1334 quicquam,
1481 1280 1565 1321 lan-

147 1338 322 1392 guidum,
349 1352 427 1377 non
448 1338 581 1378 virile.

217 1440 223 1450 .
262 1393 710 1449 Obversenturspecies
728 1394 917 1435 honestae
932 1394 1041 1436 viro:
1067 1394 1175 1433 Zeno
1198 1401 1440 1448 proponatur
1451 1393 1566 1434 Elea-

146 1458 230 1499 tes,
266 1451 331 1504 qui
361 1464 571 1505 perpessus
593 1459 654 1491 est
676 1451 807 1491 omnia
837 1451 992 1505 potius,
1028 1465 1142 1504 quam
1174 1451 1354 1490 conscios
1377 1450 1567 1490 delendae

145 1507 368 1562 tyrannidis
397 1508 611 1557 indicaret3
647 1509 694 1547 dc
715 1508 959 1548 Anaxarcho
982 1507 1221 1547 Democritio
1245 1507 1464 1561 cogitetur,
1501 1506 1567 1560 qui

192 1607 334 1648 Operitc
352 1609 416 1636 etc.
455 1603 500 1636 Es
530 1603 613 1635 fehlt
631 1604 683 1635 ein
703 1604 822 1636 halber

140 1650 239 1694 Fuss.
266 1649 560 1683 &Vahrscheinlich
577 1650 634 1689 ist,
652 1650 716 1681 wie
729 1648 821 1681 Riih-

142 1707 205 1728 ner
220 1697 434 1735 vermuthet‚
468 1696 527 1727 das
546 1695 667 1727 zweite
686 1698 757 1727 iam
777 1707 819 1727 zu

141 1742 312 1774 streichen
346 1742 412 1774 und
441 1743 580 1783 operite
612 1752 654 1772 zu
679 1741 822 1773 wieder-

141 1788 261 1819 holen:
286 1788 440 1828 θρωπε,
458 1789 604 1828 operite,
627 1787 818 1827 abscedite,

140 1835 228 1865 iam.
249 1831 363 1873 (Hlotz
380 1833 495 1864 niinmt
508 1832 660 1872 dagegen
676 1841 731 1873 an,
744 1832 821 1864 dass

143 1879 255 1911 hinter
280 1881 351 1910 iam
379 1881 449 1909 iam
477 1877 530 1909 ein
559 1887 614 1908 me
649 1877 731 1909 oder
757 1888 820 1910 nos

142 1923 392 1963 hinzuzufiigen
412 1923 474 1954 sei.
500 1922 648 1954 Ribbeck
667 1922 822 1955 batrach-

143 1974 192 2001 tet
224 1970 287 2001 den
315 1968 400 2001 Vers
433 1969 484 2000 als
520 1969 751 2010 paroemiacus
779 1979 820 2000 zu

142 2015 215 2047 dem
233 2015 390 2055 vorhcrg.
412 2014 566 2056 anapiist.
583 2013 728 2057 System,
749 2025 820 2045 wo-

141 2071 247 2102 gegen
267 2061 327 2092 der
340 2060 450 2092 lnhalt
469 2061 527 2091 der
538 2058 645 2091 Vei-se
661 2059 819 2101 spricht.)

186 2106 329 2138 Mittite
349 2106 464 2147 „lasst
482 2105 569 2137 mich
588 2104 638 2136 los
651 2106 689 2136 !“

185 2153 288 2184 miles
298 2152 450 2194 pudorne,
467 2146 648 2195 αἰδήμων.
669 2150 763 2182 nom.
778 2151 816 2183 ΙΙ.

139 2196 236 2230 ΧΙΙΙ.
253 2198 311 2229 121
327 2208 376 2239 sq.
391 2197 525 2229 werden
542 2197 594 2228 die
605 2195 749 2237 Krieger
762 2206 821 2228 an-

141 2244 299 2284 geredet:
328 2261 370 2266 ——
398 2239 471 2274 ἀλλ’
500 2241 539 2275 ἐν
565 2242 677 2285 ᾳρεσὶ
703 2243 820 2274 θέσθε

142 2286 294 2325 ἕκαστος
313 2286 405 2320 (ιῖδιό
425 2287 485 2320 καὶ
504 2289 664 2332 νέμεσιν.

187 2331 256 2369 22.
278 2334 333 2366 52.
353 2337 485 2375 speeies
498 2335 664 2365 honestae
678 2332 819 2374 „ldeale

143 2380 204 2411 der
224 2378 408 2420 Tugend“.

187 2428 265 2457 viro
284 2425 587 2457 nachdrucksvoll:
611 2424 711 2463 „deni
728 2425 819 2456 wah-

142 2481 201 2502 ren
226 2469 392 2512 Manne“‚
427 2471 500 2502 mit·
522 2470 634 2511 ssczug
667 2469 729 2502 aus
761 2470 820 2502 das

142 2526 443 2558 vorangegangene
458 2527 524 2548 non
540 2517 650 2548 virile.
672 2515 714 2547 So
731 2514 747 2557 ξ
762 2516 818 2547 53:

142 2565 350 2594 rusticanus
371 2564 436 2602 vir,
456 2561 518 2594 sed
531 2561 639 2603 plane
659 2564 733 2600 vir,-
762 2561 819 2601 24,

886 2381 1014 2421 polius
1026 2403 1035 2418 ,

892 1605 954 1635 57:
985 1607 1045 1635 m'oe
1063 1613 1139 1636 eum
1159 1606 1273 1636 vit-um
1295 1603 1474 1642 d1'.'rer1.'m;
1511 1602 1566 1636 lv.

894 1650 948 1691 19,
968 1651 1031 1681 43:
1055 1652 1166 1681 virum
1188 1649 1303 1681 videri
1318 1653 1467 1692 negant.

936 1695 1031 1727 Zeno
1051 1705 1110 1727 aus
1129 1694 1214 1726 Elea
1233 1695 1265 1726 in
1285 1693 1571 1736 Grossgriechen-

891 1741 983 1782 land,
1014 1740 1158 1773 Schiiier
1176 1741 1234 1773 des
1254 1739 1483 1781 Parmenides,
1515 1750 1568 1772 um

891 1787 957 1819 460
975 1797 1008 1818 v.
1028 1786 1126 1825 Chr„
1156 1786 1239 1827 soli,
1269 1786 1320 1818 als
1347 1786 1403 1817 ihn
1422 1786 1483 1818 der
1501 1785 1571 1829 Ty—

892 1842 975 1864 ranu
996 1831 1171 1863 Nearchus
1199 1832 1298 1871 (nach
1316 1831 1471 1863 Andern:
1503 1830 1570 1863 De-

891 1876 1017 1920 niylus)
1037 1887 1111 1908 zum
1131 1876 1277 1908 Verrath
1297 1886 1338 1908 an
1358 1877 1471 1908 seinen
1491 1875 1570 1907 Mit—

891 1923 1154 1955 verschwornen
1175 1922 1328 1961 zwingen
1347 1922 1476 1961 wolite,
1497 1921 1567 1954 sich

893 1969 947 2000 die
966 1967 1082 2009 Zungc
1110 1967 1310 2008 abgebissen
1340 1967 1404 1999 und
1433 1967 1482 1999 sie
1501 1967 1567 1998 ihm

888 2015 940 2046 ins
960 2012 1098 2045 Gesicht
1118 2013 1274 2055 gespiecn
1296 2013 1419 2054 haben,
1438 2011 1573 2044 woraui'

890 2061 946 2091 ihn
979 2059 1091 2091 dieser
1125 2060 1157 2090 in
1192 2059 1300 2090 einein
1327 2057 1458 2090 Miirser
1483 2058 1567 2090 habe

890 2104 1119 2147 zerstampl'en
1138 2104 1264 2136 lassen.

931 2153 1071 2193 ponus,
1094 2160 1203 2191 quam
1222 2150 1279 2181 hat
1299 2149 1416 2182 humer
1430 2149 1490 2181 das
1507 2148 1570 2180 fol-

890 2196 995 2238 gende
1015 2195 1175 2236 Verbum,
1204 2195 1268 2227 wie
1288 2195 1361 2227 hier
1376 2195 1568 2234 indicaret,

890 2243 933 2274 im
961 2241 1178 2283 Conjuncssv,
1211 2240 1401 2273 manchinal
1428 2240 1489 2272 mit
1514 2243 1565 2280 ut,

889 2287 954 2319 wie
973 2287 1079 2319 Acad.
1100 2286 1140 2319 Η.
1159 2287 1192 2326 S,
1209 2286 1272 2318 23:
1293 2288 1350 2318 υἰν
1369 2287 1479 2318 bonus
1496 2289 1570 2317 sta-

892 2336 963 2365 tm't
998 2343 1132 2365 omnem
1169 2334 1368 2363 eructatum
1404 2331 1569 2373 perferre

1058 2388 1163 2421 quam
1183 2380 1225 2409 vt
1242 2378 1395 2418 officium
1410 2376 1567 2419 prodat,-

890 2425 923 2456 in
942 2423 1041 2456 Verr.
1059 2423 1101 2455 V.
1119 2423 1178 2463 40,
1200 2423 1282 2455 105:
1309 2424 1433 2464 potius
1461 2424 1568 2453 istius

891 2470 1017 2513 culpae
1033 2471 1164 2501 crimen
1179 2470 1387 2510 suscipiam,
1409 2477 1514 2509 quam
1531 2469 1567 2497 in

892 2519 925 2548 te
943 2515 1096 2548 erudelis
1115 2517 1194 2546 sim.

938 2561 1203 2599 Αηαωανοὴηε,
1232 2559 1285 2591 ein
1306 2558 1486 2599 Anhiinger
1512 2557 1572 2589 der
