1684 2819
171 152 251 191 126

637 148 799 182 LIBER
819 149 876 182 lll.
908 150 963 192 10,
983 149 1040 183 21.
1061 150 1118 182 22.

166 266 371 313 invidiam
407 265 508 318 quod
531 263 695 304 verbum
719 264 877 304 ductum
900 271 961 305 est
982 260 1001 304 a
1026 265 1142 306 nimis
1176 265 1365 306 intuendo
1388 264 1583 305 fortunam

169 323 349 371 alterius,
376 329 417 361 ut
440 329 499 361 est
520 320 561 360 in
582 320 828 374 Melanippo:
855 320 1045 371 Quisnam

683 376 838 431 florem
861 375 1034 417 liberum
1056 376 1206 419 invidit
1225 381 1384 418 meum?

166 436 270 476 Male
282 435 425 475 Latine
447 433 626 482 videtur3
653 432 722 473 sed
745 432 1127 487 praeclareAccius3
1154 442 1193 474 ut
1215 433 1318 474 enim
1345 434 1500 483 videre,
1526 434 1584 474 sie

169 492 354 532 invidere
360 492 514 547 florem
537 490 682 531 rectius
699 520 709 538 ‚
745 490 990 545 quamflori.
1034 489 1117 530 Nos
1140 490 1426 531 consuetudine
1449 491 1583 544 prohi—

94 548 152 593 10
164 548 325 598 bemur3
360 551 474 602 poeta
495 546 558 587 ius
581 560 692 588 suum
716 546 843 587 tenuit
871 553 911 586 et
932 545 1033 586 dixit
1054 546 1276 598 audacius.)
1309 546 1421 587 Cadit
1450 548 1572 601 igitur

100 613 139 645 21
166 605 206 644 in
230 605 394 644 eundem
426 610 466 643 et
486 603 670 644 misereri
703 611 741 643 et
770 602 968 643 invidere.
1009 602 1111 644 Nam
1135 603 1199 656 qui
1232 603 1338 643 dolet
1367 604 1485 645 rebus
1513 604 1583 644 ali-

168 661 278 701 cuius
302 660 504 710 adversis,
538 660 640 700 idem
670 660 837 700 alicuius
869 660 985 700 etiam
1008 659 1194 701 secundis
1217 660 1338 700 dolet.
1383 660 1432 701 Ut
1453 660 1584 700 Theo-

166 718 377 772 phrastus,
414 717 619 758 interitum
650 717 858 770 deplorans
884 716 1137 758 Callisthenis
1171 716 1320 757 sodalis
1341 717 1425 766 sui,
1463 717 1583 757 rebus

166 774 385 815 Alexandri
403 773 603 828 prosperis
622 773 801 827 angitur,
821 774 956 826 itaque
975 773 1082 823 dicit,
1099 773 1378 815 Callisthenem
1398 774 1585 814 incidisse

166 832 206 872 in
229 831 426 872 hominem
451 844 602 872 summa
627 832 798 883 potentia
823 844 1051 884 summaque
1075 832 1256 880 fortuna,
1293 831 1362 870 sed
1385 832 1581 884 ignarum,

167 903 280 942 quem
305 889 351 928 ad
375 888 529 928 modum
552 888 671 928 rebus
689 887 873 928 secundis
894 887 950 927 uti
974 887 1224 927 conveniret.
1258 886 1377 940 Atqui
1401 887 1586 940 quemad-

166 946 322 986 modum
347 944 621 986 misericordia
652 944 858 997 aegritudo
889 951 948 984 est
972 957 1025 984 ex
1056 944 1218 984 alterius
1241 944 1360 983 rebus
1383 943 1583 992 adversis,

168 1002 226 1041 sic
249 1002 464 1041 invidentia
480 1000 686 1054 aegritudo
703 1007 763 1040 est
780 1014 833 1040 ex
850 1001 1014 1041 alterius
1032 1000 1151 1040 rebus
1169 1000 1369 1041 secundis.
1406 1000 1447 1040 ln
1470 1013 1583 1054 quem

165 1059 286 1112 igitur
315 1058 416 1099 eadit
445 1057 651 1106 misereri,
695 1057 734 1096 in
767 1057 934 1097 eundem
966 1057 1085 1097 etiam
1117 1056 1312 1097 invidere.
1364 1056 1454 1098 Non
1484 1056 1587 1096 cadit

166 1121 297 1155 autem
321 1114 502 1155 invidere
518 1114 557 1153 in
574 1114 814 1167 sapientem3
841 1126 937 1166 ergo
960 1127 1009 1154 ne
1031 1114 1211 1154 misereri
1234 1114 1403 1167 quidem.
1437 1113 1584 1165 Quodsi

167 1184 287 1225 aegre
310 1173 414 1211 ferre
437 1171 594 1224 sapiens
619 1170 782 1219 soleret,
803 1170 985 1210 misereri
1009 1170 1127 1211 etiam
1149 1170 1310 1211 soleret.
1345 1171 1468 1211 Abest
1489 1183 1586 1224 ergo

167 1242 188 1268 a
211 1229 389 1282 sapiente
411 1227 633 1282 aegritudo.

281 1285 387 1324 Haec
420 1285 477 1324 sie
511 1284 695 1324 dicuntur
724 1298 745 1323 a
769 1283 912 1323 Stoicis
945 1283 1312 1337 concludunturque
1343 1282 1582 1323 contortius.

167 1342 243 1382 Sed
268 1341 384 1382 latius
407 1341 607 1394 aliquanto
631 1340 794 1380 dicenda
817 1347 908 1380 sunt
930 1346 969 1379 et
991 1339 1194 1390 diffusius3
1220 1340 1429 1381 sententiis
1452 1346 1584 1379 tamen

165 1399 352 1439 utendum
377 1412 513 1438 eorum
538 1397 801 1451 potissimum,
827 1397 891 1449 qui
914 1396 1086 1436 maxime
1108 1396 1197 1436 sorti
1221 1403 1275 1446 et,
1302 1404 1342 1436 ut
1364 1396 1419 1436 ita
1442 1396 1583 1446 dicam,

168 1456 273 1496 virili
297 1462 460 1495 utuntur
481 1454 637 1494 ratione
660 1461 776 1507 atque
799 1454 1011 1494 sententia.
1055 1452 1154 1494 Nam
1179 1453 1448 1507 Peripatetici,
1476 1454 1586 1493 sami-

167 1512 286 1552 liares
319 1511 468 1560 nostri,
504 1510 643 1564 quibus
674 1511 770 1550 nihil
794 1517 857 1550 est
887 1509 1075 1557 uberius,
1109 1510 1203 1550 nihil
1235 1510 1453 1559 eruditius,
1489 1510 1586 1550 nihil

167 1569 344 1622 gravius,
369 1567 662 1608 mediocritates
684 1567 750 1607 vel
772 1566 1109 1621 perturbationum
1132 1566 1197 1607 vel
1218 1568 1444 1606 morborum
1468 1565 1587 1606 animi

209 1695 245 1724 in
265 1692 484 1735 Melanippo,
516 1693 622 1724 einem
642 1692 765 1724 Stiicke
782 1692 839 1724 des

162 1738 295 1770 Accius.
328 1737 394 1770 Der
406 1738 490 1770 Vers
509 1739 598 1770 hiess
618 1739 699 1770 nach
713 1737 840 1770 Nonius

162 1783 368 1824 vollst‘zindig
383 1794 436 1815 so:
460 1780 558 1817 Uiedo
573 1787 638 1815 ant
652 1786 731 1825 qais
746 1793 840 1815 mor-

164 1828 389 1870 talis-,florent
402 1828 550 1860 liborum
564 1832 598 1860 in
605 1827 691 1860 vidit
705 1835 841 1860 meam?

162 1874 230 1906 Das
241 1874 509 1905 Scheelansehen
521 1874 836 1915 (eigtlsaseinare.

911 1691 1149 1731 widersetzte,
1193 1691 1253 1723 der
1276 1690 1506 1733 VTheiluahme
1544 1701 1585 1722 au

911 1737 1006 1768 einer
1022 1736 1316 1777 Vei-schwiirung,
1346 1737 1411 1768 und
1430 1737 1511 1769 liess
1531 1737 1586 1768 ihn

911 1784 994 1814 nach
1022 1782 1085 1814 den
1105 1783 1390 1814 scheusslichsten
1409 1781 1586 1815 Grausam-

910 1828 1025 1859 keiten
1044 1828 1175 1859 endlich
1196 1829 1324 1860 to'dten.

957 1895 1065 1927 aegre
1081 1885 1188 1926 set-re
1213 1899 1258 1910 Ξ
1276 1884 1506 1926 aegritudine
1530 1884 1588 1925 as-

160 1919 624 1960 ssccozm'vfw)bri11gtniiml.
639 1920 720 1951 uach
732 1921 839 1951 eincm
899 1930 980 1969 fies,

162 1966 295 1997 uralten
315 1965 571 2006 Aberglauheu,
600 1965 659 1995 der
685 1965 753 1996 sich
785 1964 836 1995 bei

163 2011 251 2043 allen
278 2009 428 2042 Viilkern
463 2010 587 2051 findet,
626 2010 696 2041 (lem
729 2010 839 2050 Ange-

163 2056 310 2088 blickten
331 2056 496 2088 Schaden.

218 2102 303 2133 Uale
331 2102 478 2142 Latine,
517 2112 563 2132 sc.
595 2101 725 2133 dictam
759 2101 839 2132 oder

165 2148 312 2179 dimisse.

211 2193 310 2224 dioeit
327 2193 517 2224 audacias.
547 2192 637 2224 Oder
654 2192 838 2223 vielmehr:

164 2248 199 2269 es
215 2248 286 2269 war
303 2238 477 2269 zuAccius
491 2238 609 2269 Zeiten
631 2248 666 2269 so
686 2237 840 2279 gewiihn-

164 2284 229 2315 lich
251 2284 313 2315 wie
332 2284 445 2325 spiiter
463 2284 523 2315 der
541 2283 653 2315 Dativ.

209 2326 273 2364 10.
303 2330 358 2360 21.
402 2329 668 2370 Theophrastus
712 2327 755 2369 (l.
786 2328 840 2368 19,

164 2374 225 2416 45)
253 2374 284 2406 in
313 2374 425 2406 seiuer
453 2374 601 2405 schrift:
632 2373 843 2405 Καλλισθέ-

168 2430 227 2460 ιής
245 2414 265 2461 ἢ
286 2421 368 2461 περὶ
391 2420 560 2455 πένθους.

213 2468 397 2497 interituve
429 2466 671 2497 Callistlwmzv.
719 2463 841 2496 Diesen

167 2513 281 2543 seinen
308 2511 516 2551 ehemaligen
544 2509 745 2542 Mitschiilcr
777 2509 844 2540 und

168 2556 300 2588 Freund
322 2556 535 2596 beziichtigte
555 2555 763 2593 Alexander,
794 2555 844 2586 als

168 2613 205 2633 er
224 2603 293 2634 sich
315 2603 428 2634 seiner
445 2601 628 2642 giittlichcn
649 2600 848 2640 Verehrung

955 1975 1012 2007 22.
1041 1975 1304 2007 concludantur·
1318 1977 1531 2008 contortius,
1554 1975 1588 2005 in

910 2020 981 2052 dem
1002 2020 1103 2053 Sinne
1123 2031 1184 2052 von
1205 2022 1252 2061 (6,
1271 2021 1325 2060 13)
1355 2021 1512 2052 breviter
1526 2020 1588 2051 ad-

909 2070 1091 2108 stringet-e
1105 2069 1332 2107 argumenta,
1355 2066 1437 2098 doch
1453 2065 1512 2097 mit
1530 2065 1590 2097 lei-

910 2122 977 2144 sem
998 2112 1123 2144 Tadel.
1152 2111 1229 2153 vgt.
1251 2112 1293 2143 ll.
1319 2112 1371 2151 15,
1393 2112 1448 2142 42.

958 2170 1068 2201 latias
1103 2169 1249 2200 dicenda
1283 2172 1379 2200 sani.
1424 2166 1504 2198 Dies
1531 2177 1589 2207 ge-

912 2215 1043 2247 schieht
1062 2214 1111 2246 bis
1130 2225 1170 2246 zu
1191 2213 1283 2246 Ende
1303 2214 1361 2245 des
1380 2213 1522 2245 Buches.

958 2272 1057 2311 ιιίΙιίΙ,
1080 2271 1144 2303 wie
1165 2270 1190 2302 l.
1211 2271 1244 2311 2,
1266 2271 1297 2301 5.

957 2328 1229 2359 mediocritates
1267 2325 1587 2368 perturbationum

914 2373 1144 2413 „genuissigte
1160 2370 1488 2409 Leidenschaften‘g
1509 2380 1534 2400 s.
1554 2370 1586 2406 5,

916 2418 950 2449 ll
983 2429 1023 2449 zu
1061 2418 1343 2449 mediocritatem
1374 2416 1587 2457 officioram.
1623 2423 1625 2425 ·

913 2462 1028 2502 Vei-gl.
1050 2464 1106 2500 31,
1124 2464 1178 2495 74.
1224 2461 1328 2494 Acad.
1359 2460 1399 2492 ll.
1421 2461 1477 2497 11,
1503 2460 1586 2491 135:

915 2508 1182 2541 Mediocritates
1200 2508 1255 2539 illi
1266 2507 1482 2549 probabant,
1506 2509 1539 2535 e!
1554 2507 1588 2536 ιή

917 2556 1013 2586 omni
1033 2556 1256 2596 permotione
1274 2551 1481 2584 naturalem
1502 2551 1589 2582 vole-

920 2601 1007 2631 bant
1025 2610 1095 2631 esse
1115 2599 1288 2641 quendam
1310 2597 1463 2631 modam.
