<?xml version="1.0" encoding="UTF-8"?>
<!DOCTYPE html PUBLIC "-//W3C//DTD XHTML 1.0 Transitional//EN"
    "http://www.w3.org/TR/xhtml1/DTD/xhtml1-transitional.dtd">
<html xmlns="http://www.w3.org/1999/xhtml" xml:lang="en" lang="en">
 <head>
  <title>
</title>
<meta http-equiv="Content-Type" content="text/html;charset=utf-8" />
  <meta name='ocr-system' content='tesseract 3.04.00' />
  <meta name='ocr-capabilities' content='ocr_page ocr_carea ocr_par ocr_line ocrx_word'/>
</head>
<body>
  <div class='ocr_page' id='page_1' title='image "./tusculanarumdisp00ciceuoft_0632.png"; bbox 0 0 1684 2819; ppageno 0'>
   <div class='ocr_carea' id='block_1_1' title="bbox 75 264 137 297">
    <p class='ocr_par' dir='ltr' id='par_1_1' title="bbox 75 264 137 297">
     <span class='ocr_line' id='line_1_1' title="bbox 75 264 137 297; baseline 0 0"><span class='ocrx_word' id='word_1_1' title='bbox 75 264 137 297; x_wconf 81' lang='lat'>104</span> 
     </span>
    </p>
   </div>
   <div class='ocr_carea' id='block_1_2' title="bbox 71 948 139 1031">
    <p class='ocr_par' dir='ltr' id='par_1_2' title="bbox 71 948 139 1031">
     <span class='ocr_line' id='line_1_2' title="bbox 85 948 139 987; baseline 0 0"><span class='ocrx_word' id='word_1_2' title='bbox 85 948 139 987; x_wconf 80' lang='lat'>30</span> 
     </span>
     <span class='ocr_line' id='line_1_3' title="bbox 71 1000 133 1031; baseline 0 0"><span class='ocrx_word' id='word_1_3' title='bbox 71 1000 133 1031; x_wconf 84' lang='lat'>105</span> 
     </span>
    </p>
   </div>
   <div class='ocr_carea' id='block_1_3' title="bbox 168 153 1009 195">
    <p class='ocr_par' dir='ltr' id='par_1_3' title="bbox 168 153 1009 195">
     <span class='ocr_line' id='line_1_4' title="bbox 168 153 1009 195; baseline 0.001 -10"><span class='ocrx_word' id='word_1_4' title='bbox 168 156 221 195; x_wconf 85' lang='lat'>76</span> <span class='ocrx_word' id='word_1_5' title='bbox 742 153 799 185; x_wconf 86' lang='lat' dir='ltr'>DE</span> <span class='ocrx_word' id='word_1_6' title='bbox 825 153 1009 186; x_wconf 64' lang='lat' dir='ltr'>osricus</span> 
     </span>
    </p>
   </div>
   <div class='ocr_carea' id='block_1_4' title="bbox 162 253 1582 1041">
    <p class='ocr_par' dir='ltr' id='par_1_4' title="bbox 162 253 1582 981">
     <span class='ocr_line' id='line_1_5' title="bbox 165 253 1579 308; baseline 0.002 -13"><span class='ocrx_word' id='word_1_7' title='bbox 165 255 221 295; x_wconf 92' lang='lat' dir='ltr'>nii</span> <span class='ocrx_word' id='word_1_8' title='bbox 241 256 371 295; x_wconf 89' lang='lat' dir='ltr'>lumen</span> <span class='ocrx_word' id='word_1_9' title='bbox 392 255 546 293; x_wconf 79' lang='lat' dir='ltr'><strong>eluceat.</strong></span> <span class='ocrx_word' id='word_1_10' title='bbox 588 253 736 305; x_wconf 82' lang='lat' dir='ltr'>Duplex</span> <span class='ocrx_word' id='word_1_11' title='bbox 758 254 919 294; x_wconf 89' lang='lat' dir='ltr'>omnino</span> <span class='ocrx_word' id='word_1_12' title='bbox 941 261 1000 295; x_wconf 89' lang='lat' dir='ltr'>est</span> <span class='ocrx_word' id='word_1_13' title='bbox 1019 255 1172 296; x_wconf 83' lang='lat' dir='ltr'>iocandi</span> <span class='ocrx_word' id='word_1_14' title='bbox 1193 268 1332 308; x_wconf 80' lang='lat' dir='ltr'>genus,</span> <span class='ocrx_word' id='word_1_15' title='bbox 1359 268 1483 297; x_wconf 90' lang='lat' dir='ltr'>unum</span> <span class='ocrx_word' id='word_1_16' title='bbox 1504 257 1579 298; x_wconf 91' lang='lat' dir='ltr'>illi-</span> 
     </span>
     <span class='ocr_line' id='line_1_6' title="bbox 164 310 1580 365; baseline 0.002 -14"><span class='ocrx_word' id='word_1_17' title='bbox 164 312 306 359; x_wconf 83' lang='lat' dir='ltr'>herale⁷</span> <span class='ocrx_word' id='word_1_18' title='bbox 327 311 518 363; x_wconf 76' lang='lat' dir='ltr'>petulans7</span> <span class='ocrx_word' id='word_1_19' title='bbox 539 310 789 361; x_wconf 86' lang='lat' dir='ltr'>flagitiosum,</span> <span class='ocrx_word' id='word_1_20' title='bbox 812 311 1067 359; x_wconf 84' lang='lat' dir='ltr'>obscoenum,</span> <span class='ocrx_word' id='word_1_21' title='bbox 1088 312 1249 352; x_wconf 89' lang='lat' dir='ltr'>alterum</span> <span class='ocrx_word' id='word_1_22' title='bbox 1272 315 1439 365; x_wconf 84' lang='lat' dir='ltr'>elegans,</span> <span class='ocrx_word' id='word_1_23' title='bbox 1462 314 1580 354; x_wconf 90' lang='lat' dir='ltr'>urba—</span> 
     </span>
     <span class='ocr_line' id='line_1_7' title="bbox 164 367 1581 418; baseline 0.001 -10"><span class='ocrx_word' id='word_1_24' title='bbox 164 381 270 415; x_wconf 77' lang='lat' dir='ltr'>num,</span> <span class='ocrx_word' id='word_1_25' title='bbox 287 367 544 418; x_wconf 81' lang='lat' dir='ltr'>ingeniosum,</span> <span class='ocrx_word' id='word_1_26' title='bbox 562 368 739 406; x_wconf 80' lang='lat' dir='ltr'>facetum.</span> <span class='ocrx_word' id='word_1_27' title='bbox 777 368 863 414; x_wconf 82' lang='lat' dir='ltr'>Quo</span> <span class='ocrx_word' id='word_1_28' title='bbox 881 379 1020 418; x_wconf 83' lang='lat' dir='ltr'>genere</span> <span class='ocrx_word' id='word_1_29' title='bbox 1035 379 1117 408; x_wconf 88' lang='lat' dir='ltr'>non</span> <span class='ocrx_word' id='word_1_30' title='bbox 1133 369 1254 409; x_wconf 88' lang='lat' dir='ltr'>modo</span> <span class='ocrx_word' id='word_1_31' title='bbox 1270 370 1428 410; x_wconf 90' lang='lat' dir='ltr'>Plautus</span> <span class='ocrx_word' id='word_1_32' title='bbox 1446 377 1581 411; x_wconf 88' lang='lat' dir='ltr'>noster</span> 
     </span>
     <span class='ocr_line' id='line_1_8' title="bbox 165 423 1579 476; baseline 0.003 -13"><span class='ocrx_word' id='word_1_33' title='bbox 165 432 202 463; x_wconf 83' lang='lat' dir='ltr'>et</span> <span class='ocrx_word' id='word_1_34' title='bbox 219 424 434 463; x_wconf 86' lang='lat' dir='ltr'>Atticorum</span> <span class='ocrx_word' id='word_1_35' title='bbox 456 423 612 474; x_wconf 86' lang='lat' dir='ltr'>antiqua</span> <span class='ocrx_word' id='word_1_36' title='bbox 633 423 846 471; x_wconf 80' lang='lat' dir='ltr'>comoedia,</span> <span class='ocrx_word' id='word_1_37' title='bbox 870 424 938 463; x_wconf 89' lang='lat' dir='ltr'>sed</span> <span class='ocrx_word' id='word_1_38' title='bbox 959 424 1072 463; x_wconf 87' lang='lat' dir='ltr'>etiam</span> <span class='ocrx_word' id='word_1_39' title='bbox 1089 424 1418 476; x_wconf 89' lang='lat' dir='ltr'>philosophorum</span> <span class='ocrx_word' id='word_1_40' title='bbox 1437 427 1579 467; x_wconf 88' lang='lat' dir='ltr'>Socra·</span> 
     </span>
     <span class='ocr_line' id='line_1_9' title="bbox 164 479 1577 532; baseline 0.003 -13"><span class='ocrx_word' id='word_1_41' title='bbox 164 481 330 519; x_wconf 85' lang='lat' dir='ltr'>ticorum</span> <span class='ocrx_word' id='word_1_42' title='bbox 351 479 436 518; x_wconf 90' lang='lat' dir='ltr'>libri</span> <span class='ocrx_word' id='word_1_43' title='bbox 457 479 586 518; x_wconf 85' lang='lat' dir='ltr'>referti</span> <span class='ocrx_word' id='word_1_44' title='bbox 608 485 715 526; x_wconf 85' lang='lat' dir='ltr'>sunt,</span> <span class='ocrx_word' id='word_1_45' title='bbox 737 480 932 532; x_wconf 86' lang='lat' dir='ltr'>multaque</span> <span class='ocrx_word' id='word_1_46' title='bbox 953 480 1166 520; x_wconf 90' lang='lat' dir='ltr'>multorum</span> <span class='ocrx_word' id='word_1_47' title='bbox 1188 482 1307 521; x_wconf 79' lang='lat' dir='ltr'>facete</span> <span class='ocrx_word' id='word_1_48' title='bbox 1328 482 1438 530; x_wconf 83' lang='lat' dir='ltr'>dicta,</span> <span class='ocrx_word' id='word_1_49' title='bbox 1459 489 1502 522; x_wconf 91' lang='lat' dir='ltr'>ut</span> <span class='ocrx_word' id='word_1_50' title='bbox 1522 496 1577 530; x_wconf 87' lang='lat' dir='ltr'>ea,</span> 
     </span>
     <span class='ocr_line' id='line_1_10' title="bbox 165 533 1578 592; baseline 0.003 -17"><span class='ocrx_word' id='word_1_51' title='bbox 165 548 261 587; x_wconf 84' lang='lat' dir='ltr'>quae</span> <span class='ocrx_word' id='word_1_52' title='bbox 283 549 303 575; x_wconf 91' lang='lat' dir='ltr'>a</span> <span class='ocrx_word' id='word_1_53' title='bbox 326 548 418 574; x_wconf 89' lang='lat' dir='ltr'>sene</span> <span class='ocrx_word' id='word_1_54' title='bbox 440 536 586 575; x_wconf 88' lang='lat' dir='ltr'>Catone</span> <span class='ocrx_word' id='word_1_55' title='bbox 608 536 764 575; x_wconf 82' lang='lat' dir='ltr'>collecta</span> <span class='ocrx_word' id='word_1_56' title='bbox 786 543 887 584; x_wconf 89' lang='lat' dir='ltr'>sunt,</span> <span class='ocrx_word' id='word_1_57' title='bbox 909 549 1005 588; x_wconf 90' lang='lat' dir='ltr'>quae</span> <span class='ocrx_word' id='word_1_58' title='bbox 1029 549 1210 577; x_wconf 84' lang='lat' dir='ltr'>vocamus</span> <span class='ocrx_word' id='word_1_59' title='bbox 1234 533 1578 592; x_wconf 71' lang='grc' dir='ltr'><em>ἀποφθέγματα.</em></span> 
     </span>
     <span class='ocr_line' id='line_1_11' title="bbox 164 592 1577 644; baseline 0.002 -12"><span class='ocrx_word' id='word_1_60' title='bbox 164 592 302 632; x_wconf 79' lang='lat' dir='ltr'>Facilis</span> <span class='ocrx_word' id='word_1_61' title='bbox 331 592 447 643; x_wconf 84' lang='lat' dir='ltr'>igitur</span> <span class='ocrx_word' id='word_1_62' title='bbox 473 598 532 631; x_wconf 90' lang='lat' dir='ltr'>est</span> <span class='ocrx_word' id='word_1_63' title='bbox 560 592 756 632; x_wconf 83' lang='lat' dir='ltr'>distinctio</span> <span class='ocrx_word' id='word_1_64' title='bbox 784 592 941 644; x_wconf 84' lang='lat' dir='ltr'>ingenui</span> <span class='ocrx_word' id='word_1_65' title='bbox 963 599 1000 632; x_wconf 88' lang='lat' dir='ltr'>et</span> <span class='ocrx_word' id='word_1_66' title='bbox 1026 593 1219 633; x_wconf 88' lang='lat' dir='ltr'>illiberalis</span> <span class='ocrx_word' id='word_1_67' title='bbox 1248 594 1333 633; x_wconf 87' lang='lat' dir='ltr'>ioci.</span> <span class='ocrx_word' id='word_1_68' title='bbox 1375 594 1480 634; x_wconf 84' lang='lat' dir='ltr'>Alter</span> <span class='ocrx_word' id='word_1_69' title='bbox 1507 602 1577 644; x_wconf 87' lang='lat' dir='ltr'>est,</span> 
     </span>
     <span class='ocr_line' id='line_1_12' title="bbox 165 648 1582 702; baseline 0.002 -14"><span class='ocrx_word' id='word_1_70' title='bbox 165 650 197 688; x_wconf 93' lang='lat' dir='ltr'>si</span> <span class='ocrx_word' id='word_1_71' title='bbox 219 655 395 700; x_wconf 88' lang='lat' dir='ltr'>tempore</span> <span class='ocrx_word' id='word_1_72' title='bbox 412 649 471 695; x_wconf 85' lang='lat' dir='ltr'>fit,</span> <span class='ocrx_word' id='word_1_73' title='bbox 493 653 537 688; x_wconf 87' lang='lat' dir='ltr'>ut</span> <span class='ocrx_word' id='word_1_74' title='bbox 558 649 609 687; x_wconf 87' lang='lat' dir='ltr'>sit</span> <span class='ocrx_word' id='word_1_75' title='bbox 629 648 809 688; x_wconf 88' lang='lat' dir='ltr'>remissio</span> <span class='ocrx_word' id='word_1_76' title='bbox 832 649 961 688; x_wconf 90' lang='lat' dir='ltr'>animo</span> <span class='ocrx_word' id='word_1_77' title='bbox 981 680 1103 689; x_wconf 92' lang='grc'><strong><em>.....</em></strong></span> <span class='ocrx_word' id='word_1_78' title='bbox 1126 650 1285 690; x_wconf 90' lang='lat' dir='ltr'>homine</span> <span class='ocrx_word' id='word_1_79' title='bbox 1306 650 1467 702; x_wconf 88' lang='lat' dir='ltr'>dignus,</span> <span class='ocrx_word' id='word_1_80' title='bbox 1489 652 1582 691; x_wconf 83' lang='lat' dir='ltr'>alter</span> 
     </span>
     <span class='ocr_line' id='line_1_13' title="bbox 163 704 1581 757; baseline 0.002 -13"><span class='ocrx_word' id='word_1_81' title='bbox 163 717 213 744; x_wconf 88' lang='lat' dir='ltr'>ne</span> <span class='ocrx_word' id='word_1_82' title='bbox 233 705 355 744; x_wconf 85' lang='lat' dir='ltr'>libero</span> <span class='ocrx_word' id='word_1_83' title='bbox 379 704 553 756; x_wconf 83' lang='lat' dir='ltr'>quidem,</span> <span class='ocrx_word' id='word_1_84' title='bbox 584 705 615 744; x_wconf 86' lang='lat' dir='ltr'>si</span> <span class='ocrx_word' id='word_1_85' title='bbox 637 717 768 745; x_wconf 90' lang='lat' dir='ltr'>rerum</span> <span class='ocrx_word' id='word_1_86' title='bbox 790 706 1020 757; x_wconf 83' lang='lat' dir='ltr'>turpitudini</span> <span class='ocrx_word' id='word_1_87' title='bbox 1048 706 1252 746; x_wconf 79' lang='lat' dir='ltr'>adhibetur</span> <span class='ocrx_word' id='word_1_88' title='bbox 1272 707 1480 747; x_wconf 88' lang='lat' dir='ltr'>verborum</span> <span class='ocrx_word' id='word_1_89' title='bbox 1510 708 1581 747; x_wconf 88' lang='lat' dir='ltr'>ob-</span> 
     </span>
     <span class='ocr_line' id='line_1_14' title="bbox 163 761 1581 814; baseline 0.002 -13"><span class='ocrx_word' id='word_1_90' title='bbox 163 762 369 801; x_wconf 82' lang='lat' dir='ltr'>scoenitas.</span> <span class='ocrx_word' id='word_1_91' title='bbox 411 761 587 800; x_wconf 86' lang='lat' dir='ltr'>Ludendi</span> <span class='ocrx_word' id='word_1_92' title='bbox 616 762 729 801; x_wconf 84' lang='lat' dir='ltr'>etiam</span> <span class='ocrx_word' id='word_1_93' title='bbox 761 769 820 801; x_wconf 94' lang='lat' dir='ltr'>est</span> <span class='ocrx_word' id='word_1_94' title='bbox 841 762 996 814; x_wconf 84' lang='lat' dir='ltr'>quidam</span> <span class='ocrx_word' id='word_1_95' title='bbox 1025 763 1167 802; x_wconf 81' lang='lat' dir='ltr'>modus</span> <span class='ocrx_word' id='word_1_96' title='bbox 1195 764 1441 811; x_wconf 83' lang='lat' dir='ltr'>retinendus,</span> <span class='ocrx_word' id='word_1_97' title='bbox 1468 770 1512 804; x_wconf 91' lang='lat' dir='ltr'>ut</span> <span class='ocrx_word' id='word_1_98' title='bbox 1532 776 1581 804; x_wconf 90' lang='lat' dir='ltr'>ne</span> 
     </span>
     <span class='ocr_line' id='line_1_15' title="bbox 162 818 1579 872; baseline 0.002 -15"><span class='ocrx_word' id='word_1_99' title='bbox 162 818 280 857; x_wconf 86' lang='lat' dir='ltr'>nimis</span> <span class='ocrx_word' id='word_1_100' title='bbox 303 818 433 856; x_wconf 90' lang='lat' dir='ltr'>omnia</span> <span class='ocrx_word' id='word_1_101' title='bbox 455 818 740 868; x_wconf 82' lang='lat' dir='ltr'>profundamus</span> <span class='ocrx_word' id='word_1_102' title='bbox 762 818 923 870; x_wconf 85' lang='lat' dir='ltr'>elatique</span> <span class='ocrx_word' id='word_1_103' title='bbox 944 819 1140 870; x_wconf 74' lang='lat' dir='ltr'>voluptate</span> <span class='ocrx_word' id='word_1_104' title='bbox 1163 820 1202 858; x_wconf 90' lang='lat' dir='ltr'>in</span> <span class='ocrx_word' id='word_1_105' title='bbox 1225 821 1388 872; x_wconf 77' lang='lat' dir='ltr'>aliquam</span> <span class='ocrx_word' id='word_1_106' title='bbox 1411 821 1579 872; x_wconf 82' lang='lat' dir='ltr'>turpitu-</span> 
     </span>
     <span class='ocr_line' id='line_1_16' title="bbox 164 874 1580 927; baseline 0.002 -14"><span class='ocrx_word' id='word_1_107' title='bbox 164 875 291 913; x_wconf 86' lang='lat' dir='ltr'>dinem</span> <span class='ocrx_word' id='word_1_108' title='bbox 315 874 548 913; x_wconf 83' lang='lat' dir='ltr'>delabamur.</span> <span class='ocrx_word' id='word_1_109' title='bbox 586 874 845 925; x_wconf 84' lang='lat' dir='ltr'>Suppeditant</span> <span class='ocrx_word' id='word_1_110' title='bbox 860 882 988 915; x_wconf 88' lang='lat' dir='ltr'>autem</span> <span class='ocrx_word' id='word_1_111' title='bbox 1009 881 1047 914; x_wconf 89' lang='lat' dir='ltr'>et</span> <span class='ocrx_word' id='word_1_112' title='bbox 1069 888 1229 927; x_wconf 83' lang='lat' dir='ltr'>campus</span> <span class='ocrx_word' id='word_1_113' title='bbox 1247 882 1382 916; x_wconf 84' lang='lat' dir='ltr'>noster</span> <span class='ocrx_word' id='word_1_114' title='bbox 1400 883 1436 916; x_wconf 88' lang='lat' dir='ltr'>et</span> <span class='ocrx_word' id='word_1_115' title='bbox 1454 878 1580 916; x_wconf 87' lang='lat' dir='ltr'>studia</span> 
     </span>
     <span class='ocr_line' id='line_1_17' title="bbox 163 930 899 981; baseline 0.003 -13"><span class='ocrx_word' id='word_1_116' title='bbox 163 930 328 970; x_wconf 87' lang='lat' dir='ltr'>venandi</span> <span class='ocrx_word' id='word_1_117' title='bbox 350 931 516 969; x_wconf 78' lang='lat' dir='ltr'>honesta</span> <span class='ocrx_word' id='word_1_118' title='bbox 537 931 709 981; x_wconf 78' lang='lat' dir='ltr'>exempla</span> <span class='ocrx_word' id='word_1_119' title='bbox 730 931 899 970; x_wconf 90' lang='lat' dir='ltr'>ludendi.</span> 
     </span>
    </p>

    <p class='ocr_par' dir='ltr' id='par_1_5' title="bbox 270 986 1581 1041">
     <span class='ocr_line' id='line_1_18' title="bbox 270 986 1581 1041; baseline 0.002 -17"><span class='ocrx_word' id='word_1_120' title='bbox 270 987 345 1025; x_wconf 87' lang='lat' dir='ltr'>Sed</span> <span class='ocrx_word' id='word_1_121' title='bbox 363 986 531 1037; x_wconf 87' lang='lat' dir='ltr'>pertinet</span> <span class='ocrx_word' id='word_1_122' title='bbox 547 987 593 1025; x_wconf 86' lang='lat' dir='ltr'>ad</span> <span class='ocrx_word' id='word_1_123' title='bbox 613 998 769 1025; x_wconf 86' lang='lat' dir='ltr'>omnem</span> <span class='ocrx_word' id='word_1_124' title='bbox 779 987 896 1026; x_wconf 85' lang='lat' dir='ltr'>officii</span> <span class='ocrx_word' id='word_1_125' title='bbox 905 987 1172 1038; x_wconf 77' lang='lat' dir='ltr'>quaestionem</span> <span class='ocrx_word' id='word_1_126' title='bbox 1191 1001 1345 1040; x_wconf 80' lang='lat' dir='ltr'>semper</span> <span class='ocrx_word' id='word_1_127' title='bbox 1360 989 1398 1028; x_wconf 91' lang='lat' dir='ltr'>in</span> <span class='ocrx_word' id='word_1_128' title='bbox 1416 1001 1581 1041; x_wconf 88' lang='lat' dir='ltr'>promp-</span> 
     </span>
    </p>
   </div>
   <div class='ocr_carea' id='block_1_5' title="bbox 161 1133 837 1213">
    <p class='ocr_par' dir='ltr' id='par_1_6' title="bbox 161 1133 837 1213">
     <span class='ocr_line' id='line_1_19' title="bbox 210 1133 837 1175; baseline 0.002 -11"><span class='ocrx_word' id='word_1_129' title='bbox 210 1133 285 1165; x_wconf 72' lang='lat'>104.</span> <span class='ocrx_word' id='word_1_130' title='bbox 318 1134 514 1165; x_wconf 64' lang='lat' dir='ltr'>Atticorum</span> <span class='ocrx_word' id='word_1_131' title='bbox 541 1134 682 1175; x_wconf 76' lang='lat' dir='ltr'>antiqua</span> <span class='ocrx_word' id='word_1_132' title='bbox 709 1143 837 1166; x_wconf 71' lang='lat' dir='ltr'>comoe-</span> 
     </span>
     <span class='ocr_line' id='line_1_20' title="bbox 161 1178 837 1213; baseline -0.001 -2"><span class='ocrx_word' id='word_1_133' title='bbox 161 1180 236 1211; x_wconf 84' lang='lat' dir='ltr'>dia:</span> <span class='ocrx_word' id='word_1_134' title='bbox 255 1179 302 1209; x_wconf 88' lang='lat' dir='ltr'>sie</span> <span class='ocrx_word' id='word_1_135' title='bbox 313 1188 382 1209; x_wconf 72' lang='lat' dir='ltr'>wal·</span> <span class='ocrx_word' id='word_1_136' title='bbox 397 1179 436 1209; x_wconf 90' lang='lat' dir='ltr'>im</span> <span class='ocrx_word' id='word_1_137' title='bbox 447 1178 685 1211; x_wconf 78' lang='lat' dir='ltr'>Unterschiede</span> <span class='ocrx_word' id='word_1_138' title='bbox 698 1190 760 1210; x_wconf 78' lang='lat' dir='ltr'>von</span> <span class='ocrx_word' id='word_1_139' title='bbox 777 1180 837 1213; x_wconf 82' lang='lat' dir='ltr'>dei·</span> 
     </span>
    </p>
   </div>
   <div class='ocr_carea' id='block_1_6' title="bbox 910 1134 1582 1223">
    <p class='ocr_par' dir='ltr' id='par_1_7' title="bbox 910 1134 1582 1223">
     <span class='ocr_line' id='line_1_21' title="bbox 910 1134 1582 1174; baseline 0.006 -10"><span class='ocrx_word' id='word_1_140' title='bbox 910 1134 981 1165; x_wconf 87' lang='lat' dir='ltr'>dies</span> <span class='ocrx_word' id='word_1_141' title='bbox 1005 1134 1035 1165; x_wconf 89' lang='lat' dir='ltr'>in</span> <span class='ocrx_word' id='word_1_142' title='bbox 1060 1134 1132 1166; x_wconf 87' lang='lat' dir='ltr'>dem</span> <span class='ocrx_word' id='word_1_143' title='bbox 1157 1135 1257 1165; x_wconf 89' lang='lat' dir='ltr'>Sinne</span> <span class='ocrx_word' id='word_1_144' title='bbox 1287 1134 1359 1174; x_wconf 86' lang='lat' dir='ltr'>‚der</span> <span class='ocrx_word' id='word_1_145' title='bbox 1376 1134 1506 1168; x_wconf 78' lang='lat' dir='ltr'>Wiirde</span> <span class='ocrx_word' id='word_1_146' title='bbox 1524 1137 1582 1168; x_wconf 88' lang='lat' dir='ltr'>des</span> 
     </span>
     <span class='ocr_line' id='line_1_22' title="bbox 910 1178 1582 1223; baseline 0.003 -13"><span class='ocrx_word' id='word_1_147' title='bbox 910 1178 1088 1210; x_wconf 56' lang='lat' dir='ltr'>Mense-hen</span> <span class='ocrx_word' id='word_1_148' title='bbox 1107 1180 1347 1220; x_wconf 78' lang='lat' dir='ltr'>angemessen‘,</span> <span class='ocrx_word' id='word_1_149' title='bbox 1376 1182 1440 1212; x_wconf 81' lang='lat' dir='ltr'>wie</span> <span class='ocrx_word' id='word_1_150' title='bbox 1458 1181 1582 1223; x_wconf 55' lang='lat' dir='ltr'>dignus</span> 
     </span>
    </p>
   </div>
   <div class='ocr_carea' id='block_1_7' title="bbox 160 1221 837 1356">
    <p class='ocr_par' dir='ltr' id='par_1_8' title="bbox 160 1221 837 1356">
     <span class='ocr_line' id='line_1_23' title="bbox 162 1221 837 1256; baseline -0.001 0"><span class='ocrx_word' id='word_1_151' title='bbox 162 1224 331 1256; x_wconf 83' lang='lat' dir='ltr'>mittleren</span> <span class='ocrx_word' id='word_1_152' title='bbox 345 1233 377 1254; x_wconf 88' lang='lat' dir='ltr'>u.</span> <span class='ocrx_word' id='word_1_153' title='bbox 388 1233 531 1254; x_wconf 82' lang='lat' dir='ltr'>neueren</span> <span class='ocrx_word' id='word_1_154' title='bbox 542 1221 703 1256; x_wconf 67' lang='lat' dir='ltr'>Iiomo&#39;die</span> <span class='ocrx_word' id='word_1_155' title='bbox 718 1224 837 1255; x_wconf 85' lang='lat' dir='ltr'>durch-</span> 
     </span>
     <span class='ocr_line' id='line_1_24' title="bbox 160 1268 837 1311; baseline 0 -11"><span class='ocrx_word' id='word_1_156' title='bbox 160 1279 237 1309; x_wconf 80' lang='lat' dir='ltr'>weg</span> <span class='ocrx_word' id='word_1_157' title='bbox 253 1268 417 1311; x_wconf 82' lang='lat' dir='ltr'>politisch.</span> <span class='ocrx_word' id='word_1_158' title='bbox 465 1268 538 1299; x_wconf 86' lang='lat' dir='ltr'>lhre</span> <span class='ocrx_word' id='word_1_159' title='bbox 557 1268 837 1311; x_wconf 80' lang='lat' dir='ltr'>Ilauptvertreter</span> 
     </span>
     <span class='ocr_line' id='line_1_25' title="bbox 161 1313 835 1356; baseline 0.001 -11"><span class='ocrx_word' id='word_1_160' title='bbox 161 1315 232 1345; x_wconf 87' lang='lat' dir='ltr'>sind</span> <span class='ocrx_word' id='word_1_161' title='bbox 243 1313 492 1355; x_wconf 80' lang='lat' dir='ltr'>Aristophanes,</span> <span class='ocrx_word' id='word_1_162' title='bbox 504 1313 651 1356; x_wconf 82' lang='lat' dir='ltr'>Eupolis,</span> <span class='ocrx_word' id='word_1_163' title='bbox 664 1314 835 1346; x_wconf 66' lang='lat' dir='ltr'>lii-atinus.</span> 
     </span>
    </p>
   </div>
   <div class='ocr_carea' id='block_1_8' title="bbox 160 1373 839 1903">
    <p class='ocr_par' dir='ltr' id='par_1_9' title="bbox 160 1373 839 1903">
     <span class='ocr_line' id='line_1_26' title="bbox 205 1373 834 1412; baseline -0.003 -6"><span class='ocrx_word' id='word_1_164' title='bbox 205 1373 460 1406; x_wconf 71' lang='lat' dir='ltr'>Socraticorum</span> <span class='ocrx_word' id='word_1_165' title='bbox 477 1374 553 1405; x_wconf 81' lang='lat' dir='ltr'>libri</span> <span class='ocrx_word' id='word_1_166' title='bbox 559 1387 569 1405; x_wconf 93' lang='grc'>.·</span> <span class='ocrx_word' id='word_1_167' title='bbox 594 1374 684 1407; x_wconf 77' lang='lat' dir='ltr'>Brut.</span> <span class='ocrx_word' id='word_1_168' title='bbox 706 1374 834 1412; x_wconf 72' lang='lat'>85,292</span> 
     </span>
     <span class='ocr_line' id='line_1_27' title="bbox 162 1418 836 1462; baseline -0.001 -10"><span class='ocrx_word' id='word_1_169' title='bbox 162 1430 224 1462; x_wconf 73' lang='lat' dir='ltr'>ego</span> <span class='ocrx_word' id='word_1_170' title='bbox 242 1421 387 1451; x_wconf 77' lang='lat' dir='ltr'>ironiam</span> <span class='ocrx_word' id='word_1_171' title='bbox 405 1419 508 1459; x_wconf 83' lang='lat' dir='ltr'>illam,</span> <span class='ocrx_word' id='word_1_172' title='bbox 526 1430 628 1461; x_wconf 82' lang='lat' dir='ltr'>quam</span> <span class='ocrx_word' id='word_1_173' title='bbox 644 1423 675 1451; x_wconf 81' lang='lat' dir='ltr'>in</span> <span class='ocrx_word' id='word_1_174' title='bbox 695 1418 836 1451; x_wconf 74' lang='lat' dir='ltr'>Socrate</span> 
     </span>
     <span class='ocr_line' id='line_1_28' title="bbox 161 1465 839 1506; baseline -0.001 -9"><span class='ocrx_word' id='word_1_175' title='bbox 161 1465 414 1505; x_wconf 74' lang='lat' dir='ltr'>dieuntsuisse,</span> <span class='ocrx_word' id='word_1_176' title='bbox 433 1475 499 1506; x_wconf 82' lang='lat' dir='ltr'>qua</span> <span class='ocrx_word' id='word_1_177' title='bbox 514 1465 569 1496; x_wconf 86' lang='lat' dir='ltr'>ille</span> <span class='ocrx_word' id='word_1_178' title='bbox 582 1466 616 1496; x_wconf 75' lang='lat' dir='ltr'>in</span> <span class='ocrx_word' id='word_1_179' title='bbox 632 1465 786 1496; x_wconf 73' lang='lat' dir='ltr'>Platonis</span> <span class='ocrx_word' id='word_1_180' title='bbox 804 1467 839 1495; x_wconf 87' lang='lat' dir='ltr'>et</span> 
     </span>
     <span class='ocr_line' id='line_1_29' title="bbox 161 1510 836 1553; baseline -0.001 -11"><span class='ocrx_word' id='word_1_181' title='bbox 161 1510 394 1553; x_wconf 70' lang='lat' dir='ltr'>Xenophontis</span> <span class='ocrx_word' id='word_1_182' title='bbox 413 1512 443 1540; x_wconf 84' lang='lat' dir='ltr'>et</span> <span class='ocrx_word' id='word_1_183' title='bbox 458 1510 639 1541; x_wconf 74' lang='lat' dir='ltr'>Aeschinis</span> <span class='ocrx_word' id='word_1_184' title='bbox 655 1510 749 1542; x_wconf 81' lang='lat' dir='ltr'>libris</span> <span class='ocrx_word' id='word_1_185' title='bbox 768 1511 836 1541; x_wconf 73' lang='lat' dir='ltr'>uti-</span> 
     </span>
     <span class='ocr_line' id='line_1_30' title="bbox 163 1555 836 1597; baseline -0.003 -10"><span class='ocrx_word' id='word_1_186' title='bbox 163 1559 229 1595; x_wconf 83' lang='lat' dir='ltr'>tur,</span> <span class='ocrx_word' id='word_1_187' title='bbox 237 1557 395 1597; x_wconf 67' lang='lat' dir='ltr'>jacebam</span> <span class='ocrx_word' id='word_1_188' title='bbox 408 1557 441 1586; x_wconf 87' lang='lat' dir='ltr'>et</span> <span class='ocrx_word' id='word_1_189' title='bbox 452 1555 701 1596; x_wconf 66' lang='lat' dir='ltr'>intellegentem</span> <span class='ocrx_word' id='word_1_190' title='bbox 715 1555 836 1587; x_wconf 79' lang='lat' dir='ltr'>iudico.</span> 
     </span>
     <span class='ocr_line' id='line_1_31' title="bbox 162 1597 835 1645; baseline -0.003 -13"><span class='ocrx_word' id='word_1_191' title='bbox 162 1600 232 1632; x_wconf 77' lang='lat' dir='ltr'>Aus</span> <span class='ocrx_word' id='word_1_192' title='bbox 257 1601 305 1632; x_wconf 85' lang='lat' dir='ltr'>sie</span> <span class='ocrx_word' id='word_1_193' title='bbox 329 1600 393 1631; x_wconf 87' lang='lat' dir='ltr'>und</span> <span class='ocrx_word' id='word_1_194' title='bbox 420 1599 520 1632; x_wconf 85' lang='lat' dir='ltr'>Catos</span> <span class='ocrx_word' id='word_1_195' title='bbox 551 1597 835 1645; x_wconf 56' lang='grc' dir='ltr'>ἀποφθέγματα</span> 
     </span>
     <span class='ocr_line' id='line_1_32' title="bbox 160 1645 837 1677; baseline 0.001 -1"><span class='ocrx_word' id='word_1_196' title='bbox 160 1646 232 1677; x_wconf 84' lang='lat' dir='ltr'>will</span> <span class='ocrx_word' id='word_1_197' title='bbox 247 1645 313 1677; x_wconf 91' lang='lat' dir='ltr'>Cic.</span> <span class='ocrx_word' id='word_1_198' title='bbox 330 1645 402 1676; x_wconf 83' lang='lat' dir='ltr'>hier</span> <span class='ocrx_word' id='word_1_199' title='bbox 420 1645 602 1677; x_wconf 86' lang='lat' dir='ltr'>besonders</span> <span class='ocrx_word' id='word_1_200' title='bbox 615 1645 837 1677; x_wconf 75' lang='lat' dir='ltr'>aufmerksam</span> 
     </span>
     <span class='ocr_line' id='line_1_33' title="bbox 161 1690 835 1723; baseline 0 -1"><span class='ocrx_word' id='word_1_201' title='bbox 161 1691 308 1723; x_wconf 81' lang='lat' dir='ltr'>macheu.</span> <span class='ocrx_word' id='word_1_202' title='bbox 353 1690 490 1722; x_wconf 78' lang='lat' dir='ltr'>Plautus</span> <span class='ocrx_word' id='word_1_203' title='bbox 520 1692 585 1722; x_wconf 90' lang='lat' dir='ltr'>und</span> <span class='ocrx_word' id='word_1_204' title='bbox 614 1691 665 1722; x_wconf 84' lang='lat' dir='ltr'>die</span> <span class='ocrx_word' id='word_1_205' title='bbox 695 1691 835 1722; x_wconf 83' lang='lat' dir='ltr'>attische</span> 
     </span>
     <span class='ocr_line' id='line_1_34' title="bbox 161 1735 835 1778; baseline -0.001 -10"><span class='ocrx_word' id='word_1_206' title='bbox 161 1735 322 1768; x_wconf 74' lang='lat' dir='ltr'>h&#39;oiniidie</span> <span class='ocrx_word' id='word_1_207' title='bbox 348 1736 500 1767; x_wconf 64' lang='lat' dir='ltr'>erwa&#39;hnt</span> <span class='ocrx_word' id='word_1_208' title='bbox 523 1746 560 1767; x_wconf 87' lang='lat' dir='ltr'>er</span> <span class='ocrx_word' id='word_1_209' title='bbox 584 1747 645 1767; x_wconf 88' lang='lat' dir='ltr'>nur</span> <span class='ocrx_word' id='word_1_210' title='bbox 668 1735 835 1778; x_wconf 72' lang='lat' dir='ltr'>beiliiufig,</span> 
     </span>
     <span class='ocr_line' id='line_1_35' title="bbox 162 1780 837 1813; baseline 0 -1"><span class='ocrx_word' id='word_1_211' title='bbox 162 1782 245 1812; x_wconf 86' lang='lat' dir='ltr'>ohne</span> <span class='ocrx_word' id='word_1_212' title='bbox 263 1780 364 1812; x_wconf 81' lang='lat' dir='ltr'>damit</span> <span class='ocrx_word' id='word_1_213' title='bbox 381 1781 412 1811; x_wconf 85' lang='lat' dir='ltr'>in</span> <span class='ocrx_word' id='word_1_214' title='bbox 424 1781 555 1812; x_wconf 77' lang='lat' dir='ltr'>Abrede</span> <span class='ocrx_word' id='word_1_215' title='bbox 573 1782 694 1813; x_wconf 82' lang='lat' dir='ltr'>stellen</span> <span class='ocrx_word' id='word_1_216' title='bbox 705 1781 837 1812; x_wconf 85' lang='lat' dir='ltr'>zuwol-</span> 
     </span>
     <span class='ocr_line' id='line_1_36' title="bbox 162 1826 835 1866; baseline -0.001 -9"><span class='ocrx_word' id='word_1_217' title='bbox 162 1827 227 1866; x_wconf 77' lang='lat' dir='ltr'>len,</span> <span class='ocrx_word' id='word_1_218' title='bbox 246 1826 322 1857; x_wconf 81' lang='lat' dir='ltr'>(lass</span> <span class='ocrx_word' id='word_1_219' title='bbox 342 1826 410 1856; x_wconf 67' lang='lat' dir='ltr'>sicli</span> <span class='ocrx_word' id='word_1_220' title='bbox 430 1826 481 1857; x_wconf 74' lang='lat' dir='ltr'>bei</span> <span class='ocrx_word' id='word_1_221' title='bbox 500 1826 594 1857; x_wconf 82' lang='lat' dir='ltr'>ihnen</span> <span class='ocrx_word' id='word_1_222' title='bbox 609 1827 689 1858; x_wconf 86' lang='lat' dir='ltr'>auch</span> <span class='ocrx_word' id='word_1_223' title='bbox 704 1827 764 1858; x_wconf 73' lang='lat' dir='ltr'>dor</span> <span class='ocrx_word' id='word_1_224' title='bbox 777 1826 835 1857; x_wconf 84' lang='lat' dir='ltr'>ol)-</span> 
     </span>
     <span class='ocr_line' id='line_1_37' title="bbox 162 1870 493 1903; baseline -0.003 0"><span class='ocrx_word' id='word_1_225' title='bbox 162 1873 263 1903; x_wconf 62' lang='lat' dir='ltr'>scene</span> <span class='ocrx_word' id='word_1_226' title='bbox 281 1870 376 1902; x_wconf 81' lang='lat' dir='ltr'>witz</span> <span class='ocrx_word' id='word_1_227' title='bbox 397 1870 493 1902; x_wconf 81' lang='lat' dir='ltr'>finde.</span> 
     </span>
    </p>
   </div>
   <div class='ocr_carea' id='block_1_9' title="bbox 161 1927 836 2287">
    <p class='ocr_par' dir='ltr' id='par_1_10' title="bbox 161 1927 836 2287">
     <span class='ocr_line' id='line_1_38' title="bbox 207 1927 836 1974; baseline 0 -12"><span class='ocrx_word' id='word_1_228' title='bbox 207 1927 310 1974; x_wconf 74' lang='grc' dir='ltr'>ἀποᾳ</span> <span class='ocrx_word' id='word_1_229' title='bbox 323 1931 503 1974; x_wconf 64' lang='grc' dir='ltr'>θέγματα.</span> <span class='ocrx_word' id='word_1_230' title='bbox 526 1931 625 1963; x_wconf 64' lang='lat' dir='ltr'>Die-se</span> <span class='ocrx_word' id='word_1_231' title='bbox 643 1932 836 1972; x_wconf 71' lang='lat' dir='ltr'>bestanden,</span> 
     </span>
     <span class='ocr_line' id='line_1_39' title="bbox 162 1975 836 2017; baseline -0.001 -10"><span class='ocrx_word' id='word_1_232' title='bbox 162 1977 225 2008; x_wconf 81' lang='lat' dir='ltr'>wie</span> <span class='ocrx_word' id='word_1_233' title='bbox 243 1987 302 2008; x_wconf 81' lang='lat' dir='ltr'>aus</span> <span class='ocrx_word' id='word_1_234' title='bbox 326 1977 365 2007; x_wconf 87' lang='lat' dir='ltr'>de</span> <span class='ocrx_word' id='word_1_235' title='bbox 385 1986 432 2007; x_wconf 84' lang='lat' dir='ltr'>or.</span> <span class='ocrx_word' id='word_1_236' title='bbox 457 1975 498 2017; x_wconf 82' lang='grc' dir='ltr'>ΙΙ,</span> <span class='ocrx_word' id='word_1_237' title='bbox 518 1976 578 2016; x_wconf 73' lang='lat'>67,</span> <span class='ocrx_word' id='word_1_238' title='bbox 604 1976 664 2008; x_wconf 76' lang='lat'>271</span> <span class='ocrx_word' id='word_1_239' title='bbox 698 1977 836 2007; x_wconf 78' lang='lat' dir='ltr'>hervor-</span> 
     </span>
     <span class='ocr_line' id='line_1_40' title="bbox 162 2021 836 2063; baseline -0.001 -10"><span class='ocrx_word' id='word_1_240' title='bbox 162 2022 250 2063; x_wconf 78' lang='lat' dir='ltr'>geht,</span> <span class='ocrx_word' id='word_1_241' title='bbox 268 2021 297 2052; x_wconf 87' lang='lat' dir='ltr'>in</span> <span class='ocrx_word' id='word_1_242' title='bbox 314 2021 603 2061; x_wconf 73' lang='lat' dir='ltr'>oinerSanunlung</span> <span class='ocrx_word' id='word_1_243' title='bbox 617 2022 836 2061; x_wconf 70' lang='lat' dir='ltr'>schlagondm·</span> 
     </span>
     <span class='ocr_line' id='line_1_41' title="bbox 161 2066 834 2106; baseline 0.001 -9"><span class='ocrx_word' id='word_1_244' title='bbox 161 2068 227 2098; x_wconf 87' lang='lat' dir='ltr'>und</span> <span class='ocrx_word' id='word_1_245' title='bbox 244 2066 398 2106; x_wconf 75' lang='lat' dir='ltr'>witziger</span> <span class='ocrx_word' id='word_1_246' title='bbox 411 2066 608 2098; x_wconf 74' lang='lat' dir='ltr'>Ausdriicke</span> <span class='ocrx_word' id='word_1_247' title='bbox 626 2077 689 2098; x_wconf 72' lang='lat' dir='ltr'>von</span> <span class='ocrx_word' id='word_1_248' title='bbox 706 2066 834 2098; x_wconf 76' lang='lat' dir='ltr'>Friihe-</span> 
     </span>
     <span class='ocr_line' id='line_1_42' title="bbox 163 2111 834 2151; baseline 0.001 -9"><span class='ocrx_word' id='word_1_249' title='bbox 163 2123 221 2143; x_wconf 73' lang='lat' dir='ltr'>ren</span> <span class='ocrx_word' id='word_1_250' title='bbox 245 2112 310 2143; x_wconf 88' lang='lat' dir='ltr'>und</span> <span class='ocrx_word' id='word_1_251' title='bbox 339 2111 593 2151; x_wconf 77' lang='lat' dir='ltr'>Zeitgenossen.</span> <span class='ocrx_word' id='word_1_252' title='bbox 643 2111 728 2143; x_wconf 80' lang='lat' dir='ltr'>Dass</span> <span class='ocrx_word' id='word_1_253' title='bbox 753 2112 834 2143; x_wconf 86' lang='lat' dir='ltr'>Cato</span> 
     </span>
     <span class='ocr_line' id='line_1_43' title="bbox 162 2156 836 2197; baseline 0 -9"><span class='ocrx_word' id='word_1_254' title='bbox 162 2157 254 2188; x_wconf 83' lang='lat' dir='ltr'>seine</span> <span class='ocrx_word' id='word_1_255' title='bbox 269 2157 360 2188; x_wconf 74' lang='lat' dir='ltr'>scine</span> <span class='ocrx_word' id='word_1_256' title='bbox 375 2157 511 2197; x_wconf 75' lang='lat' dir='ltr'>eigenen</span> <span class='ocrx_word' id='word_1_257' title='bbox 528 2156 643 2188; x_wconf 48' lang='lat' dir='ltr'>&amp;Vitze</span> <span class='ocrx_word' id='word_1_258' title='bbox 657 2157 749 2188; x_wconf 77' lang='lat' dir='ltr'>‹lai-in</span> <span class='ocrx_word' id='word_1_259' title='bbox 764 2157 836 2188; x_wconf 76' lang='lat' dir='ltr'>auf-</span> 
     </span>
     <span class='ocr_line' id='line_1_44' title="bbox 161 2202 835 2243; baseline 0.001 -10"><span class='ocrx_word' id='word_1_260' title='bbox 161 2212 353 2243; x_wconf 77' lang='lat' dir='ltr'>genommen</span> <span class='ocrx_word' id='word_1_261' title='bbox 392 2202 490 2242; x_wconf 80' lang='lat' dir='ltr'>habe,</span> <span class='ocrx_word' id='word_1_262' title='bbox 536 2203 579 2234; x_wconf 81' lang='lat' dir='ltr'>ist</span> <span class='ocrx_word' id='word_1_263' title='bbox 619 2203 700 2233; x_wconf 85' lang='lat' dir='ltr'>doch</span> <span class='ocrx_word' id='word_1_264' title='bbox 746 2202 835 2234; x_wconf 69' lang='lat' dir='ltr'>nicht</span> 
     </span>
     <span class='ocr_line' id='line_1_45' title="bbox 161 2247 337 2287; baseline 0 -9"><span class='ocrx_word' id='word_1_265' title='bbox 161 2247 337 2287; x_wconf 69' lang='lat' dir='ltr'>glaublidi.</span> 
     </span>
    </p>
   </div>
   <div class='ocr_carea' id='block_1_10' title="bbox 162 2308 838 2621">
    <p class='ocr_par' dir='ltr' id='par_1_11' title="bbox 162 2308 838 2621">
     <span class='ocr_line' id='line_1_46' title="bbox 208 2308 833 2340; baseline 0 0"><span class='ocrx_word' id='word_1_266' title='bbox 208 2311 245 2340; x_wconf 81' lang='lat' dir='ltr'>ut</span> <span class='ocrx_word' id='word_1_267' title='bbox 262 2310 306 2339; x_wconf 84' lang='lat' dir='ltr'>sil</span> <span class='ocrx_word' id='word_1_268' title='bbox 323 2309 481 2340; x_wconf 75' lang='lat' dir='ltr'>remissio</span> <span class='ocrx_word' id='word_1_269' title='bbox 496 2311 627 2340; x_wconf 84' lang='lat' dir='ltr'>animo:</span> <span class='ocrx_word' id='word_1_270' title='bbox 651 2319 687 2340; x_wconf 87' lang='lat' dir='ltr'>so</span> <span class='ocrx_word' id='word_1_271' title='bbox 706 2308 833 2340; x_wconf 76' lang='lat' dir='ltr'>hatL&#39;n-</span> 
     </span>
     <span class='ocr_line' id='line_1_47' title="bbox 162 2354 838 2394; baseline 0 -10"><span class='ocrx_word' id='word_1_272' title='bbox 162 2364 222 2394; x_wconf 75' lang='lat' dir='ltr'>gei·</span> <span class='ocrx_word' id='word_1_273' title='bbox 238 2354 318 2384; x_wconf 85' lang='lat' dir='ltr'>nach</span> <span class='ocrx_word' id='word_1_274' title='bbox 337 2354 397 2384; x_wconf 79' lang='lat' dir='ltr'>den</span> <span class='ocrx_word' id='word_1_275' title='bbox 418 2354 532 2384; x_wconf 81' lang='lat' dir='ltr'>besten</span> <span class='ocrx_word' id='word_1_276' title='bbox 553 2354 662 2389; x_wconf 77' lang='lat' dir='ltr'>Hdss.,</span> <span class='ocrx_word' id='word_1_277' title='bbox 683 2354 734 2384; x_wconf 67' lang='lat' dir='ltr'>dii·</span> <span class='ocrx_word' id='word_1_278' title='bbox 755 2356 793 2385; x_wconf 83' lang='lat' dir='ltr'>ut</span> <span class='ocrx_word' id='word_1_279' title='bbox 805 2355 838 2385; x_wconf 82' lang='lat' dir='ltr'>si</span> 
     </span>
     <span class='ocr_line' id='line_1_48' title="bbox 164 2399 834 2439; baseline 0.001 -10"><span class='ocrx_word' id='word_1_280' title='bbox 164 2399 295 2438; x_wconf 73' lang='lat' dir='ltr'>(andere</span> <span class='ocrx_word' id='word_1_281' title='bbox 313 2400 370 2438; x_wconf 80' lang='lat' dir='ltr'>sil)</span> <span class='ocrx_word' id='word_1_282' title='bbox 395 2400 536 2430; x_wconf 79' lang='lat' dir='ltr'>remisso</span> <span class='ocrx_word' id='word_1_283' title='bbox 562 2399 695 2439; x_wconf 79' lang='lat' dir='ltr'>(andere</span> <span class='ocrx_word' id='word_1_284' title='bbox 716 2401 834 2430; x_wconf 80' lang='lat' dir='ltr'>remis-</span> 
     </span>
     <span class='ocr_line' id='line_1_49' title="bbox 162 2443 835 2485; baseline 0 -11"><span class='ocrx_word' id='word_1_285' title='bbox 162 2446 223 2483; x_wconf 84' lang='lat' dir='ltr'>sio)</span> <span class='ocrx_word' id='word_1_286' title='bbox 243 2444 356 2475; x_wconf 70' lang='lat' dir='ltr'>aninlo</span> <span class='ocrx_word' id='word_1_287' title='bbox 381 2443 499 2485; x_wconf 84' lang='lat' dir='ltr'>haben,</span> <span class='ocrx_word' id='word_1_288' title='bbox 531 2444 561 2475; x_wconf 89' lang='lat' dir='ltr'>in</span> <span class='ocrx_word' id='word_1_289' title='bbox 586 2445 646 2475; x_wconf 80' lang='lat' dir='ltr'>(len</span> <span class='ocrx_word' id='word_1_290' title='bbox 666 2443 755 2475; x_wconf 69' lang='lat' dir='ltr'>Text</span> <span class='ocrx_word' id='word_1_291' title='bbox 778 2454 835 2484; x_wconf 79' lang='lat' dir='ltr'>ge-</span> 
     </span>
     <span class='ocr_line' id='line_1_50' title="bbox 163 2487 834 2529; baseline 0.001 -10"><span class='ocrx_word' id='word_1_292' title='bbox 163 2493 261 2520; x_wconf 71' lang='lat' dir='ltr'>setzt.</span> <span class='ocrx_word' id='word_1_293' title='bbox 296 2488 363 2519; x_wconf 82' lang='lat' dir='ltr'>Dei·</span> <span class='ocrx_word' id='word_1_294' title='bbox 381 2487 506 2520; x_wconf 89' lang='lat' dir='ltr'>Zusatz</span> <span class='ocrx_word' id='word_1_295' title='bbox 524 2489 613 2529; x_wconf 83' lang='lat' dir='ltr'>giebt</span> <span class='ocrx_word' id='word_1_296' title='bbox 631 2488 834 2520; x_wconf 65' lang='lat' dir='ltr'>einoErliiu-</span> 
     </span>
     <span class='ocr_line' id='line_1_51' title="bbox 164 2533 834 2577; baseline 0.001 -13"><span class='ocrx_word' id='word_1_297' title='bbox 164 2538 283 2574; x_wconf 71' lang='lat' dir='ltr'>[orwig</span> <span class='ocrx_word' id='word_1_298' title='bbox 300 2544 341 2564; x_wconf 90' lang='lat' dir='ltr'>zu</span> <span class='ocrx_word' id='word_1_299' title='bbox 361 2536 521 2577; x_wconf 82' lang='lat' dir='ltr'>tempore.</span> <span class='ocrx_word' id='word_1_300' title='bbox 560 2535 693 2565; x_wconf 77' lang='lat' dir='ltr'>homine</span> <span class='ocrx_word' id='word_1_301' title='bbox 709 2533 834 2575; x_wconf 58' lang='lat' dir='ltr'>dignus</span> 
     </span>
     <span class='ocr_line' id='line_1_52' title="bbox 162 2578 832 2621; baseline 0.001 -12"><span class='ocrx_word' id='word_1_302' title='bbox 162 2579 266 2617; x_wconf 67' lang='lat' dir='ltr'>geben</span> <span class='ocrx_word' id='word_1_303' title='bbox 285 2579 336 2609; x_wconf 80' lang='lat' dir='ltr'>die</span> <span class='ocrx_word' id='word_1_304' title='bbox 355 2578 470 2621; x_wconf 80' lang='lat' dir='ltr'>lldss.,</span> <span class='ocrx_word' id='word_1_305' title='bbox 501 2580 565 2611; x_wconf 88' lang='lat' dir='ltr'>und</span> <span class='ocrx_word' id='word_1_306' title='bbox 591 2590 627 2611; x_wconf 76' lang='lat' dir='ltr'>es</span> <span class='ocrx_word' id='word_1_307' title='bbox 646 2579 745 2610; x_wconf 73' lang='lat' dir='ltr'>lies-sc</span> <span class='ocrx_word' id='word_1_308' title='bbox 765 2579 832 2610; x_wconf 78' lang='lat' dir='ltr'>sich</span> 
     </span>
    </p>
   </div>
   <div class='ocr_carea' id='block_1_11' title="bbox 897 1223 1588 2609">
    <p class='ocr_par' dir='ltr' id='par_1_12' title="bbox 900 1223 1587 1798">
     <span class='ocr_line' id='line_1_53' title="bbox 908 1223 1582 1268; baseline 0.006 -14"><span class='ocrx_word' id='word_1_309' title='bbox 908 1223 1056 1256; x_wconf 80' lang='lat' dir='ltr'>hominis</span> <span class='ocrx_word' id='word_1_310' title='bbox 1070 1226 1287 1268; x_wconf 75' lang='lat' dir='ltr'>praestantia</span> <span class='ocrx_word' id='word_1_311' title='bbox 1303 1224 1335 1266; x_wconf 63' lang='grc' dir='ltr'>ξ.</span> <span class='ocrx_word' id='word_1_312' title='bbox 1353 1225 1427 1267; x_wconf 76' lang='grc'><strong>106,</strong></span> <span class='ocrx_word' id='word_1_313' title='bbox 1446 1226 1508 1257; x_wconf 85' lang='lat' dir='ltr'>wol</span> <span class='ocrx_word' id='word_1_314' title='bbox 1526 1237 1582 1258; x_wconf 89' lang='lat' dir='ltr'>sa-</span> 
     </span>
     <span class='ocr_line' id='line_1_54' title="bbox 908 1270 1583 1311; baseline 0.004 -11"><span class='ocrx_word' id='word_1_315' title='bbox 908 1279 989 1309; x_wconf 67' lang='lat' dir='ltr'>gen,</span> <span class='ocrx_word' id='word_1_316' title='bbox 1020 1279 1115 1300; x_wconf 83' lang='lat' dir='ltr'>wenn</span> <span class='ocrx_word' id='word_1_317' title='bbox 1137 1270 1226 1301; x_wconf 83' lang='lat' dir='ltr'>nicht</span> <span class='ocrx_word' id='word_1_318' title='bbox 1249 1270 1309 1301; x_wconf 79' lang='lat' dir='ltr'>der</span> <span class='ocrx_word' id='word_1_319' title='bbox 1327 1270 1517 1311; x_wconf 76' lang='lat' dir='ltr'>Gegensatz</span> <span class='ocrx_word' id='word_1_320' title='bbox 1541 1283 1583 1303; x_wconf 79' lang='lat' dir='ltr'>ne</span> 
     </span>
     <span class='ocr_line' id='line_1_55' title="bbox 907 1314 1587 1357; baseline 0.003 -11"><span class='ocrx_word' id='word_1_321' title='bbox 907 1314 1010 1346; x_wconf 81' lang='lat' dir='ltr'>libero</span> <span class='ocrx_word' id='word_1_322' title='bbox 1043 1315 1174 1357; x_wconf 73' lang='lat' dir='ltr'>quz&#39;dem</span> <span class='ocrx_word' id='word_1_323' title='bbox 1215 1315 1428 1347; x_wconf 76' lang='lat' dir='ltr'>entschicdcn</span> <span class='ocrx_word' id='word_1_324' title='bbox 1467 1316 1587 1348; x_wconf 81' lang='lat' dir='ltr'>darauf</span> 
     </span>
     <span class='ocr_line' id='line_1_56' title="bbox 909 1360 1583 1399; baseline 0.004 -10"><span class='ocrx_word' id='word_1_325' title='bbox 909 1360 1086 1399; x_wconf 79' lang='lat' dir='ltr'>hinwiese,</span> <span class='ocrx_word' id='word_1_326' title='bbox 1119 1361 1194 1392; x_wconf 80' lang='lat' dir='ltr'>dass</span> <span class='ocrx_word' id='word_1_327' title='bbox 1214 1370 1275 1391; x_wconf 74' lang='lat' dir='ltr'>vor</span> <span class='ocrx_word' id='word_1_328' title='bbox 1291 1361 1426 1393; x_wconf 76' lang='lat' dir='ltr'>homine</span> <span class='ocrx_word' id='word_1_329' title='bbox 1443 1362 1494 1392; x_wconf 80' lang='lat' dir='ltr'>ein</span> <span class='ocrx_word' id='word_1_330' title='bbox 1513 1362 1583 1392; x_wconf 76' lang='lat' dir='ltr'>Ad-</span> 
     </span>
     <span class='ocr_line' id='line_1_57' title="bbox 905 1404 1583 1447; baseline 0.004 -12"><span class='ocrx_word' id='word_1_331' title='bbox 905 1404 1011 1445; x_wconf 79' lang='lat' dir='ltr'>jectiv</span> <span class='ocrx_word' id='word_1_332' title='bbox 1034 1416 1098 1436; x_wconf 78' lang='lat' dir='ltr'>von</span> <span class='ocrx_word' id='word_1_333' title='bbox 1123 1406 1183 1436; x_wconf 82' lang='lat' dir='ltr'>dei·</span> <span class='ocrx_word' id='word_1_334' title='bbox 1201 1405 1394 1447; x_wconf 77' lang='lat' dir='ltr'>Bedeutnng</span> <span class='ocrx_word' id='word_1_335' title='bbox 1412 1407 1583 1447; x_wconf 75' lang='lat' dir='ltr'>,vornehln</span> 
     </span>
     <span class='ocr_line' id='line_1_58' title="bbox 910 1449 1582 1494; baseline 0.004 -14"><span class='ocrx_word' id='word_1_336' title='bbox 910 1450 991 1480; x_wconf 83' lang='lat' dir='ltr'>oder</span> <span class='ocrx_word' id='word_1_337' title='bbox 1008 1449 1177 1489; x_wconf 78' lang='lat' dir='ltr'>gebildet&#39;,</span> <span class='ocrx_word' id='word_1_338' title='bbox 1193 1450 1364 1482; x_wconf 69' lang='lat' dir='ltr'>vielleicht</span> <span class='ocrx_word' id='word_1_339' title='bbox 1380 1451 1513 1494; x_wconf 76' lang='lat' dir='ltr'>amplas</span> <span class='ocrx_word' id='word_1_340' title='bbox 1531 1452 1582 1483; x_wconf 86' lang='lat' dir='ltr'>od.</span> 
     </span>
     <span class='ocr_line' id='line_1_59' title="bbox 908 1495 1583 1536; baseline 0.003 -10"><span class='ocrx_word' id='word_1_341' title='bbox 908 1497 1078 1535; x_wconf 76' lang='lat' dir='ltr'>ingenuus</span> <span class='ocrx_word' id='word_1_342' title='bbox 1103 1495 1310 1536; x_wconf 80' lang='lat' dir='ltr'>ausgel&#39;allen</span> <span class='ocrx_word' id='word_1_343' title='bbox 1335 1496 1390 1528; x_wconf 89' lang='lat' dir='ltr'>ist.</span> <span class='ocrx_word' id='word_1_344' title='bbox 1422 1496 1583 1528; x_wconf 80' lang='lat' dir='ltr'>Derselbe</span> 
     </span>
     <span class='ocr_line' id='line_1_60' title="bbox 911 1538 1585 1581; baseline 0.003 -10"><span class='ocrx_word' id='word_1_345' title='bbox 911 1538 1100 1580; x_wconf 77' lang='lat' dir='ltr'>Gegensatz</span> <span class='ocrx_word' id='word_1_346' title='bbox 1119 1541 1158 1571; x_wconf 73' lang='lat' dir='ltr'>de</span> <span class='ocrx_word' id='word_1_347' title='bbox 1178 1551 1226 1572; x_wconf 89' lang='lat' dir='ltr'>or.</span> <span class='ocrx_word' id='word_1_348' title='bbox 1243 1539 1282 1579; x_wconf 78' lang='lat' dir='ltr'>ll,</span> <span class='ocrx_word' id='word_1_349' title='bbox 1301 1539 1354 1581; x_wconf 84' lang='grc'>62,</span> <span class='ocrx_word' id='word_1_350' title='bbox 1374 1541 1446 1573; x_wconf 81' lang='grc'>252.</span> <span class='ocrx_word' id='word_1_351' title='bbox 1468 1541 1585 1573; x_wconf 80' lang='lat' dir='ltr'>—ali-</span> 
     </span>
     <span class='ocr_line' id='line_1_61' title="bbox 911 1585 1584 1628; baseline 0.004 -12"><span class='ocrx_word' id='word_1_352' title='bbox 911 1587 963 1617; x_wconf 85' lang='lat' dir='ltr'>ter</span> <span class='ocrx_word' id='word_1_353' title='bbox 972 1587 1060 1616; x_wconf 82' lang='lat' dir='ltr'>enim</span> <span class='ocrx_word' id='word_1_354' title='bbox 1073 1587 1209 1618; x_wconf 85' lang='lat' dir='ltr'>minime</span> <span class='ocrx_word' id='word_1_355' title='bbox 1222 1588 1275 1617; x_wconf 85' lang='lat' dir='ltr'>est</span> <span class='ocrx_word' id='word_1_356' title='bbox 1287 1585 1434 1628; x_wconf 78' lang='lat' dir='ltr'>liberale,</span> <span class='ocrx_word' id='word_1_357' title='bbox 1445 1589 1584 1619; x_wconf 78' lang='lat' dir='ltr'>tertium</span> 
     </span>
     <span class='ocr_line' id='line_1_62' title="bbox 912 1630 1582 1674; baseline 0.004 -13"><span class='ocrx_word' id='word_1_358' title='bbox 912 1631 983 1662; x_wconf 79' lang='lat' dir='ltr'>oris</span> <span class='ocrx_word' id='word_1_359' title='bbox 1002 1630 1202 1674; x_wconf 66' lang='lat' dir='ltr'>depravatio</span> <span class='ocrx_word' id='word_1_360' title='bbox 1230 1641 1296 1662; x_wconf 80' lang='lat' dir='ltr'>71th</span> <span class='ocrx_word' id='word_1_361' title='bbox 1321 1631 1425 1673; x_wconf 62' lang='lat' dir='ltr'>digna</span> <span class='ocrx_word' id='word_1_362' title='bbox 1446 1633 1582 1674; x_wconf 83' lang='lat' dir='ltr'>nobis,</span> 
     </span>
     <span class='ocr_line' id='line_1_63' title="bbox 910 1678 1582 1718; baseline 0.001 -11"><span class='ocrx_word' id='word_1_363' title='bbox 910 1678 1033 1718; x_wconf 80' lang='lat' dir='ltr'>quarta</span> <span class='ocrx_word' id='word_1_364' title='bbox 1056 1678 1267 1708; x_wconf 78' lang='lat' dir='ltr'>obscoenitas</span> <span class='ocrx_word' id='word_1_365' title='bbox 1294 1687 1359 1708; x_wconf 80' lang='lat' dir='ltr'>non</span> <span class='ocrx_word' id='word_1_366' title='bbox 1386 1678 1494 1709; x_wconf 84' lang='lat' dir='ltr'>solam</span> <span class='ocrx_word' id='word_1_367' title='bbox 1517 1688 1582 1710; x_wconf 84' lang='lat' dir='ltr'>non</span> 
     </span>
     <span class='ocr_line' id='line_1_64' title="bbox 900 1720 1584 1763; baseline 0.003 -10"><span class='ocrx_word' id='word_1_368' title='bbox 900 1722 989 1763; x_wconf 79' lang='lat' dir='ltr'>soro</span> <span class='ocrx_word' id='word_1_369' title='bbox 1019 1720 1124 1763; x_wconf 74' lang='lat' dir='ltr'>digna</span> <span class='ocrx_word' id='word_1_370' title='bbox 1156 1721 1218 1753; x_wconf 83' lang='lat' dir='ltr'>sed</span> <span class='ocrx_word' id='word_1_371' title='bbox 1244 1724 1303 1753; x_wconf 66' lang='lat' dir='ltr'>rioe</span> <span class='ocrx_word' id='word_1_372' title='bbox 1331 1725 1478 1755; x_wconf 70' lang='lat' dir='ltr'>coni-irio</span> <span class='ocrx_word' id='word_1_373' title='bbox 1507 1722 1584 1755; x_wconf 76' lang='lat' dir='ltr'>libe-</span> 
     </span>
     <span class='ocr_line' id='line_1_65' title="bbox 911 1776 1040 1798; baseline -0.008 0"><span class='ocrx_word' id='word_1_374' title='bbox 911 1776 1040 1798; x_wconf 82' lang='lat' dir='ltr'>rorum.</span> 
     </span>
    </p>

    <p class='ocr_par' dir='ltr' id='par_1_13' title="bbox 906 1811 1588 2203">
     <span class='ocr_line' id='line_1_66' title="bbox 955 1811 1584 1855; baseline 0.003 -13"><span class='ocrx_word' id='word_1_375' title='bbox 955 1822 1071 1843; x_wconf 75' lang='lat' dir='ltr'>rerum</span> <span class='ocrx_word' id='word_1_376' title='bbox 1096 1811 1302 1855; x_wconf 76' lang='lat' dir='ltr'>turpitzulim&#39;</span> <span class='ocrx_word' id='word_1_377' title='bbox 1324 1815 1406 1844; x_wconf 68' lang='lat' dir='ltr'>cet„-</span> <span class='ocrx_word' id='word_1_378' title='bbox 1423 1813 1462 1844; x_wconf 82' lang='lat' dir='ltr'>de</span> <span class='ocrx_word' id='word_1_379' title='bbox 1482 1823 1529 1844; x_wconf 82' lang='lat' dir='ltr'>or.</span> <span class='ocrx_word' id='word_1_380' title='bbox 1545 1811 1584 1853; x_wconf 87' lang='lat' dir='ltr'>H,</span> 
     </span>
     <span class='ocr_line' id='line_1_67' title="bbox 910 1856 1586 1897; baseline 0.004 -10"><span class='ocrx_word' id='word_1_381' title='bbox 910 1856 964 1897; x_wconf 75' lang='lat'>58,</span> <span class='ocrx_word' id='word_1_382' title='bbox 983 1856 1047 1887; x_wconf 74' lang='lat'>236</span> <span class='ocrx_word' id='word_1_383' title='bbox 1064 1857 1151 1889; x_wconf 81' lang='lat' dir='ltr'>Haec</span> <span class='ocrx_word' id='word_1_384' title='bbox 1170 1858 1258 1888; x_wconf 82' lang='lat' dir='ltr'>enim</span> <span class='ocrx_word' id='word_1_385' title='bbox 1277 1857 1431 1890; x_wconf 75' lang='lat' dir='ltr'>ridentur</span> <span class='ocrx_word' id='word_1_386' title='bbox 1448 1858 1500 1890; x_wconf 76' lang='lat' dir='ltr'>rel</span> <span class='ocrx_word' id='word_1_387' title='bbox 1514 1857 1586 1890; x_wconf 82' lang='lat' dir='ltr'>sola</span> 
     </span>
     <span class='ocr_line' id='line_1_68' title="bbox 911 1902 1584 1943; baseline 0.001 -11"><span class='ocrx_word' id='word_1_388' title='bbox 911 1902 962 1932; x_wconf 72' lang='lat' dir='ltr'>rel</span> <span class='ocrx_word' id='word_1_389' title='bbox 978 1903 1147 1942; x_wconf 72' lang='lat' dir='ltr'>num‘me,</span> <span class='ocrx_word' id='word_1_390' title='bbox 1178 1913 1263 1943; x_wconf 85' lang='lat' dir='ltr'>quae</span> <span class='ocrx_word' id='word_1_391' title='bbox 1286 1906 1407 1935; x_wconf 84' lang='lat' dir='ltr'>notant</span> <span class='ocrx_word' id='word_1_392' title='bbox 1437 1906 1471 1935; x_wconf 84' lang='lat' dir='ltr'>et</span> <span class='ocrx_word' id='word_1_393' title='bbox 1493 1903 1584 1935; x_wconf 86' lang='lat' dir='ltr'>desi-</span> 
     </span>
     <span class='ocr_line' id='line_1_69' title="bbox 906 1947 1584 1990; baseline 0.004 -13"><span class='ocrx_word' id='word_1_394' title='bbox 906 1949 1019 1987; x_wconf 68' lang='lat' dir='ltr'>gnant</span> <span class='ocrx_word' id='word_1_395' title='bbox 1027 1947 1217 1990; x_wconf 76' lang='lat' dir='ltr'>turpitudin</span> <span class='ocrx_word' id='word_1_396' title='bbox 1223 1958 1272 1978; x_wconf 80' lang='lat' dir='ltr'>em</span> <span class='ocrx_word' id='word_1_397' title='bbox 1281 1947 1428 1989; x_wconf 77' lang='lat' dir='ltr'>aliquam</span> <span class='ocrx_word' id='word_1_398' title='bbox 1437 1959 1501 1980; x_wconf 90' lang='lat' dir='ltr'>non</span> <span class='ocrx_word' id='word_1_399' title='bbox 1511 1951 1523 1979; x_wconf 83' lang='lat' dir='ltr'>l</span> <span class='ocrx_word' id='word_1_400' title='bbox 1527 1958 1584 1980; x_wconf 88' lang='lat' dir='ltr'>ur-</span> 
     </span>
     <span class='ocr_line' id='line_1_70' title="bbox 906 1991 1588 2033; baseline 0.004 -12"><span class='ocrx_word' id='word_1_401' title='bbox 906 1992 1009 2033; x_wconf 75' lang='lat' dir='ltr'>piler,</span> <span class='ocrx_word' id='word_1_402' title='bbox 1017 1991 1071 2022; x_wconf 90' lang='lat' dir='ltr'>d.i.</span> <span class='ocrx_word' id='word_1_403' title='bbox 1082 1993 1153 2023; x_wconf 78' lang='lat' dir='ltr'>sine</span> <span class='ocrx_word' id='word_1_404' title='bbox 1163 1992 1338 2023; x_wconf 71' lang='lat' dir='ltr'>verborum</span> <span class='ocrx_word' id='word_1_405' title='bbox 1349 1993 1588 2025; x_wconf 75' lang='lat' dir='ltr'>obscoenitate.</span> 
     </span>
     <span class='ocr_line' id='line_1_71' title="bbox 911 2036 1584 2080; baseline 0.001 -13"><span class='ocrx_word' id='word_1_406' title='bbox 911 2036 953 2067; x_wconf 87' lang='lat' dir='ltr'>ib.</span> <span class='ocrx_word' id='word_1_407' title='bbox 973 2037 1032 2077; x_wconf 68' lang='lat'>59,</span> <span class='ocrx_word' id='word_1_408' title='bbox 1057 2036 1121 2067; x_wconf 77' lang='lat'>242</span> <span class='ocrx_word' id='word_1_409' title='bbox 1145 2041 1297 2080; x_wconf 72' lang='lat' dir='ltr'>praestet</span> <span class='ocrx_word' id='word_1_410' title='bbox 1317 2037 1404 2069; x_wconf 80' lang='lat' dir='ltr'>idem</span> <span class='ocrx_word' id='word_1_411' title='bbox 1426 2040 1584 2080; x_wconf 67' lang='lat' dir='ltr'>ingenui-</span> 
     </span>
     <span class='ocr_line' id='line_1_72' title="bbox 910 2083 1585 2116; baseline 0.003 -4"><span class='ocrx_word' id='word_1_412' title='bbox 910 2083 1011 2113; x_wconf 82' lang='lat' dir='ltr'>tatem</span> <span class='ocrx_word' id='word_1_413' title='bbox 1037 2085 1070 2113; x_wconf 85' lang='lat' dir='ltr'>et</span> <span class='ocrx_word' id='word_1_414' title='bbox 1092 2084 1248 2114; x_wconf 82' lang='lat' dir='ltr'>ruborem</span> <span class='ocrx_word' id='word_1_415' title='bbox 1274 2094 1374 2115; x_wconf 85' lang='lat' dir='ltr'>suum</span> <span class='ocrx_word' id='word_1_416' title='bbox 1405 2085 1585 2116; x_wconf 66' lang='lat' dir='ltr'>verborum.</span> 
     </span>
     <span class='ocr_line' id='line_1_73' title="bbox 909 2126 1585 2169; baseline 0.004 -11"><span class='ocrx_word' id='word_1_417' title='bbox 909 2126 1118 2169; x_wconf 79' lang='lat' dir='ltr'>turpitudine</span> <span class='ocrx_word' id='word_1_418' title='bbox 1126 2130 1158 2159; x_wconf 82' lang='lat' dir='ltr'>ei</span> <span class='ocrx_word' id='word_1_419' title='bbox 1171 2138 1287 2160; x_wconf 79' lang='lat' dir='ltr'>rerum</span> <span class='ocrx_word' id='word_1_420' title='bbox 1303 2130 1527 2161; x_wconf 66' lang='lat' dir='ltr'>obscoenitate</span> <span class='ocrx_word' id='word_1_421' title='bbox 1538 2130 1585 2161; x_wconf 73' lang='lat'><em>1:2¹-</em></span> 
     </span>
     <span class='ocr_line' id='line_1_74' title="bbox 909 2171 1021 2203; baseline 0 0"><span class='ocrx_word' id='word_1_422' title='bbox 909 2171 1021 2203; x_wconf 82' lang='lat' dir='ltr'>tanda.</span> 
     </span>
    </p>

    <p class='ocr_par' dir='ltr' id='par_1_14' title="bbox 897 2218 1583 2440">
     <span class='ocr_line' id='line_1_75' title="bbox 954 2218 1582 2262; baseline 0.002 -14"><span class='ocrx_word' id='word_1_423' title='bbox 954 2220 993 2248; x_wconf 83' lang='lat' dir='ltr'>ut</span> <span class='ocrx_word' id='word_1_424' title='bbox 1008 2229 1050 2249; x_wconf 84' lang='lat' dir='ltr'>ne</span> <span class='ocrx_word' id='word_1_425' title='bbox 1066 2219 1169 2249; x_wconf 82' lang='lat' dir='ltr'>ninu&#39;s</span> <span class='ocrx_word' id='word_1_426' title='bbox 1189 2220 1301 2250; x_wconf 85' lang='lat' dir='ltr'>omnia</span> <span class='ocrx_word' id='word_1_427' title='bbox 1320 2218 1582 2262; x_wconf 71' lang='lat' dir='ltr'>profundamus,</span> 
     </span>
     <span class='ocr_line' id='line_1_76' title="bbox 909 2262 1582 2295; baseline 0.001 -1"><span class='ocrx_word' id='word_1_428' title='bbox 909 2262 985 2294; x_wconf 82' lang='lat' dir='ltr'>dass</span> <span class='ocrx_word' id='word_1_429' title='bbox 1003 2263 1066 2294; x_wconf 81' lang='lat' dir='ltr'>wir</span> <span class='ocrx_word' id='word_1_430' title='bbox 1084 2264 1172 2295; x_wconf 74' lang='lat' dir='ltr'>nicht</span> <span class='ocrx_word' id='word_1_431' title='bbox 1189 2264 1282 2295; x_wconf 72' lang='lat' dir='ltr'>Alles</span> <span class='ocrx_word' id='word_1_432' title='bbox 1308 2264 1390 2295; x_wconf 87' lang='lat' dir='ltr'>ohne</span> <span class='ocrx_word' id='word_1_433' title='bbox 1411 2264 1498 2295; x_wconf 81' lang='lat' dir='ltr'>Mass</span> <span class='ocrx_word' id='word_1_434' title='bbox 1517 2265 1582 2295; x_wconf 91' lang='lat' dir='ltr'>und</span> 
     </span>
     <span class='ocr_line' id='line_1_77' title="bbox 909 2307 1582 2350; baseline 0.003 -12"><span class='ocrx_word' id='word_1_435' title='bbox 909 2307 1009 2339; x_wconf 74' lang='lat' dir='ltr'>wahl</span> <span class='ocrx_word' id='word_1_436' title='bbox 1039 2309 1271 2350; x_wconf 74' lang='lat' dir='ltr'>aussprerlwn.</span> <span class='ocrx_word' id='word_1_437' title='bbox 1321 2309 1388 2340; x_wconf 84' lang='lat' dir='ltr'>Das</span> <span class='ocrx_word' id='word_1_438' title='bbox 1419 2309 1582 2340; x_wconf 81' lang='lat' dir='ltr'>Masslose</span> 
     </span>
     <span class='ocr_line' id='line_1_78' title="bbox 909 2353 1583 2397; baseline 0.004 -14"><span class='ocrx_word' id='word_1_439' title='bbox 909 2353 989 2393; x_wconf 74' lang='lat' dir='ltr'>liegt</span> <span class='ocrx_word' id='word_1_440' title='bbox 1007 2354 1106 2384; x_wconf 83' lang='lat' dir='ltr'>sehon</span> <span class='ocrx_word' id='word_1_441' title='bbox 1125 2354 1154 2384; x_wconf 91' lang='lat' dir='ltr'>in</span> <span class='ocrx_word' id='word_1_442' title='bbox 1174 2354 1245 2385; x_wconf 73' lang='lat' dir='ltr'>dem</span> <span class='ocrx_word' id='word_1_443' title='bbox 1266 2353 1406 2394; x_wconf 76' lang='lat' dir='ltr'>Begriffe</span> <span class='ocrx_word' id='word_1_444' title='bbox 1423 2364 1486 2384; x_wconf 75' lang='lat' dir='ltr'>von</span> <span class='ocrx_word' id='word_1_445' title='bbox 1503 2365 1583 2397; x_wconf 84' lang='lat' dir='ltr'>pro-</span> 
     </span>
     <span class='ocr_line' id='line_1_79' title="bbox 897 2397 1581 2440; baseline 0.001 -11"><span class='ocrx_word' id='word_1_446' title='bbox 897 2397 1064 2440; x_wconf 75' lang='lat' dir='ltr'>fundere,</span> <span class='ocrx_word' id='word_1_447' title='bbox 1078 2400 1179 2430; x_wconf 78' lang='lat' dir='ltr'>nimis</span> <span class='ocrx_word' id='word_1_448' title='bbox 1194 2399 1237 2430; x_wconf 85' lang='lat' dir='ltr'>ist</span> <span class='ocrx_word' id='word_1_449' title='bbox 1252 2399 1353 2430; x_wconf 82' lang='lat' dir='ltr'>daher</span> <span class='ocrx_word' id='word_1_450' title='bbox 1368 2398 1581 2440; x_wconf 74' lang='lat' dir='ltr'>pleonastish.</span> 
     </span>
    </p>

    <p class='ocr_par' dir='ltr' id='par_1_15' title="bbox 907 2443 1582 2609">
     <span class='ocr_line' id='line_1_80' title="bbox 955 2443 1582 2486; baseline 0.005 -13"><span class='ocrx_word' id='word_1_451' title='bbox 955 2454 1102 2486; x_wconf 67' lang='lat' dir='ltr'>campus,</span> <span class='ocrx_word' id='word_1_452' title='bbox 1123 2444 1262 2475; x_wconf 73' lang='lat' dir='ltr'>niimlich</span> <span class='ocrx_word' id='word_1_453' title='bbox 1283 2443 1440 2485; x_wconf 80' lang='lat' dir='ltr'>Martius,</span> <span class='ocrx_word' id='word_1_454' title='bbox 1459 2455 1510 2475; x_wconf 72' lang='lat' dir='ltr'>wo</span> <span class='ocrx_word' id='word_1_455' title='bbox 1529 2445 1582 2476; x_wconf 86' lang='lat' dir='ltr'>die</span> 
     </span>
     <span class='ocr_line' id='line_1_81' title="bbox 908 2486 1582 2529; baseline 0.003 -11"><span class='ocrx_word' id='word_1_456' title='bbox 908 2486 1029 2519; x_wconf 68' lang='lat' dir='ltr'>Romen·</span> <span class='ocrx_word' id='word_1_457' title='bbox 1055 2488 1124 2519; x_wconf 82' lang='lat' dir='ltr'>ihre</span> <span class='ocrx_word' id='word_1_458' title='bbox 1142 2488 1416 2529; x_wconf 72' lang='lat' dir='ltr'>Leibesiibungen</span> <span class='ocrx_word' id='word_1_459' title='bbox 1442 2490 1582 2520; x_wconf 77' lang='lat' dir='ltr'>voruah-</span> 
     </span>
     <span class='ocr_line' id='line_1_82' title="bbox 907 2533 1578 2577; baseline 0.004 -14"><span class='ocrx_word' id='word_1_460' title='bbox 907 2543 998 2571; x_wconf 77' lang='lat' dir='ltr'>men,</span> <span class='ocrx_word' id='word_1_461' title='bbox 1029 2534 1091 2564; x_wconf 79' lang='lat' dir='ltr'>wic</span> <span class='ocrx_word' id='word_1_462' title='bbox 1117 2534 1168 2565; x_wconf 77' lang='lat' dir='ltr'>die</span> <span class='ocrx_word' id='word_1_463' title='bbox 1188 2533 1349 2565; x_wconf 77' lang='lat' dir='ltr'>Grieclwn</span> <span class='ocrx_word' id='word_1_464' title='bbox 1377 2534 1417 2565; x_wconf 90' lang='lat' dir='ltr'>im</span> <span class='ocrx_word' id='word_1_465' title='bbox 1437 2533 1578 2577; x_wconf 69' lang='lat' dir='ltr'>Gymna-</span> 
     </span>
     <span class='ocr_line' id='line_1_83' title="bbox 908 2588 1000 2609; baseline 0 0"><span class='ocrx_word' id='word_1_466' title='bbox 908 2588 1000 2609; x_wconf 81' lang='lat' dir='ltr'>sium.</span> 
     </span>
    </p>
   </div>
  </div>
 </body>
</html>
