1684 2819
644 161 722 194 LlB.
741 161 764 194 l.
802 161 891 194 CAP.
912 162 965 194 24.
983 162 1037 194 25.
1484 167 1536 206 67

245 263 391 303 Inventi
419 268 546 302 autem
574 263 682 302 multi
711 270 818 310 sunt,
854 264 916 316 qui
951 276 1032 302 non
1059 264 1178 303 modo
1213 267 1435 316 pecuniam,
1470 267 1538 306 sed
1566 277 1609 310 84

133 321 246 360 etiam
275 321 386 359 vitam
415 320 649 371 profundere
675 333 747 371 pro
776 320 896 371 patria
924 321 1045 372 parati
1073 327 1220 368 essent,
1255 322 1370 361 iidem
1398 324 1538 374 gloriae

132 378 316 415 iacturam
337 388 386 415 ne
407 376 607 415 minimam
629 377 781 427 quidem
810 378 932 416 facere
955 377 1107 423 vellent,
1134 389 1182 416 ne
1203 390 1243 415 re
1272 378 1422 430 publica
1452 380 1538 430 qui-

133 434 219 471 dem
237 434 473 484 postulante,
496 438 539 471 ut
556 432 831 481 Callicratidas,
858 433 920 484 qui
945 446 1031 473 cum
1049 433 1444 474 Lacedaemoniorum
1462 436 1538 475 dux

131 489 267 528 fuisset
288 489 619 540 Peloponnesiaco
646 489 742 528 bello
766 490 961 541 multaque
983 490 1136 528 fecisset
1162 491 1328 542 egregie,
1359 492 1470 531 vertit
1490 493 1537 531 ad

131 551 344 584 extremum
374 546 519 593 omnia,
549 558 636 584 cum
664 546 824 584 consilio
853 558 932 584 non
959 547 1088 597 paruit
1109 559 1263 592 eorum,
1286 548 1350 598 qui
1374 548 1537 588 classem

132 602 178 640 ab
206 602 408 652 Arginusis
435 602 710 640 removendam
739 614 809 641 nec
836 615 923 641 cum
951 603 1249 641 Atheniensibus
1277 604 1536 644 dimicandum

130 658 327 709 putabant.
366 658 512 705 Quibus
534 658 594 696 ille
611 658 813 709 respondit
829 658 1154 698 Lacedaemonios
1173 660 1295 698 classe
1315 661 1375 699 illa
1393 661 1538 700 amissa

132 714 241 753 aliam
263 727 398 765 parare
420 727 550 765 posse,
575 727 615 752 se
637 715 767 764 fugere
792 714 874 752 sine
897 728 968 753 suo
992 716 1178 754 dedecore
1199 728 1279 754 non
1302 729 1432 767 posse.
1469 718 1537 756 At-

133 783 207 821 que
234 771 327 809 haec
355 771 509 821 quidem
532 770 844 808 Lacedaemoniis
872 771 981 821 plaga
1010 772 1234 818 mediocris,
1262 772 1322 811 illa
1349 773 1538 824 pestifera,

132 839 219 877 qua,
242 839 329 865 cum
347 826 618 865 Cleombrotus
636 826 815 864 invidiam
834 827 973 864 timens
995 832 1137 865 temere
1160 840 1248 866 cum
1264 828 1537 879 Epaminonda

133 882 380 927 conflixisset,
398 882 793 920 Lacedaemoniorum
812 895 906 933 opes
925 889 1166 921 corruerunt.
1194 885 1346 930 Quanto
1364 885 1535 932 01113Χὶ-

130 951 218 976 mus
240 937 394 977 melius!
427 939 473 976 de
496 951 571 988 quo
594 938 760 976 Ennius:

247 1004 353 1044 Unus
372 1005 482 1044 homo
505 1004 614 1043 nobis
636 1006 847 1044 cunctcmdo
869 1008 1033 1045 restituit
1052 1019 1145 1045 rem.

244 1061 420 1100 Noenum
440 1073 618 1100 rumores
634 1061 801 1113 ponebat
823 1070 908 1101 ante
929 1063 1102 1102 salutem.

244 1117 345 1169 Eryo
365 1125 523 1169 postque
544 1131 737 1170 mayvsque
758 1121 837 1156 vm·
855 1131 956 1157 mom
978 1119 1107 1169 ylowe
1129 1119 1258 1159 claret.

132 1185 244 1247 Quod
267 1197 388 1235 genus
409 1186 593 1236 peccandi
613 1186 810 1224 vitandum
832 1191 891 1225 est
907 1186 1020 1224 etiam
1042 1187 1080 1224 in
1097 1187 1212 1225 iebus
1230 1199 1276 1226 ul
1277 1187 1401 1226 hams
1440 1188 1537 1227 Sunt

130 1231 233 1279 enim
255 1242 320 1291 qui
342 1241 446 1292 quod
476 1241 660 1287 sentiunt
693 1242 763 1280 etsi
786 1242 978 1292 optimum
1001 1243 1068 1287 sit,
1098 1250 1225 1282 tamen
1248 1243 1410 1282 invidiae
1431 1250 1535 1283 metu

130 1308 210 1336 non
232 1297 373 1336 audent
394 1297 529 1336 dicere

243 1353 412 1392 Omnino
435 1353 498 1405 qui
520 1354 573 1393 rei
595 1354 768 1405 publicae
790 1355 999 1406 praefuturi
1022 1360 1114 1393 sunt
1136 1355 1212 1393 duo
1231 1355 1402 1394 Platonis
1420 1369 1533 1407 prae-
1560 1362 1613 1399 25

132 1416 242 1461 (epta
262 1415 433 1449 teneant:
454 1422 589 1457 unum,
611 1416 664 1457 ,ut
684 1411 883 1450 utilitatem
901 1411 1041 1450 civium
1059 1411 1113 1450 sic
1131 1417 1318 1457 tueantur,
1342 1418 1394 1459 ut,
1419 1425 1534 1463 quae·
1565 1423 1605 1456 85

133 1478 296 1517 cumque
323 1472 457 1517 agunt,
489 1467 535 1505 ad
563 1479 646 1506 eam
674 1468 840 1506 reselant
873 1468 978 1506 obliti
1007 1469 1310 1506 comniodoium
1345 1480 1505 1508 sumum
1512 1474 1554 1516 ,ἵ

132 1523 311 1569 alterum,
341 1497 399 1570 ,out
420 1528 545 1561 totum
568 1535 711 1574 corpus
733 1523 787 1562 rei
808 1524 981 1575 publicae
1004 1530 1157 1571 curent,
1181 1536 1246 1571 ne,
1269 1525 1362 1563 dum
1383 1532 1534 1575 partem

178 1634 233 1666 84.
261 1633 491 1667 Callicratidas
510 1635 659 1675 besiegte
677 1635 728 1666 01.
744 1634 798 1676 93,

132 1679 150 1710 2
179 1679 278 1719 (406)
304 1678 420 1711 Ronou
443 1680 495 1711 bei
518 1679 696 1722 Mitylene,
721 1690 797 1711 ero-

132 1725 226 1756 berte
257 1724 385 1756 Lesbos
418 1725 482 1756 und
522 1725 645 1756 andere
677 1724 797 1767 Inseln,

132 1770 249 1801 wurde
268 1770 349 1801 aber
372 1770 423 1801 bei
445 1770 507 1801 den
524 1770 711 1810 Arginuseu
738 1780 796 1811 ge-

132 1815 287 1855 schlagen
311 1816 375 1846 und
405 1814 460 1846 fiel
489 1815 519 1845 in
549 1816 608 1846 der
625 1814 795 1855 Schlacht3

132 1858 794 1902 vg1.§109.DenfolgendenAusspruch

131 1905 262 1936 erzahlt
278 1910 382 1937 etuas
405 1906 524 1936 anders
542 1904 696 1946 Xenoph.
714 1905 794 1936 Hel-

131 1950 195 1981 len.
225 1948 248 1990 I,
279 1950 316 1990 6,
347 1950 387 1981 25
428 1948 723 1993 Καλλικοατίδας
754 1948 793 1982 δὲ

132 1993 250 2035 εἶπεν,
282 1991 334 2026 ὅτι
361 1991 381 2036 ἡ
405 1991 560 2038 Endon]
593 1991 702 2027 οὐδὲν
725 1994 795 2039 μὲν

130 2036 258 2072 κάκιον
290 2039 456 2091 ofxfefroez
497 2037 608 2071 αὑτοῦ
641 2036 794 2072 ἀποθα-

131 2081 268 2125 1όντος,
286 2095 382 2129 φευ3
384 2095 437 2117 ειν
461 2083 499 2116 δὲ
527 2081 684 2130 αἰσχρὸν
701 2084 794 2118 εἶναι

133 2128 150 2160 ὲ
183 2141 213 2170 η.

150 2141 418 2206 mammon-otus.
444 2173 534 2205 Naeh
552 2174 794 2216 Xenoph.Hel-

133 2219 197 2250 len.
215 2217 284 2259 Vll,
304 2218 334 2259 4,
354 2219 372 2249 5
390 2218 555 2250 fiirchtete
575 2229 612 2250 er
628 2220 725 2250 theils
745 2220 793 2250 ei—

131 2274 192 2295 nen
210 2262 389 2304 Vergleich
412 2264 471 2295 mit
493 2264 686 2304 Agesilaus,
709 2264 793 2295 wel-

131 2310 209 2340 cher
225 2309 287 2340 den
305 2308 585 2340 Laeediimoniern
609 2309 708 2340 sehon
726 2309 794 2339 viel

131 2354 223 2385 mehr
247 2354 384 2393 geniitzt
407 2355 511 2395 hatte,
542 2354 590 2385 als
610 2364 664 2392 er,
694 2354 793 2385 theiis

131 2400 193 2430 den
206 2398 375 2431 Verdacht
392 2399 484 2430 eines
498 2399 793 2430 Einverstiindnis-

132 2453 186 2474 ses
217 2444 276 2475 mit
308 2444 369 2475 den
404 2443 615 2484 Thebanern,
649 2444 709 2475 der
741 2444 793 2474 iim

133 2489 231 2519 sehon
249 2488 362 2520 friihei
379 2488 540 2529 getrofl'en
559 2490 660 2520 hatte.

176 2532 319 2574 Ennius,
349 2534 378 2564 in
404 2534 464 2564 den
487 2534 653 2575 Annalen,
684 2534 792 2564 walir-

132 2577 308 2609 scheinlieh
326 2579 396 2610 dem
414 2578 444 2609 9.
464 2578 581 2609 Buehe.

917 1634 1072 1668 Noenum
1090 1636 1162 1667 eine
1180 1636 1248 1667 alte
1266 1635 1442 1676 Negation,
1461 1643 1534 1670 ent-

870 1681 1010 1713 standeu
1029 1691 1087 1712 aus
1105 1692 1147 1712 ne
1164 1692 1279 1712 unum.

912 1737 1058 1778 postque
1086 1736 1265 1777 magisque
1294 1736 1360 1767 viri
1379 1746 1469 1767 nanc
1491 1753 1534 1758 —

869 1779 990 1811 claret:
1032 1780 1103 1811 sein
1128 1779 1231 1811 Ruhm
1256 1780 1370 1820 gliiuzt
1389 1780 1480 1820 jetzt
1502 1782 1534 1812 in

868 1825 928 1855 der
957 1825 1113 1866 spateren
1143 1824 1219 1856 Zeit
1246 1825 1310 1855 und
1350 1835 1442 1856 zwar
1474 1836 1536 1857 nur

868 1871 949 1901 noch
966 1870 1067 1901 mehr.

911 1935 978 1957 non
1001 1925 1146 1958 audent:
1170 1925 1236 1957 Cic.
1256 1925 1385 1957 scheint
1407 1936 1447 1958 an
1477 1926 1533 1958 he-

868 1970 1010 2002 stimmte
1024 1971 1194 2009 Persouen
1209 1971 1349 2011 gedacht
1362 1981 1403 2002 zu
1418 1971 1534 2010 haben,

867 2016 970 2046 dahel
986 2016 1046 2047 der
1062 2015 1232 2047 Iudicativ

911 2065 980 2103 25·
991 2071 1044 2103 85.
1054 2083 1177 2103 mmm:
1185 2071 1292 2103 Plato.
1303 2081 1373 2113 rep.
1382 2071 1433 2122 lp.
1439 2071 1533 2103 342ss

868 2111 1020 2152 οὐδεὶς’
1004 2127 1043 2149 ε11
1062 2113 1219 2160 οὐδεαια
1235 2112 1329 2167 (ιοχῇ
1344 2112 1427 2148 καθ’
1444 2112 1535 2149 ὅσον

866 2157 992 2204 ἷέοχων
1021 2160 1115 2199 ἔστί,
1147 2157 1187 2191 τὸ
1218 2157 1314 2211 ((11τῴ
1345 2161 1535 2213 ξιμφερον

869 2207 1004 2237 σκοπεῖ
1031 2202 1107 2237 oir'd
1139 2202 1339 2247 ἐπιτάττει,
1370 2202 1460 2237 αλλα
1493 2217 1533 2236 το

866 2251 915 2281 τῶ
934 2247 1129 2295 αωχοιιένω
1147 2251 1206 2282 καὶ
1227 2249 1254 2293 ᾧ
1279 2247 1325 2283 ἂν
1343 2247 1451 2286 αὐτὸς
1469 2249 1534 2292 (517-

865 2306 955 2349 μιοι
959 2307 1003 2346 (13
1008 2296 1043 2339 ἦ
1062 2307 1118 2326 και
1143 2292 1237 2338 πηὸς
1254 2294 1369 2327 ἓκεῖιο
1387 2296 1535 2336 βλέπων

868 2340 927 2371 καὶ
946 2338 985 2371 τὸ
1007 2340 1130 2372 {Aetio
1158 2341 1347 2392 ἱξιῃιιιᾳέοοι
1364 2351 1424 2371 και
1443 2351 1511 2382 πρε
1517 2359 1533 2363 -

868 2396 941 2417 71011
958 2386 1015 2416 καὶ
1034 2385 1097 2428 252²
1090 2396 1127 2417 ἐι
1155 2381 1175 2416 ἃ
1200 2385 1264 2429 My
1256 2397 1293 2417 ἐι
1314 2386 1371 2416 καὶ
1394 2396 1490 2417 ποιει
1512 2381 1533 2416 ἃ

869 2432 974 2462 ποιεῖ
988 2412 1090 2463 ἱέπαι
1094 2442 1146 2462 ra.

912 2487 1074 2519 alterum:
1094 2488 1135 2518 ib.
1155 2486 1197 2518 lv
1220 2498 1249 2528 p.
1270 2486 1367 2517 420ss
1391 2482 1434 2518 οὗ
1461 2483 1536 2537 μὴν

869 2530 963 2575 πρὸς
986 2533 1092 2564 τοῦτο
1100 2532 1335 2585 βλεποιῑες
1334 2528 1398 2573 τὴν
1426 2527 1536 2563 πόλιν

869 2578 1070 2622 οῗκίζοιιειν,
1096 2588 1197 2612 οπως
1214 2587 1252 2609 εν
1269 2587 1303 2608 τι
1322 2573 1409 2620 ἡμῖν
1427 2574 1535 2611 {Qec

1225 2632 1269 2663 5*
