1684 2819
573 158 783 192 LissEni.
805 159 861 201 19,
880 159 936 192 43.
956 160 1013 192 44.
1449 159 1502 199 29

92 282 136 316 ut
165 275 407 330 potissimum
436 274 564 315 videri
594 273 710 314 video
740 274 950 322 Panaetio,
991 273 1196 329 superiora
1226 280 1407 327 capessat
1435 287 1504 313 ne-

92 345 204 373 cesse
226 337 301 371 est.

344 330 452 371 Nihil
482 330 585 370 enim
614 330 759 371 habent
779 330 876 371 haec
898 330 973 371 duo
996 344 1142 384 genera
1164 331 1277 384 proni
1299 338 1338 370 et
1359 344 1502 384 supera

92 401 248 441 semper
270 393 420 441 petunt.
454 387 526 436 Ita,
552 387 637 427 sive
659 387 914 441 dissipantur,
939 388 1077 441 procul
1098 401 1120 427 a
1141 387 1260 428 terris
1281 387 1321 427 id
1343 387 1499 435 evenit3

91 444 177 484 sive
198 450 432 498 permanent
453 450 492 483 et
514 452 759 484 conservant
780 443 953 484 habitum
976 458 1105 494 suum,
1139 444 1212 484 hoc
1235 443 1353 484 etiam
1374 443 1501 498 magis

90 513 256 540 necesse
278 508 339 541 est
360 501 540 540 ferantur
561 501 608 540 ad
631 500 780 540 caelum
794 531 804 550 ‚
838 507 877 540 et
906 501 952 540 ab
974 501 1023 541 iis
1047 507 1322 555 perrumpatur
1343 507 1383 541 et
1403 500 1503 541 divi-

90 557 204 597 datur
231 570 389 598 crassus
423 556 485 597 1116
515 564 553 597 61
584 564 791 597 concretus
820 561 910 606 aer,
945 558 1010 609 qui
1041 565 1102 597 est
1124 563 1256 597 terrae
1278 558 1499 610 proximus.
1535 590 1537 593 ,

91 613 264 653 Calidior
296 620 356 653 est
388 613 490 653 enim
525 614 589 653 vel
619 613 748 666 potius
779 612 980 652 ardentior
1009 614 1187 663 animus,
1221 627 1334 666 quam
1358 621 1420 654 est
1440 613 1502 653 hic

90 674 183 719 aer,
216 684 330 723 quem
360 670 475 710 modo
506 669 591 709 dixi
623 683 799 709 crassum
830 675 946 721 atque
970 676 1220 709 concretum:
1255 671 1357 722 quod
1380 684 1431 710 ex
1454 684 1500 710 eo

90 726 181 766 sciri
205 733 346 780 potest,
381 727 469 778 quia
493 739 657 789 corpora
679 732 830 774 nostra,
866 732 1026 765 terreno
1050 726 1374 779 principiorum²3
1354 739 1500 766 venere

89 783 286 831 confecta,
314 782 456 822 ardore
478 781 598 821 animi
620 781 912 822 concalescunt.

185 838 372 888 Accedit,
404 844 447 878 ut
470 851 516 877 eo
539 838 690 878 facilius
720 838 874 878 animus
906 839 1047 879 evadat
1068 851 1120 878 ex
1143 838 1217 877 hoc
1239 841 1348 887 acre,
1384 851 1497 890 quem
1515 838 1570 883 19

86 908 202 948 saepe
223 894 301 935 iam
332 894 505 948 appello,
542 907 707 947 eumque
738 902 983 948 perrumpat,
1019 894 1120 947 quod
1153 894 1251 934 nihil
1283 902 1345 934 est
1366 894 1498 934 animo
1516 902 1558 934 43

86 951 262 992 velocius
277 982 286 999 ,
323 951 427 990 nulla
449 958 511 991 est
532 950 715 991 celeritas
731 982 741 1000 ,
776 965 875 1004 quae
897 951 1024 1005 possit
1045 965 1131 990 cum
1154 950 1273 990 animi
1297 950 1501 993 celeritate

86 1009 338 1047 contendere.
384 1007 458 1058 Qui
486 1008 519 1047 si
549 1015 754 1061 permanet
780 1009 1032 1061 incorruptus
1065 1007 1206 1060 suique
1237 1007 1397 1056 similis,
1431 1021 1501 1047 ne-

87 1077 198 1104 cesse
221 1071 281 1105 est
301 1065 355 1104 ita
380 1065 552 1113 feratur,
588 1071 630 1104 ut
659 1071 841 1118 penetret
863 1071 900 1104 et
924 1065 1071 1105 dividat
1093 1076 1208 1103 omne
1231 1066 1383 1105 caelum
1407 1063 1496 1114 hoc,

85 1120 127 1160 in
150 1135 225 1173 quo
248 1121 395 1171 nubes,
428 1121 572 1161 imbres
594 1121 784 1174 ventique
807 1128 1025 1175 coguntur,
1054 1121 1156 1174 quod
1179 1128 1217 1160 et
1238 1120 1437 1161 humidum
1461 1127 1500 1161 et

85 1177 341 1230 caliginosum
373 1185 434 1218 est
463 1184 623 1231 propter
652 1178 928 1219 exhalationes
957 1184 1106 1218 161166.
1149 1176 1269 1228 Quam
1292 1178 1495 1231 regionem

85 1248 202 1287 quum
241 1234 445 1287 superavit
481 1236 633 1274 animus
674 1242 932 1289 naturamque
971 1235 1033 1275 sui
1064 1233 1230 1274 similem
1263 1234 1429 1288 contigit
1461 1241 1499 1274 et

85 1291 271 1343 agnovit,
304 1291 447 1331 iunctis
476 1304 529 1331 ex
558 1291 688 1331 anima
716 1291 824 1331 tenui
854 1299 893 1331 et
922 1304 975 1331 ex
996 1291 1139 1331 ardore
1161 1290 1258 1331 50115
1281 1298 1498 1344 temperato

84 1346 241 1400 ignibus
272 1347 420 1388 insistit
449 1354 489 1387 et
516 1347 632 1387 finem
662 1348 779 1388 altius
810 1361 853 1388 se
876 1348 1064 1388 efferendi
1087 1347 1193 1387 facit.
1238 1347 1361 1398 Quum
1394 1348 1496 1387 enim

85 1404 145 1443 sui
166 1403 334 1444 similem
358 1411 397 1444 et
417 1404 617 1445 levitatem
640 1411 679 1444 et
701 1405 870 1445 calorem
894 1406 1057 1458 adeptus
1081 1412 1166 1454 est,
1201 1411 1397 1457 tamquam
1431 1418 1498 1458 pa-

82 1459 193 1500 ribus
215 1460 465 1502 examinatus
487 1461 741 1514 ponderibus,
767 1462 911 1502 nullam
932 1462 972 1501 in
988 1467 1139 1515 partem
1155 1468 1352 1510 movetur,
1374 1474 1496 1513 eaque

85 1515 121 1555 ei
144 1517 296 1556 demum
319 1517 511 1558 naturalis
534 1525 595 1558 est
617 1518 755 1568 sedes,
791 1533 908 1571 quum
937 1518 983 1558 ad
1014 1518 1075 1558 sui
1106 1517 1236 1558 simile
1257 1517 1494 1571 penetravit⁷

83 1572 125 1611 in
149 1587 224 1625 quo
247 1573 353 1613 nulla
373 1587 417 1613 re
441 1587 561 1627 egens
584 1574 711 1614 aletur
732 1581 772 1614 et
793 1574 1081 1614 sustentabitur
1101 1574 1241 1614 iisdem
1258 1574 1393 1623 rebus⁷
1414 1573 1497 1626 qui-

83 1628 156 1669 bus
178 1637 285 1669 astra
307 1636 579 1670 sustentantur
601 1636 640 1669 et
661 1630 833 1670 aluntur.

201 1685 403 1739 Quumque
426 1687 603 1740 corporis
626 1685 773 1727 facibus
794 1686 1027 1727 inflammari
1049 1686 1246 1726 soleamus
1278 1686 1327 1726 ad
1358 1700 1494 1727 omnes
1513 1695 1557 1726 44

128 1822 326 1854 Panaetius
344 1833 409 1854 von
428 1823 562 1855 Rhodus
577 1849 585 1863 ,
614 1825 674 1856 der
698 1834 757 1855 an-

82 1868 281 1909 gesehenste
307 1873 406 1900 1111161·
432 1869 496 1901 den
515 1868 673 1901 Stoikern
692 1869 757 1901 sei-

83 1923 143 1944 ner
160 1912 237 1945 Zeit
254 1914 322 1954 (mn
344 1914 407 1945 140
426 1925 459 1945 v.
482 1913 593 1955 clm),
620 1914 756 1946 Freund

82 1959 149 1990 und
167 1958 294 1990 Lehrer
318 1959 374 1991 des
392 1960 538 2001 jiingern
559 1959 669 2002 Scipio
689 1961 754 1991 und

81 2003 198 2036 Li‘ilius
211 2029 219 2044 ‚
248 2005 351 2036 durch
371 2005 443 2037 sein
463 2005 569 2038 W'erk
587 2006 673 2050 περὶ
693 2006 756 2038 τοῦ

81 2046 307 2089 καθήκοντος
346 2049 483 2082 Ciceros
530 2051 753 2094 Hauptquelle

81 2094 137 2126 fiir
155 2095 249 2127 seine
268 2095 418 2127 Officien.

127 2141 214 2172 haec
231 2141 301 2173 duo
324 2151 475 2182 genera,
507 2142 539 2173 iu
558 2143 671 2183 Bezug
696 2142 759 2174 auf

82 2186 314 2228 inflammata
326 2189 447 2218 anima
458 2200 468 2219 :
488 2186 598 2219 Feuer
610 2199 643 2220 u.
658 2188 752 2219 Luft.

125 2227 192 2267 19.
211 2231 267 2263 43.
297 2232 457 2273 Accedit,
479 2233 552 2264 hier
569 2234 635 2265 und
653 2234 755 2265 ziem-

79 2276 147 2308 lich
166 2276 280 2318 heiufig
295 2280 622 2320 =praetereafit,
652 2279 756 2310 daher

80 2321 141 2354 mit
166 2321 247 2364 folg.
274 2327 327 2355 ut.
365 2322 499 2355 Ebenso
525 2323 566 2355 V.
594 2324 658 2365 21,
689 2324 751 2356 62:

82 2376 123 2397 ne
147 2370 328 2409 integrum
354 2369 498 2411 quidem
524 2374 617 2410 erat,
643 2373 686 2402 ut
708 2384 753 2395 =

82 2413 222 2452 uestem·
237 2414 377 2456 quidem
391 2419 555 2455 poterat,
575 2419 616 2447 vt
633 2434 689 2448 —.

129 2467 229 2490 omne
245 2460 381 2491 caelum
401 2461 467 2493 leoc
484 2465 550 2492 etc.
583 2461 666 2501 „die
694 2460 754 2492 At-

10 2502 22 2546 ξ
83 2503 301 2544 mosphtire‘fi

128 2549 257 2581 i'unctzs
274 2568 319 2573 -—
336 2551 491 2592 ingbzcs
514 2551 545 2583 d
564 2552 596 2583 11.
617 2551 752 2583 beiden

86 2591 274 2627 Gestirnen.
303 2595 386 2628 Zum
406 2596 516 2628 Inhalt
532 2597 600 2638 vgl
622 2597 661 2628 de
681 2602 750 2629 nat.

826 1824 866 1856 D.
888 1824 928 1856 11.
945 1825 1001 1864 46,
1019 1825 1103 1856 118:
1125 1823 1218 1856 Sunt
1236 1827 1357 1855 autem
1375 1825 1499 1856 stellae

826 1873 961 1901 natm-a
982 1871 1198 1912 flammeac5
1234 1872 1401 1911 quocirca
1429 1874 1499 1902 ter-

826 1925 907 1954 rae,
936 1918 1067 1949 maris,
1100 1925 1275 1957 aquarum
1309 1916 1498 1958 vaporibus

826 1961 976 1992 aluntur
1001 1963 1063 2000 iis,
1094 1963 1157 2003 qm*
1181 1971 1201 1991 a
1227 1961 1299 1991 sole
1326 1972 1369 1992 em
1397 1964 1497 2003 agris

826 2007 1019 2048 tepefactis
1039 2009 1074 2037 ct
1086 2016 1131 2037 ez·
1145 2008 1250 2048 aquis
1266 2009 1497 2045 coeeitanlm';

825 2053 954 2093 quibus
973 2052 1070 2083 altae
1091 2055 1353 2093 renovataeque
1371 2052 1497 2083 stellae

824 2100 932 2139 atque
949 2100 1061 2129 omnis·
1080 2098 1205 2129 aether
1222 2097 1425 2138 refundunt
1441 2108 1499 2129 ea-

825 2142 900 2173 dem
928 2147 966 2174 et
989 2153 1135 2175 rursum
1155 2142 1307 2174 trallunt
1325 2143 1494 2179 indidem,

825 2188 919 2219 m'lze'l
943 2189 1077 2229 atsere
1103 2191 1260 2220 Intereat
1285 2192 1352 2219 aut
1375 2188 1498 2220 admo-

825 2233 1091 2275 dznnpaullum,
1105 2233 1200 2275 qnod
1208 2236 1392 2265 astrorum
1405 2236 1496 2276 ignis

825 2283 861 2310 et
878 2280 1034 2310 aetheris
1044 2279 1200 2321 flamma
1218 2282 1407 2311 consumit.

866 2325 1018 2366 paribus
1031 2327 1267 2356 maminotus
1277 2324 1496 2366 ponderibus

823 2369 898 2410 „im
942 2368 1209 2412 Gleichgewicht
1250 2370 1495 2404 schwebendffi

822 2415 901 2446 weil
955 2425 991 2447 er
1039 2415 1071 2446 in
1121 2416 1227 2447 einem
1279 2415 1382 2448 Stoffe
1431 2426 1494 2448 von

823 2461 1016 2492 demselben
1060 2461 1277 2503 specifischen
1321 2461 1493 2493 Gewichte

824 2506 1022 2538 schwimmt.

867 2552 924 2582 44.
964 2555 1123 2594 corporis
1148 2549 1299 2594 facibus
1323 2567 1367 2577 =
1393 2561 1490 2593 corp.

823 2599 1075 2630 incitamentis.
1126 2598 1286 2629 Aehnlich
1305 2609 1311 2628 :
1354 2608 1387 2639 p.
1418 2596 1489 2628 Mil.
