1684 2819
169 158 249 197 212
655 156 1084 198 LIBERV.1‚2.:3.4.

167 273 234 321 sit,
261 287 333 325 quo
357 271 506 311 facilius
529 270 738 323 probetur3
769 270 865 310 nihil
888 277 949 311 est
969 271 1072 311 enim
1095 271 1283 319 omnium,
1309 284 1407 325 quae
1429 271 1469 310 iu
1491 270 1575 325 phi-

168 328 344 382 losophia
378 332 621 374 tractantur,
664 327 766 378 quod
795 327 956 380 gravius
985 327 1376 381 magnificentiusque
1406 327 1571 368 dicatur.

165 384 264 425 Nam
288 397 402 436 quum
427 396 473 421 ea
496 395 638 422 caussa
658 382 859 436 impulerit
881 395 974 431 eos,
1011 383 1076 435 qui
1108 384 1221 436 primi
1253 397 1296 424 se
1327 384 1373 424 ad
1404 384 1574 437 philoso-

167 441 278 494 phiae
301 439 472 479 studium
496 439 762 487 contulerunt,
787 445 844 487 ut,
870 438 1049 479 omnibus
1066 439 1184 479 rebus
1201 440 1450 494 posthabitis,
1471 447 1574 481 totos

166 510 208 536 se
231 497 270 536 in
293 496 440 549 optimo
462 495 569 536 vitae
591 502 694 535 statu
727 495 975 548 exquirendo
1006 494 1265 535 collocarent:
1299 498 1474 550 profecto
1506 510 1573 550 spe

166 554 279 592 beate
301 551 460 592 vivendi
485 558 629 591 tantam
652 552 691 591 in
714 565 760 592 eo
785 551 913 592 studio
937 565 1068 591 euram
1086 563 1323 604 operamque
1342 560 1570 606 posuerunt.

167 609 315 660 Quodsi
337 608 383 648 ab
406 608 454 648 iis
477 608 637 648 inventa
661 616 700 648 et
722 609 892 662 perfecta
923 607 1051 648 virtus
1084 614 1143 647 est
1173 614 1213 648 ct
1242 608 1275 647 si
1309 608 1494 662 praesidii
1527 610 1574 650 ad

164 665 278 705 beate
299 665 510 705 vivendum
536 664 574 703 in
597 665 742 705 virtute
765 666 860 705 satis
885 671 967 704 est:
995 664 1080 717 quis
1099 671 1172 712 est,
1193 664 1258 716 qui
1277 679 1354 704 non
1373 666 1574 718 praeclare

166 729 205 762 et
228 722 275 762 ab
298 722 375 762 illis
404 722 569 775 positam
593 728 633 761 et
653 736 673 761 a
696 721 808 762 nobis
839 728 1056 774 susceptam
1089 734 1246 774 operam
1278 721 1575 775 philosophandi

166 778 407 819 arbitretur?
439 778 507 817 Sin
529 785 657 818 autem
689 779 815 819 virtus
846 778 1023 817 subiecta
1055 777 1126 817 sub
1159 778 1290 817 varios
1322 778 1574 831 incertosque

166 850 281 876 casus
316 835 460 874 famula
492 836 671 875 fortunae
697 842 759 874 est
781 846 852 874 nec
876 841 1070 874 tantarum
1091 833 1237 874 virium
1260 841 1336 884 est,
1361 842 1402 875 ut
1425 847 1467 874 se
1489 834 1575 888 ipsa

166 898 345 931 tueatur:
370 904 530 940 vereor,
557 904 604 930 ne
628 906 706 931 non
731 899 806 931 tam
829 891 986 930 virtutis
1010 890 1147 930 fiducia
1169 890 1370 930 nitendum
1393 891 1504 932 nobis
1527 891 1575 931 ad

123 956 132 965 ‘
164 962 270 1002 spem
300 948 413 988 beate
435 947 619 995 vivendi,
654 962 767 1000 quam
792 955 881 987 vota
912 948 1086 987 facienda
1116 946 1339 987 videantur.
1384 947 1575 1000 Equidem

166 1018 234 1045 eos
257 1018 394 1053 casus,
430 1005 468 1043 in
491 1004 629 1056 quibus
653 1018 714 1044 me
735 1005 892 1044 fortuna
915 1003 1172 1043 vehementer
1194 1004 1397 1052 exercuit,
1422 1017 1573 1043 mecum

164 1062 247 1114 ipse
279 1060 534 1101 considerans
569 1060 658 1100 huic
690 1060 833 1114 incipio
867 1061 1089 1101 sententiae
1122 1060 1293 1100 diffidere
1315 1061 1510 1100 interdum
1535 1067 1575 1100 et

167 1117 324 1157 humani
347 1117 506 1170 generis
529 1116 838 1157 imbecillitatem
856 1117 1183 1170 fragilitatemque
1201 1117 1478 1157 extimescere.
1496 1116 1575 1157 Ve-

166 1187 259 1213 reor
289 1173 420 1222 enim,
454 1187 503 1213 ne
535 1180 699 1223 natura,
733 1188 848 1226 quum
882 1187 1049 1226 corpora
1080 1172 1193 1213 nobis
1225 1173 1378 1212 infirma
1402 1172 1575 1214 dedisset

166 1230 291 1282 iisque
321 1236 360 1269 et
391 1229 549 1270 morbos
576 1230 816 1270 insanabiles
840 1236 879 1269 et
901 1230 1055 1269 dolores
1078 1229 1347 1269 intolerabiles
1371 1229 1573 1270 adiunxis-

165 1293 240 1336 set,
266 1286 417 1326 animos
440 1299 594 1339 quoque
618 1287 769 1327 dederit
789 1293 828 1326 et
850 1300 1057 1339 corporum
1082 1285 1280 1326 doloribus
1309 1284 1573 1339 congruentes

164 1351 202 1382 et
223 1342 434 1396 separatim
457 1343 537 1383 suis
560 1343 772 1397 angoribus
796 1350 836 1382 et
857 1342 1048 1382 molestiis
1072 1342 1305 1396 implicatos.
1341 1342 1415 1381 Sed
1437 1343 1477 1382 in
1501 1343 1586 1387 hoc,

167 1413 226 1440 me
249 1400 332 1453 ipse
356 1399 504 1452 castigo
519 1430 528 1448 ‚
563 1400 663 1452 quod
696 1413 748 1440 ex
770 1399 938 1439 aliorum
963 1406 999 1439 et
1022 1413 1074 1438 ex
1097 1405 1232 1439 nostra
1255 1400 1422 1439 sortasse
1444 1399 1573 1439 molli-

166 1456 234 1506 tia,
261 1469 338 1495 non
362 1468 414 1495 ex
436 1455 520 1509 ipsa
545 1459 704 1505 viltute,
731 1457 777 1496 de
799 1455 958 1496 virtutis
975 1455 1118 1495 robore
1136 1455 1335 1495 existimo.
1363 1455 1431 1495 Illa
1450 1456 1570 1505 enim,

166 1512 199 1552 si
230 1513 344 1551 modo
377 1519 434 1551 est
467 1513 544 1551 ulla
576 1513 701 1552 *irtus
731 1518 864 1566 (quani
896 1511 1176 1551 dubitationem
1211 1526 1258 1551 as
1265 1512 1430 1552 unculus
1463 1519 1570 1562 tuus,

166 1569 303 1618 Brute,
329 1568 523 1618 sustulit),
549 1569 695 1619 onmia
721 1582 822 1622 quae
845 1568 1017 1608 eadere
1008 1583 1045 1607 ιη
1070 1568 1264 1608 hominem
1284 1575 1462 1622 possunt,
1483 1568 1574 1609 sub-

167 1633 228 1665 ter
255 1639 297 1665 se
331 1625 446 1665 habet
468 1638 590 1678 eaque
613 1625 834 1689 despiciens
857 1639 969 1666 casus
994 1626 1208 1665 contemnit
1231 1625 1421 1665 humanos
1444 1625 1574 1689 culpa·

165 1695 238 1734 que
261 1681 366 1722 omni
391 1694 530 1722 carens
554 1689 712 1735 praeter
733 1696 775 1722 se
797 1682 921 1735 ipsam
944 1681 1041 1721 nihil
1064 1688 1197 1721 censet
1221 1681 1267 1721 ad
1290 1695 1332 1722 se
1355 1682 1568 1735 pertinere

164 1739 245 1779 Nos
269 1745 416 1788 autem,
442 1739 571 1778 omnia
595 1739 762 1779 adversa
786 1753 904 1791 quum
926 1738 1126 1778 venientia
1142 1745 1248 1778 metu
1263 1744 1469 1791 augentes,
1492 1745 1571 1778 tum

209 1873 304 1903 nillil
321 1890 364 1896 —
384 1874 548 1904 dicatur:
586 1874 738 1913 „keiner
771 1884 833 1904 von
951 1877 982 1905 24.
1012 1877 1190 1914 emm-euil,
1219 1874 1376 1914 gewilhlt,
1400 1873 1453 1904 fu'r
1471 1883 1574 1904 rewa-

163 1918 249 1949 allen
277 1918 463 1960 philosoph.
487 1918 610 1949 Siilzen
639 1919 681 1950 ist
707 1918 834 1949 wichti-

162 1974 222 2004 ger
246 1964 311 1994 und
340 1964 573 1995 herrlicher“.

208 2009 240 2039 2.
272 2019 309 2039 ea
330 2020 457 2040 caussa
485 2009 581 2040 weist
609 2008 670 2039 aul'
692 2008 753 2040 dns
774 2008 835 2039 sol-

162 2053 267 2094 gende
288 2057 326 2084 ut
340 2072 378 2077 -
394 2054 613 2085 collocarent
635 2054 702 2084 hin.

208 2101 349 2130 surcula
368 2117 412 2122 ——
431 2102 544 2130 vertas
557 2113 566 2130 :

162 2144 220 2175 der
246 2143 384 2185 Tngeud
418 2144 584 2185 gesnuden
620 2145 683 2175 und
714 2155 832 2185 ausge-

162 2189 318 2220 bildet2‘.

205 2235 364 2266 subiecta
392 2236 455 2266 sub
474 2254 537 2275 —,
567 2235 628 2266 wie
658 2234 713 2266 lv,
737 2236 767 2270 Τ,
793 2236 831 2265 lt}

161 2290 179 2310 u
216 2280 247 2319 δ,
272 2281 324 2310 15.

207 2335 340 2363 vereor,
366 2335 404 2355 tw
425 2343 467 2347 -
487 2325 688 2356 rideantur.
725 2326 805 2357 Sinn
823 2337 828 2356 :

163 2380 198 2401 so
225 2369 355 2401 siirehtc
374 2370 439 2405 ich,
462 2370 539 2401 dass
558 2370 620 2401 wir
638 2371 690 2401 die
711 2371 834 2402 Gliick-

163 2415 319 2455 seligkeit
337 2415 427 2446 nicht
443 2415 544 2446 durch
561 2426 680 2447 unsere
693 2415 831 2457 Tugcnd

163 2471 223 2491 uns
251 2461 420 2494 bereitcn,
450 2461 594 2491 sondern
623 2462 670 2492 sic
697 2472 758 2492 nur
784 2462 833 2492 als

162 2506 214 2536 ein
235 2504 543 2546 Gnadengeschenk
571 2517 631 2536 von
663 2506 724 2537 ‹lcn
752 2506 833 2538 Got-

162 2556 234 2581 tern
254 2551 398 2583 erssehen
416 2551 557 2582 kiinnen.
577 2550 705 2591 W'egeu
724 2552 835 2583 rideri

162 2607 188 2626 s.
210 2596 329 2638 Zumpt
355 2596 372 2637 ξ
393 2597 469 2627 751.

595 2123 619 2137 ,.
631 2100 690 2130 der
709 2099 837 2139 Begrifl'

906 1921 965 1957 rit,
995 1922 1160 1959 agitavit.
1198 1919 1240 1949 So
1269 1919 1310 1950 ll.
1336 1920 1387 1958 16,
1409 1918 1473 1949 :582
1506 1919 1574 1950 Ho-

905 1967 1030 1995 minem
1067 1967 1260 1996 &Territum
1279 1968 1289 1995 .'
1323 1975 1354 2006 p.
1383 1964 1485 1995 Arch.
1520 1964 1572 2002 11,

905 2010 968 2041 25:
1002 2010 1093 2050 Quid
1111 2014 1175 2044 est,
1197 2010 1292 2051 qnod
1311 2028 1352 2032 -
1373 2012 1484 2040 tantis
1512 2019 1573 2040 nos

904 2058 937 2085 [η
959 2055 1139 2086 laboribus
1159 2065 1384 2086 envers-eamus·
1401 2057 1415 2085 Ρ

950 2128 1137 2159 corporum
1169 2117 1349 2157 doloribus
1381 2126 1574 2158 congruen-

905 2166 955 2193 tes
987 2163 1067 2203 „die
1088 2163 1320 2205 kiirpcrlichen
1343 2162 1469 2193 Leiden
1499 2162 1574 2193 mit—

903 2208 1107 2249 empfindcnd
1123 2212 1160 2239 *‘.
1220 2208 1379 2239 Achnlich
1416 2207 1454 2239 24
1470 2232 1477 2245 ‚
1507 2207 1570 2239 69:

903 2264 977 2284 cum
1006 2255 1094 2285 rocli
1117 2257 1213 2285 motu
1243 2263 1436 2294 congruere
1467 2253 1570 2288 ..sich

903 2299 1164 2340 mitbcwegen·‘.

950 2362 981 2390 -1,
1003 2361 1199 2392 avunculus
1219 2365 1314 2392 Imm.
1336 2359 1418 2391 Cato
1439 2357 1572 2390 Uticen-

904 2405 949 2436 sis
978 2407 1020 2445 (s.
1042 2417 1080 2437 zu
1102 2406 1125 2437 l.
1146 2407 1202 2442 3⁰,
1226 2406 1296 2447 7-1),
1327 2405 1443 2436 dessen
1473 2403 1573 2435 Hatb-

903 2450 1086 2482 schwestcr
1104 2451 1248 2482 Servilia
1268 2451 1326 2481 des
1344 2449 1465 2480 Brutus
1487 2448 1572 2480 Mut-

904 2500 956 2526 ter
974 2505 1065 2528 war:
1090 2496 1246 2537 Vzugleich
1268 2495 1324 2526 des
1344 2494 1398 2525 ΒΓ.
1420 2495 1571 2527 Schwie-

903 2546 1071 2580 gervater.

950 2597 1052 2638 culpa
1073 2616 1110 2620 —
1128 2607 1263 2631 carens,
1287 2607 1314 2628 s.
1335 2607 1372 2627 zu
1395 2596 1419 2627 1.
1436 2596 1491 2634 35,
1510 2596 1565 2628 88.
