1684 2819
127 336 168 367 67

119 951 162 983 68

115 1459 157 1490 69

201 168 254 207 60
774 165 831 198 nn
858 164 1040 198 orrlcns

200 274 243 307 ut
273 267 521 306 vehementer
547 265 686 305 arduas
723 266 933 318 plenasque
959 267 1137 306 laborum
1165 274 1202 306 et
1228 268 1495 318 periculorum
1524 280 1612 308 cum

198 324 295 363 vitae
316 329 399 362 tum
420 322 629 361 multarum
650 335 796 369 rerum,
819 335 916 374 quae
936 323 984 362 ad
1005 324 1121 362 vitam
1141 324 1346 374 pertinent.
1382 325 1528 364 Harum
1549 337 1611 364 re-

198 393 284 420 rum
306 379 470 418 duarum
493 379 679 430 splendor
701 379 848 427 omnis,
869 379 1103 430 amplitudo,
1131 380 1231 419 addo
1254 381 1368 420 etiam
1396 381 1610 429 utilitatem,

197 438 237 475 in
258 435 476 487 posteriore
498 440 566 482 est,
589 447 702 474 causa
724 441 851 475 autem
873 441 910 474 et
930 436 1027 475 ratio
1050 436 1220 475 efficiens
1242 448 1405 487 magnos
1426 438 1531 477 viros
1553 443 1612 477 est

196 493 236 530 in
257 492 400 543 priore.
441 492 484 530 In
505 504 550 531 eo
573 497 631 530 est
652 492 753 530 enim
776 492 886 540 illud,
916 492 1020 544 quod
1047 492 1272 531 excellentes
1299 494 1450 532 animos
1479 501 1516 533 et
1536 495 1610 533 hu-

195 560 310 587 mana
333 553 626 587 contemnentes
649 548 748 587 facit.
789 548 831 587 Id
860 554 986 588 autem
1014 549 1146 600 ipsum
1177 549 1347 588 cernitur
1374 550 1414 588 in
1443 550 1609 598 duobus,

197 605 228 643 si
251 611 287 644 et
307 605 435 643 solum
464 605 521 651 id,
549 605 653 656 quod
681 606 892 644 honestum
920 605 986 652 sit,
1013 605 1163 644 bonum
1190 605 1336 644 iudices
1365 611 1402 644 et
1428 606 1474 645 ab
1503 607 1609 645 omni

194 661 312 700 animi
332 661 622 712 perturbatione
642 661 738 701 liber
759 662 826 701 sis.
868 662 966 701 Nam
990 668 1027 701 et
1047 675 1108 709 ea,
1139 675 1234 714 quae
1255 662 1394 701 eximia
1416 662 1610 715 plerisque

194 724 231 757 et
250 718 444 769 praeclara
464 718 655 765 videntur,
679 731 795 770 parva
817 719 957 758 ducere
980 732 1099 770 eaque
1115 719 1265 757 ratione
1283 718 1408 757 stabili
1424 720 1610 771 firmaque

194 780 443 813 contemnere
465 775 576 813 sortis
601 775 719 813 animi
741 775 949 826 magnique
973 775 1190 814 ducendum
1213 781 1283 822 est,
1307 781 1344 814 et
1365 787 1419 822 ea,
1440 788 1536 826 quae
1552 775 1609 814 vi-

195 831 335 870 dentur
355 831 509 878 acerba,
537 844 634 883 quae
656 832 775 871 multa
804 839 839 871 et
860 832 963 871 varia
991 833 1029 871 in
1053 832 1257 870 hominum
1280 832 1355 870 vita
1378 834 1610 883 fortunaque

192 893 415 934 versantur,
436 888 486 926 ita
509 889 624 935 serre,
646 893 689 926 ut
710 888 806 927 nihil
826 902 846 927 a
868 893 967 927 statu
991 894 1151 927 naturae
1172 889 1368 933 discedaS,
1391 889 1485 927 nihil
1507 901 1527 927 a
1550 888 1608 927 di-

193 945 335 994 gnitate
356 944 552 994 sapientis,
573 945 726 982 robusti
749 945 867 983 animi
889 951 947 983 est
967 957 1206 995 magnaeque
1227 944 1477 983 constantiae.
1520 944 1609 983 Non

189 1006 248 1039 est
264 1006 391 1039 autem
408 1005 724 1048 consentaneum,
746 1001 809 1052 qui
826 1006 932 1039 metu
948 1013 1028 1039 nou
1051 1003 1260 1052 frangatur,
1283 1013 1372 1039 eum
1394 1000 1518 1050 frangi
1540 1013 1608 1040 cu-

190 1057 347 1108 piditate
368 1068 458 1104 nec,
482 1057 546 1107 qui
568 1057 751 1096 invictum
775 1070 816 1096 se
837 1070 857 1096 a
878 1058 1009 1096 labore
1032 1057 1280 1108 praestiterit,
1302 1057 1403 1096 vinci
1426 1070 1446 1096 a
1467 1057 1606 1108 volup-

191 1118 276 1152 tate.
328 1114 453 1159 Quam
477 1113 526 1151 ob
548 1126 631 1152 reru
661 1119 696 1152 et
718 1115 814 1153 haec
834 1113 998 1153 videnda
1028 1120 1065 1152 et
1086 1114 1271 1165 pecuniae
1293 1113 1472 1164 fugienda
1498 1113 1607 1164 cupi-

190 1170 302 1209 ditas.
361 1169 463 1208 Nihil
490 1170 593 1208 enim
622 1176 681 1208 est
719 1176 794 1209 tam
831 1171 983 1221 angusti
1013 1171 1130 1209 animi
1165 1176 1320 1222 tamque
1348 1170 1453 1222 parvi
1491 1182 1605 1221 quam

188 1238 318 1264 amare
342 1225 504 1267 divitias,
527 1226 621 1264 nihil
638 1226 842 1265 honestius
861 1228 1247 1278 magnificentiusque
1265 1239 1380 1277 quam
1399 1227 1605 1278 pecuniam

189 1288 450 1327 (·onte1nne1·,e
475 1283 506 1320 si
528 1294 609 1321 uon
630 1283 791 1321 habeas:
817 1283 848 1321 si
871 1284 967 1322 habe
971 1296 1031 1327 as
1055 1284 1100 1322 ad
1123 1284 1416 1322 beneficentiam
1437 1282 1532 1322 libe1
1535 1282 1604 1322 ‘ih—

186 1344 380 1388 tatemque
403 1341 590 1377 conane.
629 1340 656 1377 C
659 1341 805 1378 {venda
823 1340 936 1378 etiam
960 1345 1058 1378 est«
1036 1340 1178 1391 gloiiae
1200 1340 1402 1402 cupiditas
1424 1345 1465 1378 ut
1486 1351 1606 1401 supra

186 1395 282 1433 dixi:
318 1394 431 1445 elipit
458 1395 559 1433 enim
593 1395 827 1442 libertatem,
863 1409 933 1447 plo
963 1409 1036 1447 qua
1065 1396 1324 1445 nlagzumimis
1352 1396 1444 1434 xiris
1475 1396 1604 1434 omnis

187 1451 299 1490 debet
320 1463 406 1489 esse
429 1452 637 1490 contentio.
679 1452 759 1491 Nec
779 1465 869 1491 xe1o
899 1453 1060 1503 imperia
1082 1453 1295 1503 expetenda
1322 1466 1365 1490 ac
1386 1452 1517 1503 potius
1541 1458 1605 1491 aut

186 1520 266 1546 non
288 1507 509 1558 accipienda
529 1508 722 1547 interdum
747 1515 812 1547 aut
834 1509 1066 1560 deponenda
1087 1520 1168 1547 non
1189 1521 1414 1559 numsplam.
1458 1508 1604 1547 Vacan-

184 1564 277 1603 dum
307 1569 435 1603 autem
472 1564 579 1603 omni
607 1570 666 1603 est
707 1565 824 1603 animi
862 1565 1156 1616 perturbatione
1199 1578 1287 1604 cum
1324 1565 1531 1615 cupiditate
1567 1570 1604 1603 et

182 1626 290 1659 metu
312 1626 393 1659 tum
416 1620 529 1659 etiam
553 1621 789 1671 aegritudine
812 1628 850 1660 et
869 1622 1065 1672 voluptate
1091 1622 1245 1671 [animi]
1271 1627 1307 1660 et
1328 1621 1539 1668 iracundia,
1562 1627 1605 1659 ut

185 1676 439 1728 tranquillitas
463 1676 581 1716 animi
605 1683 642 1716 et
664 1678 848 1717 securitas
880 1679 997 1725 adsit,
1027 1691 1122 1729 quae
1148 1679 1271 1717 adfert
1299 1690 1386 1717 cum
1416 1683 1603 1717 constan-

183 1733 274 1772 tiam
299 1737 381 1771 tum
403 1733 518 1772 etiam
541 1734 778 1784 dignitatem.
819 1735 925 1773 Multi
954 1741 1080 1774 autem
1103 1741 1140 1774 et
1169 1741 1256 1773 sunt
1280 1740 1317 1773 et
1340 1735 1511 1781 fuerunt,
1539 1734 1603 1786 qui

183 1802 280 1835 eam,
303 1802 419 1840 quani
442 1790 542 1837 dico,
565 1791 875 1842 tranquillitatem
899 1797 1120 1842 expetentes
1143 1804 1163 1830 a
1184 1791 1350 1842 negotiis
1372 1790 1538 1842 publicis
1562 1803 1603 1829 se

181 1852 430 1885 removerunt
452 1847 501 1894 ad,
522 1847 721 1898 otiumque
742 1850 1012 1899 perfugerunt:
1045 1849 1082 1886 in
1112 1848 1172 1886 his
1195 1854 1230 1886 et
1257 1847 1491 1886 nobilissimi
1513 1847 1601 1898 phi-

928 1960 1025 1990 Hdss.
1040 1959 1143 1990 haben
1162 1960 1314 2002 voluptas
1328 1961 1442 1999 αηιίηἰ,
1460 1969 1512 1990 wo
1527 1961 1601 1990 αηί-

926 2007 975 2035 mi
990 2005 1042 2035 eiu
1062 2005 1227 2045 miissiger
1244 2005 1308 2036 und
1328 2005 1441 2035 darum
1456 2005 1547 2036 nicht
1561 2015 1602 2036 zu

927 2050 1111 2081 duldeuder
1134 2049 1259 2081 Zusatz
1289 2050 1349 2089 ist,
1379 2051 1460 2080 auch
1484 2051 1600 2090 nimia,

227 1957 280 1989 67.
307 1957 852 2000 utilitatem,nzimlit-l·derNutzen

181 2004 262 2034 nach
280 2013 411 2045 aussen,
429 2004 512 2034 deun
532 2005 603 2035 deni
618 2004 794 2036 Menscben
813 2015 853 2036 an

181 2048 249 2079 sich
269 2048 405 2079 beilsam
422 2049 465 2079 ist
478 2049 529 2080 die
543 2050 666 2080 audere
682 2049 744 2081 Art
758 2050 851 2081 auch.

225 2095 318 2125 stata
334 2096 499 2125 reatu-me:
514 2104 541 2125 s.
562 2094 647 2125 Einl.

227 2138 441 2179 68.1·2·deuda‚
451 2138 506 2170 d.i.
517 2139 670 2181 curanda,
679 2138 767 2181 §.43
777 2140 788 2171 1
797 2141 852 2171 45.

227 2182 281 2215 69.
307 2184 489 2226 eupiditate
511 2187 544 2216 et
559 2187 669 2216 aneta.
704 2185 764 2216 Die
782 2186 855 2216 vier

181 2228 385 2270 Hauptarteu
403 2230 462 2260 der
474 2229 708 2262 Leidenschast
726 2230 854 2262 beiden

180 2274 338 2304 Stoikern
357 2274 428 2305 sind
443 2275 630 2317 aegritudo,
650 2274 775 2307 Furcht
793 2286 856 2307 vor

181 2319 286 2350 einen]
296 2329 357 2359 ge„
341 2329 379 2350 fr(
384 2330 434 2351 nw
439 2320 477 2351 '‘ir
481 2320 547 2361 tig‹
552 2332 581 2359 n,
599 2323 718 2362 metas,
729 2320 754 2352 F
759 2322 856 2353 uro-ht

181 2375 198 2395 x
203 2374 241 2395 or
254 2364 359 2395 eineni
375 2365 567 2405 zukiinstige
573 2377 589 2396 n
605 2365 853 2410 U‹·bel,1·0lup

181 2412 233 2440 tas
252 2410 316 2440 und
330 2409 441 2444 Ii'bedo
463 2410 594 2442 Frende
612 2420 651 2442 an
672 2412 776 2442 eineui
795 2422 853 2452 gc-

179 2464 274 2494 genu
279 2455 407 2495 iirtigen
430 2457 494 2487 und
513 2456 618 2487 (inem
638 2456 852 2496 zukiinltigen

181 2499 278 2531 Gute.
313 2499 487 2542 Tus‹.111‚
514 2501 569 2539 11,
593 2500 646 2532 24.
674 2500 728 2541 lv,
747 2502 777 2538 (ἱ,
800 2501 850 2532 11.

180 2544 246 2575 Der
270 2545 358 2576 Zorn
383 2546 426 2577 ist
450 2546 530 2577 nach
554 2545 653 2577 Tusc.
678 2545 732 2585 lv,
758 2548 787 2588 9,
811 2547 847 2577 21

181 2600 241 2621 nur
271 2590 342 2622 eine
368 2590 526 2623 {luterart
555 2591 614 2623 der
642 2590 753 2623 libido.
792 2591 851 2622 Die

925 2105 995 2126 was
1011 2095 1127 2135 Eiuige
1141 2096 1222 2126 uach
1235 2094 1343 2135 §.102
1361 2095 1483 2138 rolupt.
1498 2097 1602 2126 nimia

926 2150 985 2171 aus
1014 2142 1121 2172 animi
1147 2141 1297 2180 gemacht
1322 2140 1443 2180 haben,
1474 2140 1602 2172 scheint

927 2185 1016 2217 nicht
1030 2185 1182 2226 passeud.
1209 2185 1274 2216 Cic.
1291 2185 1402 2216 iibers.
1417 2185 1448 2215 in
1464 2185 1523 2216 der
1535 2184 1600 2216 Re-

927 2230 979 2270 gel
998 2231 1055 2262 das
1072 2231 1216 2262 stoisebe
1236 2227 1347 2271 ἡδονή
1363 2230 1435 2261 blos
1447 2230 1599 2273 voluptas

928 2276 990 2306 und
1005 2275 1134 2307 erkliirt
1148 2276 1218 2307 dies
1234 2276 1363 2307 laeticia
1378 2273 1533 2317 gestiens
1550 2275 1602 2306 vel

925 2322 1041 2352 lll'ml'a.
1075 2321 1397 2352 {1111'1111'seheintnur
1419 2320 1519 2350 durch
1536 2319 1601 2351 irr-

928 2366 1103 2397 thiiuiliche
1115 2365 1379 2405 wieder-holung
1388 2364 1597 2396 entstanden.

970 2413 1002 2443 1'11
1039 2412 1107 2448 leis,
1147 2411 1219 2442 eine
1259 2409 1600 2450 Zusainmenziehung

926 2456 1052 2487 zweier
1066 2456 1167 2488 Siitze
1183 2457 1213 2486 iu
1230 2455 1335 2486 einen.
1364 2457 1412 2493 (1'11
1428 2455 1478 2485 his
1493 2457 1524 2486 et
1537 2464 1598 2486 ηο-

927 2501 1081 2532 bilis.s·e·mi
1098 2501 1292 2544 philosophi
1311 2519 1349 2522 *-
1373 2499 1525 2534 suerunt,
1545 2500 1597 2542 qui

914 2547 1021 2588 serre
1035 2547 1257 2589 potuerunt.)

971 2591 1172 2624 nobilissimi
1201 2590 1412 2635 philosophi.-
1445 2591 1484 2621 de
1514 2593 1596 2620 orat.
