1684 2819
141 162 255 206 „144
287 172 289 176 ¹
312 184 315 188 -
637 159 694 191 DE
718 158 899 192 NATURA
923 158 1106 211 DEORUM

172 261 224 302 ita
251 262 407 312 effingat
434 266 470 299 et
497 259 634 298 efficiat
655 259 694 298 in
715 272 786 298 suo
810 259 976 311 quidque
997 271 1153 311 genere,
1182 259 1322 310 partim
1343 264 1385 297 ut
1405 263 1578 296 tantum-

172 319 292 357 modo
314 329 384 369 per
405 317 546 367 stirpes
568 315 717 354 alantur
738 327 839 362 suas,
859 316 1002 366 partim
1021 322 1064 355 ut
1083 316 1226 355 moveri
1249 315 1362 354 etiam
1385 319 1421 353 et
1438 314 1581 354 sentire

105 381 146 415 82
176 380 212 414 et
239 379 417 425 appetere
443 372 599 424 possint
626 377 663 410 et
687 384 732 410 ex
760 383 846 410 sese
874 371 1011 409 similia
1032 372 1093 410 sui
1114 372 1279 423 gignere.
1322 371 1421 410 Sunt
1441 376 1581 418 autem,

175 431 237 482 qui
260 429 389 468 omnia
409 434 567 467 naturae
587 428 746 467 nomine
767 427 976 479 appellent,
997 433 1039 466 ut
1058 427 1261 478 Epicurus,
1283 428 1345 478 qui
1368 428 1417 466 ita
1439 426 1581 474 dividit,

174 485 347 524 omnium
377 498 472 536 quae
500 484 577 524 sint
604 490 781 524 naturam
811 496 899 523 esse
926 495 1091 535 corpora
1113 489 1150 522 et
1169 483 1299 531 inane,
1325 496 1497 535 quaeque.
1520 483 1580 522 his

174 542 358 581 accidant.
402 541 479 580 Sed
498 553 573 580 nos
596 553 715 592 quum
738 540 902 579 dicimus
930 545 1065 579 natura
1094 546 1271 579 constare
1298 540 1579 579 administrari-

175 611 249 649 que
270 598 479 644 mundum,
507 609 588 636 non
609 597 864 643 itadichnus,
887 602 929 635 ut
951 596 1099 648 glebam
1121 601 1185 634 aut
1207 596 1461 646 fragmentum
1484 596 1580 647 lapi-

175 655 234 693 dis
263 660 327 693 aut
354 654 494 705 aliquid
525 653 717 693 eiusmodi
744 653 844 692 nulla
874 651 1105 691 cohaerendi
1132 658 1286 699 natura3
1315 652 1380 690 sed
1403 658 1445 690 ut
1466 652 1582 690 arbo-

174 724 274 757 rem,
302 716 344 749 ut
370 711 526 757 animal,
554 711 593 749 in
621 710 758 762 quibus
787 709 888 748 nulla
917 709 1130 755 temeritas,
1159 709 1226 747 sed
1249 708 1345 747 ordo
1368 713 1526 759 apparet
1547 713 1584 746 et

97 766 151 806 33
177 767 268 806 artis
291 767 477 818 quaedam
501 767 726 806 similitudo.
760 766 908 813 Quodsi
931 778 985 811 ea,
1005 778 1101 817 quae
1123 778 1142 803 a
1164 771 1262 804 terra
1285 764 1469 816 stirpibus
1488 775 1582 802 con-

106 829 147 861 83
179 824 359 869 tinentur,
383 828 463 862 arte
484 828 641 862 naturae
662 823 793 861 vivunt
815 827 851 860 et
872 823 1011 871 vigent,
1034 822 1207 872 profecto
1231 822 1312 872 ipsa
1334 828 1433 860 terra
1451 820 1584 859 eadem

174 881 209 918 vi
238 881 456 919 continetur
483 886 519 918 et
547 886 626 919 arte
653 885 827 923 naturae,
862 878 1004 929 quippe
1032 890 1127 929 quae
1156 878 1345 928 gravidata
1373 876 1584 916 seminibus

176 937 303 975 omnia
339 936 460 988 pariat
487 942 523 975 et
551 936 684 974 fundat
710 949 755 974 ex
783 948 885 980 sese,
922 935 1062 985 stirpes
1091 935 1260 985 amplexa
1284 934 1355 972 alat
1376 939 1412 972 et
1439 938 1584 983 augeat,

175 993 334 1044 ipsaque
365 993 484 1030 alatur
505 992 676 1031 vicissim
698 1004 719 1030 a
742 991 893 1042 superis
916 990 1158 1041 externisque
1180 990 1338 1028 naturis.
1380 989 1584 1028 Eiusdem-

177 1062 248 1100 que
276 1048 603 1100 exspirationibus
632 1054 667 1086 et
691 1060 754 1086 aer
775 1047 887 1086 alitur
909 1052 946 1085 et
967 1047 1096 1085 aether
1119 1051 1155 1084 et
1177 1047 1305 1084 onmia
1328 1058 1479 1096 supera.
1520 1043 1586 1091 Ita,

177 1106 208 1144 si
236 1111 336 1145 terra
364 1109 499 1143 natura
527 1109 680 1143 tenetur
707 1110 743 1142 et
769 1104 882 1154 viget,
911 1103 1043 1141 eadem
1071 1102 1168 1141 ratio
1198 1102 1236 1141 iu
1264 1102 1409 1153 reliquo
1438 1101 1585 1140 mundo

177 1167 250 1200 est:
279 1162 419 1213 stirpes
447 1161 547 1200 enim
577 1167 700 1200 terrae
723 1161 939 1205 inhaerent3
968 1159 1183 1198 animantes
1205 1165 1331 1197 autem
1354 1157 1587 1208 aspiratione

176 1217 274 1257 a'eris
303 1218 561 1263 sustinentur,
589 1217 748 1269 ipseque
776 1230 840 1255 aer
866 1216 1073 1255 nobiscum
1102 1215 1218 1261 videt,
1246 1215 1451 1254 nobiseum
1473 1214 1587 1260 audit,

222 1318 275 1350 82.
315 1322 352 1350 ut
382 1318 559 1360 Epicurus,
614 1318 674 1349 Die
708 1318 846 1357 eigenen

921 1327 947 1347 c.
968 1315 1028 1354 34,
1048 1317 1101 1347 87.
1128 1317 1185 1357 45,
1207 1315 1279 1346 115.
1306 1315 1358 1356 152,
1379 1315 1451 1346 155.
1485 1315 1588 1346 Acad.

177 1364 373 1396 Ausdriieke
407 1363 583 1395 desselben
620 1363 711 1403 giebt
751 1363 846 1394 Sext.

921 1361 950 1401 l,
977 1362 1010 1402 7,
1037 1361 1096 1392 25:
1131 1362 1222 1393 omui
1243 1363 1369 1393 natm-a
1391 1361 1590 1392 cohaerente

178 1409 271 1451 Emp.
289 1407 354 1448 lX,
381 1407 460 1439 333:
486 1405 506 1450 ἡ
525 1409 598 1441 τῶν
618 1404 712 1439 ὅλων
736 1419 760 1451 ᾳ
770 1405 849 1442 ύσις

180 1450 335 1498 σώματά
359 1452 434 1485 ἐστι
460 1453 517 1485 καὶ
537 1449 652 1486 κενόν.
686 1453 761 1493 vgl.
781 1452 848 1484 Lu-

180 1503 262 1531 eret.
289 1498 317 1537 I,
342 1498 422 1529 413:
452 1498 566 1530 Olmu's
595 1501 634 1530 ut
662 1501 715 1529 est
742 1500 850 1539 igilur

177 1554 240 1588 per·
263 1554 299 1575 se
322 1546 447 1575 natm-a
471 1543 602 1575 duabus
626 1545 781 1575 consistit
797 1553 849 1574 re-

181 1592 259 1621 bus:
279 1599 359 1620 nam
376 1598 520 1632 corpora
535 1591 616 1620 suut
632 1591 666 1620 et
682 1590 792 1620 inane.
806 1607 850 1610 —

182 1634 287 1667 Unter
310 1635 382 1665 dem
407 1634 485 1674 t'olg.
510 1645 594 1676 quae
615 1634 667 1666 ln's
685 1633 850 1673 accidant,

182 1680 212 1711 d.
233 1680 261 1711 b.
292 1679 381 1710 ihre
411 1678 704 1719 Accidentien,
731 1679 775 1710 ist
799 1678 850 1709 dic

181 1725 369 1764 ssewegung
402 1724 462 1755 der
491 1724 609 1756 Atome
646 1725 687 1755 im
724 1723 851 1755 Leeren

183 1770 247 1800 und
276 1770 326 1800 die
357 1769 501 1800 dadurch
527 1769 687 1800 bewirkte
714 1768 851 1800 Entste-

183 1815 269 1854 hung
287 1814 346 1844 der
364 1814 467 1853 Dinge
486 1825 527 1845 zu
549 1815 717 1845 vei-stelin.

228 1862 353 1890 natm-a
375 1862 532 1890 constare
549 1878 593 1881 —
610 1859 772 1890 muudum
792 1861 852 1890 etc.

183 1904 251 1935 Der
275 1904 371 1934 Sinn:
399 1903 500 1943 „wir
528 1904 649 1935 wollen
674 1904 773 1935 ‹lamit
798 1914 851 1934 sa-

182 1959 262 1989 gen,
292 1949 369 1979 dass
393 1949 444 1979 die
469 1948 564 1980 walt
587 1949 677 1980 nicht
699 1949 749 1979 ein
781 1948 852 1979 bles

182 1994 448 2033 mechanisches,
497 1993 642 2025 lebloses
684 1994 854 2033 Aggregat

182 2039 244 2070 wie
275 2039 326 2069 ein
352 2038 528 2069 Felsstiiek
560 2039 640 2069 odei·
670 2038 741 2069 eine
769 2038 852 2069 Erd-

183 2084 328 2124 sclmlle,
347 2084 488 2114 sondern
507 2083 559 2115 ein
578 2083 778 2123 lebendiges,
798 2093 852 2114 or-

185 2129 319 2170 ganisch
337 2128 569 2160 verbundenes
589 2127 701 2160 Ganze
723 2129 771 2160 sei
790 2128 852 2159 uis·

185 2174 236 2205 ein
256 2173 357 2205 Thier
375 2173 455 2204 oder
473 2173 544 2205 eine
562 2173 730 2205 Pssanze.“

229 2218 320 2250 nulla
354 2218 552 2250 cohaerendi
581 2221 724 2251 muura:
771 2219 853 2249 ohne

186 2264 258 2295 eine
283 2264 373 2295 darin
398 2264 569 2295 wirkende
593 2262 692 2295 h'ral't
720 2263 852 2304 organi-

186 2310 285 2341 schen
310 2309 645 2349 Zusammenhanges.
678 2309 768 2340 Denn
794 2319 854 2340 na-

187 2358 265 2386 {ura
282 2355 344 2385 wie
363 2366 385 2398 q
397 2351 474 2390 ύσις
493 2355 599 2386 heis-st
622 2355 702 2385 auch
722 2355 772 2385 dic
791 2350 854 2385 δύ-

185 2410 297 2444 ναμις
313 2398 509 2432 ἐνοικοῦσα
523 2401 599 2434 τοῖς
613 2395 773 2442 σώμασι,
791 2399 854 2430 wie

187 2445 292 2476 Galen
318 2450 391 2485 sagt
410 2446 531 2476 Comm.
549 2445 579 2475 in
599 2444 691 2486 Hipp.
711 2444 770 2486 Ep.
790 2444 809 2475 (1
827 2455 853 2475 s.

187 2490 205 2520 5
221 2490 281 2529 in.;
300 2491 481 2522 cohaerere
493 2490 573 2521 aber
587 2489 724 2521 braucht
739 2490 854 2521 Cicero

186 2536 267 2566 auch
285 2536 459 2566 sstldt¹1·swo
479 2546 539 2566 von
559 2536 618 2565 der
640 2536 854 2575 organisrhen

189 2580 400 2621 Verbindung
418 2591 458 2612 zu
477 2581 580 2611 ciuem
600 2579 746 2612 Ganzen.
780 2580 854 2621 x'gt.

921 1409 954 1437 et
981 1408 1185 1438 continuata.
1230 1406 1269 1437 de
1292 1406 1394 1445 Legg.
1419 1404 1447 1444 l,
1472 1404 1506 1446 S,
1530 1404 1588 1436 24:

921 1451 987 1483 alla
1019 1453 1138 1493 quibus
1177 1452 1393 1483 cohaererent
1429 1451 1590 1482 homines.

901 1524 903 1527 .
923 1497 961 1527 de
981 1495 1037 1527 Or.
1058 1496 1094 1535 11,
1114 1496 1165 1535 80,
1187 1496 1266 1527 325:
1294 1499 1410 1527 utnon
1429 1495 1591 1538 adfictum

922 1541 1057 1584 aliquod
1088 1541 1149 1573 secl
1180 1542 1363 1572 cohaerens
1397 1551 1472 1572 eum
1503 1541 1594 1571 omm·

923 1597 1063 1630 corpore
1100 1588 1287 1618 membrum
1322 1596 1395 1617 esse
1427 1584 1590 1618 videatur.

926 1632 1002 1663 Sen.
1022 1631 1082 1673 Qu.
1110 1636 1175 1663 nat.
1193 1630 1236 1673 ll,
1260 1632 1278 1663 2
1303 1636 1407 1663 extu:
1431 1633 1592 1662 naturam

925 1678 1078 1720 eorporis
1095 1676 1188 1709 nulla
1205 1687 1265 1720 ope
1284 1679 1427 1708 ‹ea-terna
1443 1675 1503 1707 sed
1519 1677 1593 1707 uui-

928 1725 997 1754 tato
1029 1733 1093 1754 sua
1125 1722 1346 1754 cohaerentis.
1400 1720 1508 1753 Ueber
1540 1720 1591 1751 die

927 1768 1031 1807 Saqhe
1062 1768 1214 1799 verdient
1243 1767 1336 1798 Sext.
1363 1765 1531 1808 E1np.1x‚
1552 1764 1592 1795 78

925 1832 959 1835 -
977 1812 1019 1843 54
1038 1812 1257 1853 nachgelesen
1277 1823 1316 1843 zu
1334 1812 1479 1843 werden.

972 1850 1041 1889 33.
1067 1857 1120 1889 53.
1146 1857 1360 1899 eiusdemque
1386 1857 1593 1899 exspiratio-

925 1903 1023 1933 m'hus
1042 1904 1103 1933 ete.
1137 1902 1212 1942 Ygl.
1232 1914 1259 1933 c.
1278 1902 1328 1935 15.
1343 1902 1385 1932 40
1403 1912 1435 1932 u.
1450 1900 1501 1941 46,
1519 1900 1592 1939 118,

926 1957 978 1977 wo
998 1946 1118 1987 jedoch
1146 1957 1206 1977 nur
1235 1958 1298 1977 von
1325 1947 1386 1977 den
1414 1945 1594 1977 Gestirnen

927 1992 978 2022 die
1009 1991 1098 2022 Rode
1128 1992 1180 2023 ist.
1220 1991 1304 2022 Dass
1334 1991 1414 2022 auch
1439 1991 1491 2022 die
1515 1990 1594 2021 Lul't

927 2037 990 2067 und
1009 2037 1068 2067 dei·
1086 2037 1212 2067 Aether
1235 2047 1299 2067 von
1323 2037 1383 2067 den
1408 2035 1593 2076 wiissrigen

927 2082 1207 2121 Ausdiinstungen
1238 2082 1298 2112 der
1331 2081 1418 2113 Erde
1456 2081 1595 2121 geniihrt

927 2127 1079 2164 werden,
1111 2128 1231 2167 gehiirt
1255 2138 1296 2157 zu
1319 2127 1378 2157 der
1402 2126 1432 2167 ξ.
1453 2126 1493 2156 34
1518 2135 1595 2156 vor-

927 2176 1127 2211 getragenen
1144 2172 1281 2203 Ansicht
1300 2183 1362 2202 von
1382 2171 1453 2202 dem
1468 2170 1595 2203 Ueber-

927 2227 1030 2257 gange
1049 2217 1108 2247 der
1125 2217 1297 2248 Elemente
1316 2217 1346 2248 in
1366 2216 1532 2247 einander.

971 2272 1031 2294 aet·
1047 2263 1220 2294 uobiscum
1240 2262 1328 2294 ridet
1351 2264 1411 2293 ete.
1438 2261 1468 2292 d.
1486 2261 1515 2291 h.
1536 2271 1596 2291 un—

928 2318 984 2339 ser
1002 2307 1126 2347 Sehen,
1151 2308 1278 2349 llo'ren,
1299 2307 1426 2339 Lauten
1443 2306 1521 2345 geht
1537 2305 1597 2336 mit

928 2352 1024 2383 litim·
1043 2353 1102 2383 der
1119 2352 1197 2384 Lust
1215 2363 1274 2383 voi·
1292 2352 1370 2383 sich.
1403 2350 1471 2382 Den
1486 2350 1596 2381 Schall

928 2397 1098 2429 erkliirten
1124 2398 1175 2429 die
1194 2397 1327 2429 Stoiker
1349 2406 1408 2427 aus
1433 2396 1494 2426 deu
1514 2405 1537 2425 u
1547 2395 1595 2426 el-

928 2442 1142 2483 lenl'iii·migen
1169 2442 1431 2481 Sclmingungen
1457 2440 1516 2472 der
1541 2450 1596 2471 er-

929 2488 1135 2519 schumet-ten
1156 2487 1248 2519 Lul't:
1274 2487 1336 2518 wir
1362 2487 1475 2526 hili-en,
1501 2496 1596 2517 wenn

929 2534 986 2564 das
1017 2532 1085 2563 ΟΙιι·
1114 2533 1204 2563 diese
1231 2532 1494 2571 Sclm'iugungen
1524 2530 1597 2562 aus-

929 2578 1032 2619 siingt.
1079 2577 1143 2609 llas
1177 2578 1283 2609 Sehen
1317 2576 1455 2617 erl'olgt,
1490 2576 1598 2608 tndem
