1684 2819
109 767 150 799 90

104 1499 143 1531 01

182 150 263 190 202
751 149 808 182 DE
834 148 1014 182 orrlcns

183 248 327 289 alere?
367 249 412 289 In
433 255 634 303 utramque
655 256 803 302 partem
832 251 1019 303 disputat,
1050 252 1117 291 sed
1144 258 1273 292 tamen
1299 254 1345 293 ad
1371 260 1585 294 extremum

183 306 350 353 utilitate,
372 312 413 345 ut
432 312 551 358 putat,
574 307 744 346 officium
762 307 890 359 dirigit
905 308 1026 359 magis
1043 321 1155 360 quam
1173 309 1420 351 humanitate.
1457 312 1584 359 Quae-

183 363 243 409 rit,
266 362 308 401 ‘si
325 363 364 401 in
381 364 476 401 mari
494 363 635 403 iactura
651 364 821 403 facienda
837 365 897 412 sit,
918 364 1056 416 equine
1071 366 1238 417 preciosi
1254 367 1385 418 potius
1401 368 1584 408 iacturam

183 419 292 458 saciat
312 431 359 457 an
382 419 521 459 servuli
542 418 671 459 vilis?
711 420 781 459 Hic
801 420 874 460 alio
896 433 958 460 res
981 421 1196 470 familiaris,
1226 422 1298 462 alio
1323 424 1427 463 ducit
1446 425 1584 464 huma-

182 475 290 514 nitas
335 475 387 514 ‘Si
411 476 576 515 tabulam
599 477 645 515 de
666 478 865 528 naufragio
890 477 1029 517 stultus
1051 479 1272 530 adripuerit,
1295 480 1587 532 extorquebitne

181 544 263 571 eam
287 532 461 583 sapiens,
490 533 521 571 si
551 532 765 585 potuerit‘F
805 534 942 585 Negat,
975 534 1079 586 ‘quia
1108 535 1157 574 sit
1186 535 1391 575 iniurium.'
1433 536 1585 585 ‘Quidt’

181 589 364 628 dominus
386 590 492 629 navis
514 590 698 641 eripietne
721 603 835 629 suum
846 589 881 629 Τ
925 591 1112 638 ‘Minime,
1133 603 1213 631 non
1234 593 1321 644 plus
1343 605 1457 645 quam
1478 594 1585 633 navi-

179 651 334 695 gantem
362 645 400 684 in
423 646 498 685 alto
528 647 649 686 eicere
678 647 723 685 de
750 647 835 685 navi
863 646 967 694 velit,
998 648 1085 699 quia
1115 661 1184 688 sua
1213 649 1272 688 sit.
1315 650 1451 697 Quoad
1481 650 1584 689 enim

179 707 405 753 perventum
428 703 476 742 sit
496 716 559 750 eo,
589 716 666 755 quo
696 710 849 755 sumpta
876 704 982 743 navis
1005 710 1082 751 est,
1111 717 1192 744 non
1219 705 1366 745 domini
1387 711 1446 746 est
1464 706 1582 752 navis,

181 759 247 797 sed
275 759 558 809 navigantium.'
601 759 747 807 Quid?
785 760 817 799 si
838 772 915 800 una
936 761 1061 800 tabula
1084 761 1151 808 sit,
1177 762 1253 801 duo
1280 763 1453 814 naufragi
1473 763 1584 815 eique

180 814 390 867 sapientes,
426 816 548 855 sibine
580 822 743 868 uterque
776 817 900 868 rapiat
935 829 982 856 an
1009 818 1103 857 alter
1130 819 1238 858 cedat
1264 818 1408 858 alteri?
1450 820 1585 859 ‘Cedat

178 884 287 918 vero,
318 872 384 910 sed
407 872 457 918 ei,
485 873 594 912 cuius
622 874 744 924 magis
771 874 922 912 intersit
943 875 998 913 vel
1027 887 1094 914 sua
1123 875 1176 914 vel
1200 876 1253 914 rei
1274 876 1447 928 publicae
1468 889 1581 916 causa

177 928 326 967 vivere.'
347 951 401 956 —
423 928 568 976 ‘Qum
601 929 631 967 si
654 930 748 968 haec
767 930 873 981 paria
895 930 934 968 in
956 930 1169 982 ut1·0que?'
1210 932 1383 971 ‘Nullum
1405 932 1476 971 erit
1498 945 1581 972 cer-

178 990 320 1030 tamen,
350 986 418 1023 sed
443 985 551 1035 quasi
574 991 678 1024 sorte
701 991 764 1025 aut
785 987 963 1025 micando
986 987 1108 1026 victus
1131 987 1236 1027 alteri
1259 988 1366 1027 cedet
1386 988 1506 1027 alter.'
1527 1012 1581 1016 —

178 1039 318 1088 ssQuid?
357 1041 388 1079 si
416 1049 524 1092 pater
552 1043 638 1081 sana
659 1042 816 1093 expilet,
846 1043 1042 1082 cuniculos
1070 1050 1155 1095 agat
1175 1045 1221 1083 ad
1244 1044 1450 1092 aerarium,
1479 1044 1580 1084 indi-

177 1103 284 1136 cetne
307 1096 343 1136 id
365 1098 652 1147 magistratibus
674 1099 774 1138 filius
785 1097 816 1138 Τ
853 1100 976 1138 ‘Nefas
999 1100 1035 1139 id
1054 1100 1221 1151 quidem.
1259 1101 1360 1149 Quin
1377 1101 1490 1141 etiam
1512 1102 1580 1141 de-

176 1154 302 1192 fendat
324 1160 482 1204 patrem,
506 1155 536 1194 si
559 1155 762 1205 arguatur]
806 1156 903 1194 ‘Non
925 1156 1040 1207 igitur
1061 1157 1183 1208 patria
1206 1164 1375 1209 praestat
1396 1158 1578 1198 omnibus

176 1209 336 1249 officiis?
379 1210 514 1249 ‘Immo
538 1224 637 1258 vero,
660 1212 723 1250 sed
747 1212 821 1263 ipsi
843 1213 987 1263 patriae
1009 1214 1190 1253 conducit
1210 1214 1298 1266 pios
1320 1214 1458 1254 hahere
1479 1215 1579 1254 cives

175 1266 214 1306 in
235 1267 439 1317 parentes.'
461 1291 514 1295 ——
550 1267 693 1314 Quid?
725 1269 757 1307 si
779 1269 1017 1320 tyrannidem
1036 1283 1236 1322 occupare,
1258 1271 1290 1310 si
1306 1272 1466 1323 patriam
1485 1283 1579 1323 pro-

175 1323 263 1362 dere
291 1323 494 1363 conabitur
520 1331 643 1375 pater‚
674 1325 851 1364 silebitne
877 1324 1023 1364 filius‘?'
1072 1327 1216 1366 ‘Immo
1245 1340 1334 1366 vero
1363 1328 1581 1367 obsecrabit

174 1385 336 1431 patrem,
359 1392 407 1418 ne
427 1380 464 1419 id
482 1381 602 1420 saciat.
641 1381 680 1419 Si
698 1382 791 1421 nihil
809 1382 993 1434 proficiet,
1010 1383 1215 1430 accusabit,
1233 1384 1441 1423 minabitur
1456 1385 1582 1432 etiam,

175 1436 220 1475 ad
239 1442 467 1485 extremum,
491 1438 522 1475 si
544 1438 588 1476 ad
611 1438 819 1489 perniciem
842 1439 986 1490 patriae
1005 1452 1067 1478 res
1090 1440 1291 1492 spectabit,
1314 1440 1457 1492 patriae
1479 1441 1582 1480 salu-

175 1498 250 1532 tem
274 1499 482 1544 anteponet
503 1494 614 1534 saluti
635 1495 782 1546 patriS.'
821 1495 978 1543 Quaerit
999 1497 1129 1544 etiam,
1152 1497 1203 1536 ‘si
1227 1497 1382 1549 sapiens
1402 1497 1582 1537 adulteri-

175 1562 248 1588 nos
270 1562 455 1589 nummos
478 1551 667 1603 acceperit
696 1552 922 1604 imprudens
950 1565 1023 1604 pro
1051 1553 1185 1600 bonis,
1218 1567 1305 1593 cum
1332 1554 1367 1593 id
1397 1554 1581 1600 rescierit,

175 1606 424 1646 soluturusne
446 1607 495 1646 sit
516 1621 595 1655 eos,
618 1608 649 1647 si
672 1609 730 1648 cui
754 1608 910 1656 debeat,
932 1622 1004 1661 pro
1027 1609 1168 1649 bonis.'
1207 1610 1397 1661 Diogenes
1420 1611 1480 1659 ait,
1501 1611 1582 1650 An-

173 1766 218 1797 ist
234 1765 286 1797 die
304 1765 556 1808 urspriinglicbe
572 1766 764 1808 Bedeutung
781 1766 839 1798 des

173 1809 325 1842 XVortes.

219 1858 257 1887 ut
271 1858 386 1898 putat,
416 1856 476 1887 (len
496 1867 532 1887 er
556 1856 610 1888 fiir
628 1858 689 1888 den
709 1857 839 1889 Nutzen

173 1900 257 1940 halt,
287 1900 347 1931 der
365 1910 400 1931 es
418 1901 498 1932 aber
516 1901 546 1932 in
566 1903 625 1933 der
642 1901 729 1934 That
752 1903 841 1934 nicht

173 1946 233 1984 ist,
259 1944 405 1976 insosern
425 1956 462 1977 er
486 1947 544 1977 dci·
562 1947 698 1987 Tugend
718 1947 839 1978 wider—

174 1990 317 2022 streitet.

216 2037 248 2066 si
266 2037 429 2078 potuerit,
462 2037 519 2068 das
550 2036 709 2068 Futurum
741 2047 840 2069 exac—

173 2086 256 2121 tum,
287 2081 364 2112 weil
389 2082 446 2112 das
465 2081 653 2122 Vermb‘gcn
680 2083 738 2114 der
754 2082 839 2114 Aus-

171 2126 314 2167 i'tibrung
331 2127 557 2168 vorhergehen
578 2138 678 2159 muss.

216 2173 387 2213 iniurium,
409 2173 466 2203 das
486 2172 532 2203 w
536 2177 587 2204 ort
607 2173 727 2205 kommt
746 2173 841 2205 meist

173 2227 233 2248 nur
250 2217 299 2249 bei
317 2216 470 2249 sriibcren
486 2217 751 2250 Schriftstcllern
768 2229 838 2250 vor.

172 2261 249 2294 Ter.
269 2262 345 2293 Hec.
364 2261 391 2304 I,
413 2262 446 2302 l,
475 2263 513 2294 15
538 2265 700 2296 inim-[um
727 2266 839 2296 aldem

172 2311 224 2339 est
242 2308 358 2340 ulcisci*
372 2308 598 2341 adversarios.

217 2353 270 2385 Oi).
312 2354 416 2385 sibine
451 2356 591 2396 ulcr-que
627 2355 747 2398 rapiat.
797 2354 839 2384 So

174 2410 212 2429 zu
233 2398 405 2429 sehreiben
433 2398 561 2431 sordert
576 2399 634 2431 der
652 2399 840 2440 Gvgensatz

173 2455 213 2474 mi
232 2444 319 2475 alter
343 2444 437 2475 cedat
461 2444 570 2476 alteri.
629 2445 688 2475 Die
725 2445 838 2476 besten

175 2489 269 2520 uass.
286 2488 388 2520 baben
409 2491 474 2521 sibe·
487 2492 615 2530 neuter,
635 2500 703 2521 was
722 2490 839 2520 keinen

175 2534 363 2574 Gegensatz
381 2534 480 2573 gicht.
523 2536 629 2567 sibino
647 2538 723 2567 ulei·
741 2535 840 2566 liesse

176 2579 243 2609 sich
263 2579 429 2610 viell‹·icht
449 2580 633 2615 scbreibcn,
659 2590 755 2611 wenn
774 2579 839 2611 Cic.

915 1770 991 1800 uter
1019 1768 1048 1799 in
1080 1768 1152 1800 dem
1176 1767 1276 1800 Sinne
1304 1778 1367 1800 von
1397 1767 1484 1801 alter
1506 1771 1584 1801 uter·

914 1818 1026 1854 sagte‚
1056 1814 1136 1845 doch
1154 1814 1278 1855 geniigt
1295 1813 1367 1845 eine
1386 1813 1492 1846 Stelle
1515 1814 1580 1846 wie

914 1859 944 1889 in
965 1858 1061 1890 verr.
1092 1858 1149 1897 ΙΙΙ,
1178 1859 1234 1898 14,
1253 1858 1311 1899 35,
1341 1868 1392 1890 wo
1422 1868 1482 1891 aus
1511 1860 1582 1892 dem

914 1903 1011 1935 Edict
1024 1904 1114 1935 eines
1124 1903 1281 1936 Praetors
1295 1903 1472 1945 angei'iibrt
1486 1905 1584 1936 wird:

913 1950 945 1979 si
972 1951 1048 1980 nter·
1071 1948 1172 1991 volet,
1203 1952 1459 1993 recuperatores
1484 1949 1580 1990 dabo,

913 1994 995 2025 noch
1015 1994 1103 2025 nicht
1121 1994 1234 2025 diesen
1253 1994 1425 2026 Gebrauch
1443 1993 1498 2026 fiir
1515 1994 1581 2026 Cic.

915 2049 954 2069 zu
974 2039 1148 2070 erweisen.

956 2084 1110 2116 micando
1120 2097 1130 2116 :
1149 2095 1177 2115 z.
1198 2085 1227 2125 ξ.
1250 2085 1301 2116 77.

956 2131 1070 2173 patria
1090 2132 1245 2173 praestat
1268 2131 1420 2163 omnibus
1445 2130 1581 2174 officiis,

914 2175 964 2205 die
994 2174 1148 2206 Pssichten
1179 2185 1284 2216 gegen
1317 2176 1376 2207 das
1400 2175 1582 2208 Vaterland

914 2220 1029 2252 steben
1045 2220 1148 2251 hoher
1163 2220 1213 2252 als
1228 2221 1294 2252 alle
1307 2221 1453 2253 anderen
1467 2220 1582 2252 Pssic-h-

914 2270 980 2296 ten.

959 2311 1147 2353 accusabit,
1176 2311 1205 2342 d.
1227 2311 1246 2343 i.
1266 2310 1466 2352 obiurgabit,
1493 2311 1581 2342 vitu-

915 2355 1067 2396 perabit;
1101 2354 1139 2396 Π,
1161 2356 1211 2396 15,
1230 2356 1283 2388 53.

959 2400 1011 2431 91.
1056 2400 1195 2440 Quaerit
1229 2401 1326 2433 niiml.
1351 2401 1493 2442 Hecato,
1524 2401 1582 2433 der

914 2446 965 2476 die
979 2445 1156 2477 Ansichten
1176 2446 1235 2477 des
1250 2446 1414 2487 Diogenes
1432 2447 1497 2478 und
1512 2449 1581 2478 An-

915 2491 1038 2532 tipater
1069 2490 1234 2522 anffibrte.
1282 2491 1358 2532 vgi.
1384 2490 1416 2533 ξ.
1436 2492 1494 2532 51,
1528 2501 1580 2524 wo

914 2535 1005 2567 diese
1050 2535 1266 2578 Philosophen
1309 2536 1454 2568 dieselbe
1496 2535 1580 2568 Mei-

915 2581 1311 2621 nungsverschiedenheit
1328 2582 1455 2622 zeigen.
