1684 2819
13 2321 17 2411 l

14 2425 19 2511 ῑ

16 2539 21 2598 ι

524 201 686 234 LIBER
704 201 744 234 V.
766 202 1018 238 32105109.

1383 201 1459 241 261

72 319 199 371 piente
222 318 322 358 enim
351 317 444 357 haec
473 316 598 356 omnis
630 316 755 356 oratio
787 324 868 365 est,
904 317 962 356 cui
992 317 1078 357 iure
1108 317 1147 356 id
1181 317 1354 357 accidere
1387 331 1464 357 non

73 376 215 428 possit3
250 388 337 414 nam
361 374 446 414 iure
470 374 717 413 exsulantem
740 374 933 414 consolari
956 387 1034 413 non
1061 380 1228 427 oportet.
1263 374 1464 414 Postremo
1485 382 1547 413 108

72 432 119 471 ad
141 444 274 471 omnes
297 444 409 471 casus
433 430 611 470 facillima
643 431 741 470 ratio
773 437 832 470 est
861 443 994 470 eorum
1012 462 1021 479 ,
1059 431 1120 483 qni
1151 432 1197 470 ad
1228 431 1463 484 voluptatem

72 501 117 528 ea
140 488 336 536 referunt,
362 500 461 540 quae
483 494 700 540 sequuntur
721 487 759 526 in
783 487 878 536 vita,
903 494 961 536 ut,
992 501 1222 541 quocunque
1255 489 1349 528 haec
1379 489 1464 529 loco

71 544 360 598 suppeditetur,
388 543 440 583 ibi
462 544 574 584 beate
597 550 739 596 queant
759 543 909 584 viv.ere
947 543 1078 596 Itaque
1100 544 1145 583 ad
1170 558 1322 584 omnem
1347 546 1466 585 ratio-

72 615 157 641 nem
182 601 322 641 Teucri
344 615 424 641 vox
446 601 732 640 accommodari
755 607 902 653 potest:

517 683 573 686 —
594 656 740 697 Pdtmz
763 663 836 705 est,
863 656 1090 709 abecmzqete
1110 656 1172 696 cst
1191 645 1298 697 bene.

72 714 255 754 Socrates
289 714 442 767 quidem
481 729 594 767 quum
632 720 862 766 rogaretur,
902 712 1064 751 cuiatem
1098 727 1139 752 se
1172 727 1258 753 esse
1293 715 1463 755 diceret:

26 816 29 827 s
70 770 333 820 Mundanum,
367 770 509 824 inquit.
544 744 701 809 Totiuso
716 770 817 809 enim
848 768 976 808 mundi
1010 782 1053 808 se
1081 768 1245 809 incolam
1278 777 1315 809 et
1344 772 1467 811 civem

71 824 346 867 arbitrabatur.
373 827 469 878 Quid
492 827 537 875 T.
559 826 772 866 Albucius?
795 839 921 865 nonne
945 825 1072 864 animo
1096 827 1329 878 aequissimo
1347 827 1468 868 Athe-

71 883 131 923 nis
155 884 268 923 exsul
289 882 662 937 philosophabatur?
698 883 759 923 cui
788 890 917 922 tamen
948 882 1042 922 illud
1064 882 1187 935 ipsum
1211 897 1287 922 non
1310 884 1469 925 accidis-

71 947 152 989 set,
187 940 219 980 si
250 942 289 979 in
319 954 362 980 re
391 940 541 994 publica
572 939 777 993 quiescens
801 939 956 993 Epicuri
978 938 1129 992 legibus
1152 941 1361 993 paruisset.
1396 940 1469 992 Qui
1488 949 1550 980 105}

72 996 173 1037 enim
195 996 346 1036 beatior
368 997 586 1050 Epicurus,
620 997 719 1050 quod
750 996 790 1035 in
822 996 946 1049 patria
977 996 1158 1045 vivebat,

1193 1011 1304 1049 quam
1322 1028 1331 1046 ,
1367 999 1466 1050 quod

70 1052 260 1102 Athenis,
294 1054 572 1094 Metrodorus?
598 1060 663 1093 aut
686 1054 728 1093 Pl
732 1060 795 1092 tto
818 1054 1085 1093 Xenocratem
1110 1053 1289 1093 vincebat
1310 1062 1375 1094 aut
1395 1055 1469 1094 Po-

71 1110 171 1150 lemo
197 1109 438 1161 Arcesilam,
474 1125 569 1166 quo
574 1118 686 1160 esset
714 1111 888 1163 beatiox.
876 1111 893 1138 ‘²
932 1109 1074 1160 Quanti
1106 1124 1200 1150 xelo
1229 1113 1303 1150 ista
1332 1111 1468 1152 civitas

71 1167 311 1208 aestimanda
334 1174 408 1217 est,
429 1181 478 1207 ex
498 1182 571 1220 qua
590 1157 679 1207 boni
696 1167 969 1221 sapientesque
991 1166 1214 1220 pelluntur?
1237 1168 1469 1208 Damalatus

70 1291 124 1324 Ill.
145 1293 178 1332 4,
199 1292 217 1323 S
236 1303 277 1323 zu
294 1292 331 1323 id
347 1310 390 1314 --
405 1294 604 1331 Insaniam,
626 1292 680 1331 31,
695 1292 735 1322 70

70 1348 111 1369 zu
146 1341 184 1369 ut
212 1338 422 1381 Cyrenaici,-
457 1336 512 1368 1V.
540 1338 580 1377 S,
611 1338 649 1369 18
685 1347 736 1368 arn

70 1382 179 1419 Ende;
199 1383 252 1424 13,
265 1384 307 1414 30
320 1394 361 1415 zu
374 1384 736 1425 etpertractatzsone.)

71 1429 120 1460 Da
136 1440 199 1460 nun
213 1431 349 1471 polerit
364 1429 432 1460 sich
449 1429 480 1460 in
496 1429 625 1470 einigen
642 1429 735 1461 codd.

70 1474 222 1506 wirklich
242 1475 342 1506 findet
369 1475 433 1506 und
460 1474 511 1505 ein
540 1477 735 1515 ignominia

72 1520 176 1551 neben
190 1520 261 1551 dem
274 1521 397 1551 andern
413 1520 515 1552 leicht
527 1520 735 1561 ausgefallen

72 1566 142 1597 sein
160 1566 244 1596 kann
262 1564 484 1605 (vgl.111.34,
498 1565 538 1597 82
553 1565 734 1604 sustulit),

71 1622 106 1643 so
152 1611 321 1642 erscheint
367 1611 418 1641 die
464 1610 736 1650 aufgenommene

72 1656 326 1697 Verbesserung
358 1666 421 1687 von
457 1655 562 1687 Orelli
600 1656 649 1687 als
683 1656 735 1687 die

72 1701 257 1734 einfachste
283 1701 346 1733 und
375 1701 605 1733 natiirlichste.

120 1748 193 1779 103.
216 1747 262 1778 ad
278 1747 497 1788 voluptate-m
517 1748 737 1789 referunt:

71 1795 253 1835 voluptate
270 1796 479 1824 metiantur.

118 1849 208 1880 quae
232 1842 430 1879 sequuntur
455 1840 488 1869 ῖη
516 1840 610 1869 vita:
642 1848 738 1878 „wo-

74 1884 155 1916 naeh
183 1884 231 1915 sie
256 1884 298 1915 im
324 1883 435 1915 Leben
463 1884 658 1914 trachten“.

118 1932 260 1970 queant,
296 1940 322 1960 s.
351 1939 393 1960 zu
419 1928 460 1961 ll.
490 1928 545 1969 27,
573 1929 628 1960 65.
657 1927 733 1969 Vgl.

73 1980 172 2006 unten
190 1975 246 2016 41,
267 1974 306 2006 85
322 1987 327 2006 :
352 1974 553 2017 quassarre
570 1985 733 2016 nequeas,

115 2021 239 2052 Patrta
259 2025 338 2060 etc.,
359 2020 511 2052 aus2den1
529 2018 660 2052 Teucer
678 2020 735 2051 des

71 2065 247 2098 Pacuvius.
284 2065 431 2106 (Teucer
456 2065 625 2097 wanderte
653 2066 733 2096 nach

72 2112 130 2143 der
140 2111 318 2143 Heimkehr
329 2122 391 2142 von
401 2110 519 2152 Troja,
534 2122 596 2142 von
611 2111 735 2143 seinem

72 2156 176 2189 Vater
192 2162 395 2197 verstossen,
414 2157 495 2188 nach
511 2156 641 2199 Cypern
661 2166 734 2196 aus,

71 2213 121 2234 wo
145 2213 180 2234 er
203 2203 256 2234 die
276 2203 372 2234 Stadt
390 2202 532 2234 Salamis
558 2203 734 2243 griindete.

72 2247 147 2289 Vgl.
168 2248 247 2280 Hor.
269 2248 377 2280 Carm.
400 2247 426 2279 Ι.
444 2249 474 2278 7.
481 2248 493 2287 )
520 2248 624 2279 Arist.
645 2247 734 2279 Plut.

75 2294 178 2326 1151:
203 2294 341 2346 πατρὶς
364 2290 434 2346 γάρ
459 2291 533 2325 ἐστι
563 2289 661 2331 πᾶσᾏ
690 2289 731 2325 ἵν

73 2333 95 2370 t’?
98 2348 118 2371 ν
135 2335 277 2384 πράττη
297 2350 351 2376 τις
369 2333 419 2370 εὖ.

117 2385 371 2425 Mundanmn,
379 2385 444 2424 ‚ein
465 2384 732 2425 Weltbuiger“,

73 2440 135 2461 von
155 2429 269 2462 Cice10
294 2410 391 2472 (nadh
411 2427 571 2472 κόσμιος)
591 2440 654 2461 neu
681 2440 735 2471 ge-

75 2475 190 2507 bildet.
211 2494 251 2498 —
285 2476 365 2508 Dies
383 2476 632 2518 Apophthegma
650 2476 733 2507 wird

15 2512 19 2532 ²
75 2521 162 2552 &fter
180 2521 369 2563 angeffihrt,
386 2532 448 2553 von
463 2521 596 2553 Andern
612 2521 733 2563 jedoch

76 2567 201 2598 andern
219 2566 439 2610 Philosophen
465 2567 642 2608 beigelegt.

124 2611 161 2644 Τ.
177 2612 355 2653 Albucius,
377 2613 436 2644 der
454 2613 553 2644 sehon
573 2612 735 2653 alsJiing-

18 2646 22 2685 1¹
75 2657 145 2698 ling
169 2658 201 2689 in
220 2657 324 2689 Athen
350 2669 461 2700 paene
493 2658 645 2690 Graecus
670 2658 735 2689 und

804 1292 986 1334 [wtsseclzls
999 1292 1193 1332 Epicureas
1211 1293 1387 1332 geworden
1404 1303 1474 1324 war

809 1338 918 1377 (Brut.
940 1338 993 1377 35,
1014 1337 1106 1377 131),
1127 1338 1240 1369 wurde
1262 1339 1342 1370 nach
1363 1339 1474 1370 seiner

806 1383 929 1414 Priitur
946 1383 978 1414 in
998 1382 1175 1415 Sardinien
1199 1384 1258 1415 103
1277 1394 1339 1415 von
1360 1384 1397 1416 C.
1417 1383 1471 1415 Ju-

807 1429 871 1460 lius
888 1428 994 1460 ciis-ar
1007 1428 1125 1460 Strabo
1146 1430 1189 1470 (s.
1211 1429 1263 1469 10,
1279 1430 1339 1471 55)
1358 1440 1470 1471 wegen

807 1474 1059 1516 Erpressungen
1080 1474 1272 1515 augeklagt,
1293 1476 1357 1506 und
1380 1476 1470 1516 ging,

806 1520 1025 1560 verurtheilt,
1061 1520 1111 1551 ins
1139 1519 1215 1551 Exss
1243 1521 1325 1552 nach
1348 1520 1469 1552 Athen.

807 1565 881 1606 Vgl.
904 1566 942 1596 de
962 1565 1017 1596 fin.
1039 1565 1065 1596 I.
1085 1567 1118 1597 3.

851 1611 998 1652 Epicuri
1013 1611 1160 1652 legibus.
1181 1610 1248 1641 Der
1257 1609 1371 1642 KVeise
1387 1611 1470 1642 nach

806 1655 877 1687 E.’s
896 1656 998 1687 Sinne
1025 1656 1122 1687 sollte
1145 1666 1185 1687 an
1205 1656 1264 1687 der
1282 1655 1472 1688 Staatsver-

806 1701 954 1742 waltung
987 1712 1048 1741 gar
1077 1701 1167 1733 nicht
1192 1700 1289 1733 Theil
1317 1702 1468 1734 nehmen.

806 1743 915 1778 Asiae
948 1743 1088 1789 βιώσας
1105 1751 1115 1778 !
1155 1757 1227 1778 war
1259 1747 1328 1778 sein
1354 1747 1472 1779 Waht-

807 1793 941 1834 spruch.

856 1838 930 1868 109.
964 1838 1031 1879 Qui
1048 1840 1136 1868 enim
1157 1843 1220 1869 etc.
1241 1838 1376 1869 bezieht
1401 1838 1469 1870 sich

807 1882 1003 1914 ausPatrta
1019 1887 1080 1923 esf,
1096 1884 1290 1924 zlbt'canque
1305 1887 1358 1915 est
1376 1885 1468 1915 bene.

852 1931 887 1959 [η
912 1931 1049 1968 patrea.
1096 1928 1158 1970 Ep.
1188 1939 1271 1970 war,
1300 1930 1383 1960 nach
1413 1929 1471 1960 der

806 1974 1055 2013 gewiihnlichen
1075 1974 1256 2014 Annahme,
1277 1974 1341 2006 332
1361 1975 1402 2006 im
1423 1980 1472 2006 at-

806 2020 934 2051 tisehen
954 2019 1074 2051 Demos
1094 2019 1272 2061 Gargettos
1292 2021 1448 2060 geboren.

850 2065 1079 2097 Metrodorus
1098 2066 1141 2097 ist
1164 2066 1247 2105 hier,
1268 2066 1372 2097 neben
1392 2066 1470 2108 Epi-

806 2121 877 2148 cur,
899 2110 1155 2142 unzweil'elhaft
1180 2111 1241 2143 auf
1265 2112 1326 2143 den
1354 2122 1466 2152 sogen.

804 2156 1049 2198 Lampsacener
1080 2156 1125 2198 (S.
1154 2156 1193 2188 ll.
1216 2158 1248 2197 3,
1269 2157 1302 2198 S)
1324 2168 1379 2194 ,zu
1413 2157 1483 2188 be-

804 2203 932 2233 ziehen.
954 2201 1014 2233 Die
1026 2201 1274 2243 Vergleichung
1287 2205 1331 2234 ist
1345 2204 1471 2242 eigent-

804 2248 868 2278 lich
896 2248 985 2278 nicht
1009 2248 1164 2289 passend.

848 2293 951 2324 Plato
969 2293 1035 2323 und
1053 2293 1192 2324 Polemo
1211 2291 1256 2335 (s.
1272 2291 1314 2324 V.
1336 2294 1389 2333 10,
1409 2293 1468 2335 30)

805 2339 949 2379 geborne
974 2337 1133 2379 Athener,
1163 2338 1378 2370 Xenocrates
1404 2340 1467 2369 und

805 2384 981 2416 Arcesilas
1000 2384 1248 2425 eingewandert
1269 2386 1311 2423 (s.
1333 2383 1349 2425 ξ
1372 2384 1465 2426 107).

849 2431 1009 2461 m'ncebat
1026 2449 1063 2452 —
1081 2441 1148 2472 qao
1168 2434 1258 2461 esset
1275 2431 1412 2461 beatior·
1424 2445 1467 2454 Ξ

806 2476 965 2507 vinc-abac
991 2477 1093 2507 beata
1116 2478 1200 2507 usta.

848 2522 1072 2553 Damaratus
1098 2520 1166 2562 (die
1185 2520 1335 2552 dorische
1354 2519 1465 2560 Form,

805 2566 887 2598 nach
908 2566 968 2598 den
987 2566 1123 2598 bessern
1141 2567 1251 2602 codd..
1274 2566 1468 2597 siirDema-

804 2613 934 2651 ratus).
970 2612 1206 2644 Ausfiihrlich:
1242 2611 1316 2642 Liv.
1348 2611 1372 2643 I.
1402 2612 1465 2651 343

804 2657 901 2689 Dion.
922 2657 995 2689 Hal.
1018 2657 1077 2689 ΙΙΙ.
1098 2658 1153 2689 46.
