1684 2819
528 157 770 191 LIBERIH.
793 159 847 200 10,
867 159 922 191 23.
960 159 1014 201 11,
1034 158 1090 190 24.
1435 158 1514 197 127

107 274 200 315 mihi
224 288 302 314 non
325 287 421 313 sane
452 272 631 326 probant.
672 272 795 313 Omne
818 273 920 313 enim
950 273 1095 313 malum
1110 303 1121 322 ,
1156 272 1273 313 etiam
1295 272 1509 321 mediocre,

109 331 250 371 malum
274 337 358 379 est3
392 343 465 370 nos
488 336 617 370 autem
640 329 677 369 id
700 330 851 383 agimus
866 360 875 377 ,
913 336 954 369 ut
972 330 1010 369 id
1032 329 1073 369 in
1096 328 1273 382 sapiente
1294 329 1444 369 nullum
1467 329 1518 369 sit

109 387 281 428 omnino.
334 386 435 426 Nam
466 393 508 426 ut
541 399 708 440 corpus,
752 386 869 427 etiam
901 386 933 426 si
964 385 1216 426 mediocriter
1243 399 1403 440 aegrum
1437 393 1512 435 est,

108 458 245 484 sanum
268 457 346 482 non
370 450 452 483 est:
478 442 536 483 sic
558 443 597 482 in
620 443 751 483 animo
773 443 850 483 ista
871 442 1123 483 mediocritas
1146 449 1254 483 caret
1275 443 1461 482 sanitate.

221 511 355 563 Itaque
385 510 588 564 praeclare
610 511 758 560 nostri,
791 518 834 551 ut
855 511 932 550 alia
955 511 1075 550 multa
1091 541 1101 559 ,
1133 510 1376 559 molestiam,
1409 509 1515 550 solli-

108 568 343 616 citudinem,
370 580 558 621 angorem
582 574 742 621 propter
762 566 1055 608 similitudinem
1078 581 1284 621 corporum
1307 581 1515 620 aegrorum

109 624 394 678 aegritudinem
428 624 747 664 nominaverunt.
801 623 884 663 Hoc
916 624 1194 676 propemodum
1226 624 1348 664 verbo
1355 598 1518 664 ⁰Graeci
1539 630 1582 662 23

109 695 259 721 omnem
295 681 415 720 animi
445 680 777 743 perturbationem
800 679 1019 732 appellant,
1054 686 1201 719 vocant
1223 680 1325 719 enim
1348 677 1514 730 πάθος,

105 738 144 778 id
167 745 227 777 est
247 737 450 785 morbum,
485 737 703 799 quicunque
726 743 786 776 est
808 743 936 776 motus
967 736 1007 775 in
1036 736 1165 775 animo
1198 735 1389 776 turbidus.
1432 736 1516 776 Nos

106 794 272 843 melius3
307 793 437 846 aegris
460 792 564 831 enim
587 791 815 856 corporibus
839 792 1036 832 simillima
1059 792 1178 831 animi
1201 798 1262 832 est
1283 794 1512 845 aegritudo·
1505 824 1514 842 ,

106 857 144 890 at
165 863 244 889 non
261 848 400 889 similis
417 848 700 913 aegrotationis
723 855 783 889 est
803 848 939 897 libido,
964 862 1042 888 non
1064 848 1325 888 immoderata
1349 849 1515 895 laetitia,

105 919 205 959 quae
227 912 288 946 est
305 905 483 958 voluptas
501 905 621 945 animi
644 906 745 945 elata
768 912 807 944 et
827 905 1018 959 gestiens.
1053 904 1140 958 Ipse
1159 906 1275 945 etiam
1293 912 1420 945 metus
1439 919 1517 945 non

106 969 167 1003 est
183 962 309 1002 morbi
327 962 530 1002 admodum
544 962 700 1011 similis,
716 975 949 1014 quamquam
962 961 1199 1015 aegritudini
1224 968 1285 1001 est
1303 961 1513 1010 finitimus,

106 1019 174 1059 sed
198 1018 353 1072 proprie
367 1049 376 1067 ,
412 1026 456 1058 ut
477 1019 698 1072 aegrotatio
720 1018 761 1058 in
783 1032 949 1072 corpore
964 1049 974 1066 ,
1009 1019 1065 1058 sic
1087 1018 1292 1072 aegritudo
1322 1018 1363 1058 in
1385 1019 1514 1058 animo

106 1089 250 1115 nomen
269 1075 384 1115 habet
399 1089 478 1115 non
494 1076 712 1116 seiunctum
732 1089 753 1115 a
772 1075 923 1115 dolore.
958 1075 1116 1115 Doloris
1133 1075 1247 1115 huius
1264 1075 1388 1127 igitur
1405 1075 1517 1128 origo

107 1131 220 1172 nobis
251 1132 484 1185 explicanda
507 1139 591 1181 est,
625 1132 661 1172 id
694 1138 755 1173 est.
786 1145 927 1173 caussa
959 1132 1128 1172 efficiens
1160 1131 1449 1185 aegritudinem
1478 1132 1517 1170 in

108 1189 260 1238 animo,
295 1195 490 1241 tamquam
523 1189 835 1242 aegrotationem
874 1189 912 1228 in
944 1201 1122 1242 corpore.
1171 1187 1271 1228 Nam
1306 1194 1349 1228 ut
1379 1188 1519 1227 medici

107 1258 245 1285 caussa
263 1244 387 1284 morbi
409 1245 572 1285 inventa
590 1245 835 1285 curationem
858 1258 946 1286 esse
968 1245 1169 1284 inventam
1193 1251 1343 1298 putant,
1368 1244 1425 1285 sic
1448 1258 1520 1284 nos

107 1315 246 1342 caussa
268 1301 527 1354 aegritudinis
550 1308 707 1355 reperta
729 1302 911 1341 medendi
934 1301 1159 1342 facultatem
1181 1300 1441 1355 reperiemus.

219 1369 290 1409 Est
315 1368 434 1422 igitur
453 1383 591 1410 caussa
610 1370 736 1409 omnis
761 1370 801 1410 in
828 1369 1076 1423 opinione,
1098 1383 1170 1409 nec
1187 1382 1284 1409 vero
1306 1368 1519 1422 aegritudi-
1535 1367 1585 1412 11

106 1425 166 1466 nis
190 1426 330 1475 solum,
359 1427 428 1466 sed
451 1426 568 1466 etiam
586 1426 826 1479 reliquarum
846 1426 1017 1466 omnium
1041 1425 1396 1478 perturbationum,
1422 1438 1520 1477 quae
1542 1432 1584 1463 24

70 1496 75 1500 ·
106 1489 198 1522 sunt
219 1495 366 1535 genere
389 1490 596 1535 quattuor,
630 1483 807 1536 partibus
830 1483 976 1536 plnres.
1019 1482 1119 1522 Nam
1142 1497 1258 1535 quum
1282 1482 1408 1521 01111115
1431 1495 1519 1534 per-

107 1538 278 1578 turbatio
311 1539 362 1579 sit
391 1539 510 1579 animi
541 1547 670 1579 motus
694 1540 756 1579 vel
788 1539 951 1579 rationis
975 1552 1120 1592 expers
1142 1539 1205 1578 vel
1234 1539 1429 1578 rationem
1452 1538 1518 1577 ad-

107 1607 300 1647 spernans
322 1594 385 1634 vel
406 1595 550 1635 rationi
583 1610 659 1635 non
685 1595 894 1643 obediens,
928 1595 1042 1647 isque
1073 1601 1202 1634 motus
1235 1601 1302 1633 aut
1332 1595 1424 1634 boni
1456 1601 1522 1633 aut

106 1650 196 1691 mali
219 1650 402 1703 opinione
425 1651 588 1691 citetur:
624 1651 806 1691 bifariam
830 1658 1014 1704 quattuor
1038 1651 1353 1704 perturbationes
1376 1665 1519 1703 aequa-

107 1707 199 1747 liter
220 1707 452 1747 distributae
475 1715 580 1748 sunt.
623 1707 722 1747 Nam
746 1708 845 1747 duae
877 1714 969 1747 sunt
997 1721 1050 1747 ex
1072 1707 1254 1760 opinione
1277 1707 1391 1755 boni,
1427 1720 1519 1759 qua-

108 1778 195 1803 rum
221 1764 344 1803 altera
367 1764 558 1818 voluptas
577 1767 778 1818 gestiens,
813 1764 851 1804 id
873 1771 933 1804 est
954 1770 1115 1817 praeter
1136 1764 1292 1803 modum
1315 1763 1416 1802 elata
1439 1764 1519 1802 lae-

112 1820 197 1860 titia
221 1820 405 1873 opinione
427 1820 647 1873 praesentis
670 1821 802 1873 magni
825 1820 988 1860 alicuius
1011 1820 1126 1868 honi,
1162 1820 1302 1869 altera,
1338 1833 1437 1871 quae
1461 1826 1521 1859 est

156 1977 223 1998 non
240 1977 324 1997 sane
352 1966 471 2006 „nicht
498 1966 618 1998 recht“
647 1967 781 1998 mildert

109 2012 162 2044 die
181 2010 345 2052 Negation
366 2012 447 2053 (vgl.
469 2012 522 2052 21,
544 2014 638 2044 5111.
659 2011 700 2043 V.
724 2013 778 2051 14,

108 2058 187 2097 40),
222 2057 381 2089 wiihrend
416 2068 502 2089 sane
525 2068 592 2089 non
628 2057 676 2089 sie
702 2068 780 2089 ver-

850 1966 1017 1997 berdende
1036 1966 1122 1997 Lust
1140 1966 1359 2006 derSeele“;
1380 1966 1449 2007 vgl.
1470 1966 1523 2006 11,

851 2012 893 2043 24
912 2011 977 2043 und
997 2010 1051 2043 lv.
1073 2012 1106 2052 6,
1130 2011 1183 2042 12.

895 2067 1018 2088 nomen
1034 2075 1078 2080 —
1093 2067 1114 2088 α
1131 2057 1273 2088 dolore:
1303 2057 1376 2097 „ist
1394 2056 1446 2087 ein
1467 2056 1527 2087 Be-

109 2102 230 2134 st'arkt.

152 2160 190 2191 id
207 2162 365 2201 agimus,
386 2163 430 2191 ut
446 2178 486 2182 ——
506 2162 573 2199 sit,
605 2159 658 2191 fiir
678 2163 720 2191 ut
738 2177 776 2182 —

110 2215 181 2236 esse
216 2205 398 2245 videatur,
452 2205 600 2236 dieselbe
630 2205 783 2236 Brevilo-

109 2260 228 2292 quenz,
256 2250 381 2282 welche
402 2251 455 2281 bei
475 2251 611 2290 efficere
631 2254 673 2282 zet
696 2250 782 2290 „be-

107 2297 246 2335 weisen,
269 2296 372 2327 dass“
394 2306 469 2327 zum
489 2295 624 2327 Grunde
646 2296 739 2336 liegt.

154 2357 208 2388 23.
237 2360 356 2399 aegris
376 2360 466 2389 enim
483 2358 702 2399 corporibus,
723 2358 782 2389 ab—

109 2403 269 2443 gekiirzte
290 2402 536 2444 Vei-gleichung
556 2403 628 2434 fiir:
657 2413 783 2444 aegro-

110 2457 187 2491 rum
207 2458 397 2490 corporum
416 2451 552 2489 stated,-
574 2450 635 2480 wie
652 2449 676 2480 1.
695 2449 724 2489 1,
740 2450 779 2480 2:

111 2503 184 2525 cum
208 2493 355 2525 Graecia
374 2498 460 2526 sunt
477 2495 703 2535 eonferenda.

158 2555 251 2586 elata
267 2559 302 2587 et
317 2558 471 2596 gestiens
493 2556 596 2596 „eine
611 2556 784 2596 ausgelas-

114 2609 191 2630 sene
218 2601 283 2631 und
308 2601 599 2633 leidenschat'tlich
629 2601 697 2632 sich
726 2611 783 2641 ge-

850 2102 946 2143 griff,
977 2102 1036 2133 der
1059 2113 1120 2133 von
1151 2102 1223 2133 dem
1252 2102 1309 2133 des
1328 2102 1525 2133 Schmerzes

850 2148 941 2179 nicht
960 2152 1115 2188 getrennt
1132 2148 1267 2178 werden
1288 2147 1421 2179 kann&

897 2189 955 2228 11.
983 2194 1039 2225 24.
1060 2194 1243 2234 partibus.
1297 2193 1388 2223 Pars
1412 2191 1526 2234 (nicht

852 2237 1000 2279 speeies)
1037 2239 1082 2269 ist
1117 2238 1159 2268 im
1193 2237 1431 2269 Lateinisehen
1467 2237 1526 2267 der

851 2283 985 2314 iibliche
1005 2282 1195 2323 Gegensatz
1222 2293 1285 2314 von
1312 2293 1439 2324 genus.
1482 2282 1525 2313 So

852 2328 893 2360 V.
916 2329 971 2365 25,
993 2330 1056 2359 71:
1083 2338 1213 2369 genera
1238 2333 1431 2370 partesque
1458 2330 1527 2358 vir-

853 2377 982 2405 tutum.

898 2421 997 2461 isque
1020 2423 1138 2451 motus
1156 2438 1198 2442 —
1219 2421 1366 2451 citetur.
1406 2419 1526 2450 Cz'lare

854 2464 1148 2505 ,‚hervorrufen“,
1178 2465 1260 2496 auch
1283 2464 1307 2496 1.
1330 2465 1384 2503 10,
1404 2464 1446 2494 20
1466 2463 1526 2493 mit

853 2510 1072 2550 s'achlichem,
1102 2515 1195 2541 sonst
1213 2520 1276 2541 nur
1292 2510 1351 2540 mit
1376 2508 1523 2549 personl.

855 2555 989 2597 object.

900 2603 1063 2642 opinione
1080 2601 1182 2640 hangt
1200 2610 1262 2631 von
1284 2600 1380 2630 elata
1400 2598 1451 2629 ab.
