1684 2819
105 667 124 698 io

169 155 222 194 20
656 152 1092 192 LIBER1.12‚27.2S.

169 263 272 304 enim
297 263 497 313 arduum),
524 260 699 311 docebis,
735 274 872 302 carere
895 262 1126 302 omnimalo
1149 268 1330 302 mortem.
1373 261 1457 315 Ego
1481 260 1584 301 enim

167 319 270 361 istud
293 319 419 373 ipsum
442 330 587 358 vereor
610 329 659 356 ne
681 317 823 356 malum
847 317 922 367 sit,
956 332 1035 358 non
1068 318 1153 358 dico
1178 330 1313 358 carere
1335 331 1480 366 sensu,
1516 317 1585 357 sed

168 377 379 417 carendum
410 386 514 415 esse.
559 373 622 413 ΔΠ.
656 373 895 414 Auctoribus
925 374 1078 427 quidem
1109 375 1156 414 ad
1186 375 1303 416 istam
1332 374 1583 425 sententiam,

168 447 281 486 quam
313 433 374 472 vis
407 430 601 477 obtineri,
646 429 702 469 uti
734 429 892 483 optimis
924 444 1156 483 possumus,
1201 431 1302 484 quod
1331 430 1371 470 in
1403 430 1584 470 omnibus

167 489 318 530 caussis
347 495 387 527 et
416 485 529 526 debet
559 492 598 526 et
625 487 726 527 solet
747 486 881 527 valere
910 486 1144 540 plurimum:
1180 494 1219 526 et
1240 487 1406 540 primum
1429 487 1584 540 quidem

171 546 275 585 omni
299 544 380 584 anti
412 542 560 593 nitate,
596 556 695 596 quae
729 558 803 596 quo
835 543 994 597 propius
1026 542 1163 583 aberat
1191 543 1239 582 ab
1271 551 1360 584 ortu
1392 551 1430 584 et
1452 543 1584 584 divina

167 557 473 656 progenie‚{lioc
495 599 635 640 melius
658 613 702 640 ea
726 601 911 649 sortasse,
938 613 1037 653 quae
1061 607 1173 640 erant
1194 613 1306 648 vera,
1331 600 1533 640 cernebat.

205 699 214 705 ,
280 657 414 710 Itaque
437 670 555 697 unum
578 655 671 696 illud
703 665 787 697 erat
815 657 973 697 insitum
1007 656 1146 710 priscis
1177 655 1280 705 illis,
1314 670 1411 708 quos
1442 670 1586 696 cascos

167 714 338 768 appellat
358 713 534 762 Ennius,
571 726 661 753 esse
682 714 722 753 in
746 721 874 753 morte
898 726 1056 754 sensum
1072 743 1082 762 ‚
1119 726 1247 765 neque
1280 725 1450 753 excessu
1478 712 1585 753 vitae

166 772 224 812 sic
246 770 369 811 deleri
393 769 615 819 hominem,
649 777 691 810 ut
720 770 893 811 funditus
925 770 1130 819 interiret3
1165 769 1281 822 idque
1312 783 1429 822 quum
1454 769 1585 809 multis

166 827 256 868 aliis
277 826 420 875 rebus,
455 833 536 867 tum
560 840 580 866 e
605 827 801 879 pontificio
824 828 910 868 iure
934 834 974 867 et
995 841 1016 867 e
1039 826 1289 867 caerimoniis
1313 826 1584 879 sepulcrorum

166 883 335 937 intelligi
359 883 476 932 licet,
511 897 606 936 quas
638 883 825 924 maximis
855 883 1027 937 ingeniis
1059 882 1226 935 praediti
1261 895 1331 922 nee
1360 889 1469 922 tanta
1491 896 1586 923 eura

165 941 383 981 coluissent
414 953 487 979 nec
521 939 688 979 violatas
728 947 805 979 tam
846 939 1079 993 inexpiabili
1110 939 1304 992 religione
1334 939 1582 987 sanxissent,

166 997 241 1038 nisi
265 997 450 1036 haereret
471 996 510 1035 in
534 1009 671 1036 eorum
699 995 918 1045 mentibus,
950 1003 1115 1036 mortem
1150 1009 1228 1035 non
1259 995 1462 1045 interitum
1496 1009 1585 1036 esse

165 1054 295 1093 onmia
318 1052 522 1092 tollentem
546 1059 663 1105 atque
687 1053 902 1103 delentem,
940 1053 1007 1093 sed
1031 1052 1225 1106 quandam
1248 1052 1358 1105 quasi
1382 1051 1585 1106 migratio-

167 1123 255 1150 nem
279 1109 708 1162 commutationemque
730 1110 860 1160 vitae,
896 1123 993 1163 quae
1025 1109 1066 1149 in
1097 1109 1214 1150 elaris
1236 1108 1349 1149 viris·
1365 1115 1404 1148 et
1428 1108 1584 1149 feminis

167 1167 249 1207 dux
269 1167 311 1207 in
335 1166 486 1206 caelum
510 1166 655 1206 soleret
679 1179 783 1215 esse,
810 1181 925 1220 quum
951 1166 1075 1207 ceteri
1097 1165 1204 1206 humi
1227 1165 1511 1215 retinerentur,
1543 1172 1586 1205 ut

104 1231 148 1263 28
166 1229 447 1278 permanerent
470 1229 616 1262 tamen.
661 1223 724 1263 Ex
758 1223 830 1263 hoc
860 1230 898 1263 et
930 1230 1157 1263 nostrorum
1181 1222 1365 1276 opinione
1388 1222 1585 1263 Romulus

167 1282 209 1320 in
233 1279 344 1320 caelo
368 1293 458 1319 cum
481 1279 544 1319 dis
565 1281 658 1334 agit
679 1294 834 1330 aevom,
855 1287 897 1320 ut
913 1281 1040 1320 famae
1057 1279 1282 1321 assentiens
1299 1278 1582 1328 dixitEnnius‚

908 1412 1048 1441 sancire
1059 1409 1295 1450 gleichzeitige
1307 1408 1421 1441 Dauer
1432 1408 1490 1440 des
1503 1409 1584 1440 liae-

205 1411 361 1452 prz'mum
391 1409 545 1451 quidem.
580 1409 647 1441 Das
677 1408 838 1452 Entspre-

910 1466 999 1487 rore.
1021 1455 1166 1494 (l’ositiv
1183 1453 1430 1496 ausgedriickt:
1450 1463 1585 1485 sanxe-

162 1454 290 1486 chende
311 1453 395 1494 folgt
413 1460 483 1486 erst
501 1454 518 1496 §
537 1454 593 1486 30.

205 1502 357 1542 propius
383 1501 520 1532 aberat.
547 1499 625 1541 vgl.
646 1500 684 1532 (le
705 1501 771 1541 leg.
795 1500 833 1532 ll.

164 1545 219 1586 11,
240 1545 302 1576 27:
333 1547 502 1587 quoniam
528 1548 735 1588 antiquitas
751 1556 839 1587 pro-

161 1593 257 1623 mima
276 1590 413 1622 accedit
433 1591 481 1622 ad
499 1591 593 1623 deos.

209 1636 265 1667 27.
295 1646 429 1668 caseos.
465 1635 572 1668 Varro
596 1636 635 1668 de
655 1637 737 1678 ling.
758 1636 838 1669 Lat.

162 1680 339 1723 v[1.§282
357 1682 507 1714 Cascam
519 1684 705 1724 sz'grzffical·
719 1686 840 1722 vetus,-

163 1729 239 1758 ez'us
259 1730 360 1769 origo
379 1727 525 1767 Sabina,
544 1738 636 1769 quac
654 1738 764 1771 usque
782 1739 841 1760 ra-

163 1772 256 1804 dices
298 1775 335 1803 z'n
381 1772 504 1804 Oscum
546 1774 706 1814 linguam
749 1776 838 1815 egit.

166 1818 313 1850 Cascam
342 1821 441 1849 vetus
468 1828 540 1849 esse
564 1820 754 1859 sz‘gutfieat
770 1820 840 1851 En-

164 1865 257 1903 nius,
278 1863 374 1905 quod
391 1865 464 1894 ait.-
488 1863 598 1902 Ouam
616 1866 731 1905 prisci
747 1867 843 1896 eusci

160 1909 289 1950 populi
326 1912 470 1940 tenuere
502 1908 640 1941 Latini.
684 1908 759 1951 x'gl.
796 1910 838 1942 Ο.

163 1952 288 1985 Miiller
320 1953 487 1986 Etrusker
523 1955 552 1995 1,
589 1954 623 1986 S.
652 1956 708 1986 41.
749 1954 838 1987 Gell.

162 1997 202 2031 N.
239 1999 281 2030 A.
319 1998 345 2031 Ι.
384 2000 444 2031 10:
495 2000 700 2032 adolescens
741 2012 840 2033 caseo

162 2047 270 2076 nimis
296 2049 332 2076 ol·
356 2049 494 2077 vetuste
513 2046 671 2087 loquens.

209 2100 358 2122 excessu
378 2093 472 2122 vilae
491 2106 537 2116 =
564 2102 711 2123 excessu
730 2104 746 2124 e
766 2095 837 2124 rita

162 2135 218 2176 (de
237 2136 294 2167 fin.
318 2135 376 2167 ΙΙΙ.
401 2137 455 2176 18,
477 2137 545 2175 60).

208 2181 364 2213 violatas
475 2185 685 2214 saaeaeoez'ssent

401 2200 440 2205 —
728 2208 751 2222 ,,
765 2183 836 2214 ihre

162 2225 371 2267 Verletzung
395 2227 454 2258 init
473 2228 580 2260 ciuem
599 2228 835 2260 unsiihnbnren

161 2270 287 2303 Fluche
306 2274 519 2314 verpiinen“.
557 2273 670 2313 vergi.
701 2274 739 2306 ‹lc
763 2275 835 2306 har.

162 2327 251 2360 resp.
273 2318 305 2358 5,
331 2318 365 2349 ll
385 2330 392 2349 ε
422 2319 484 2349 secl
504 2322 663 2360 pre'mum
685 2321 836 2361 expiabo

161 2364 371 2405 religionem
407 2364 549 2395 aedium
585 2376 759 2396 mearum.
793 2384 836 2388 ν

161 2408 232 2440 Zur
249 2407 377 2441 Suebo:
406 2410 446 2441 «le
466 2410 532 2450 leg.
556 2410 597 2441 ll.
619 2410 674 2444 22,
703 2421 753 2441 wo
773 2421 834 2442 von

163 2454 339 2486 einzelnen
353 2456 492 2487 iuribus
503 2455 662 2487 Manium
678 2456 836 2487 ausfiihr-

161 2500 270 2531 licher
288 2500 339 2532 die
359 2500 450 2533 Rede
471 2501 526 2533 ist.

209 2548 281 2577 uisi
306 2547 480 2579 haereret.
518 2546 586 2579 Das
605 2546 834 2589 Imperfectum

163 2589 378 2632 Coujunctivi
399 2592 596 2625 bezeichnet
616 2593 668 2624 die
688 2593 743 2625 mit
763 2593 834 2625 deni

908 1505 1017 1540 runt,-
1046 1511 1126 1532 nam
1151 1501 1321 1532 haerebat
1338 1499 1418 1540 —.)
1449 1498 1583 1531 Ebenso

909 1548 965 1585 37,
987 1548 1049 1577 59:
1079 1549 1111 1577 si
1136 1548 1324 1578 timeretur
1341 1564 1384 1568 --
1403 1555 1471 1576 non
1501 1554 1584 1577 cou-

911 1592 1066 1624 ciclis-set.

956 1647 1063 1680 quum
1085 1638 1196 1668 ceteri
1213 1653 1255 1659 -
1278 1639 1321 1667 ut
1334 1640 1585 1679 permanerem

912 1686 1030 1715 tamen
1051 1683 1112 1722 (=
1133 1684 1185 1714 ita
1212 1685 1328 1714 tamen
1342 1706 1350 1722 ‚
1379 1685 1422 1713 ut
1441 1692 1586 1724 perma-

910 1728 1061 1769 nerent),
1085 1727 1239 1759 Ernestis
1259 1727 1444 1769 conjectur
1459 1727 1514 1759 fiir
1532 1727 1584 1759 die

910 1774 1089 1805 verderbte
1115 1772 1237 1805 Lesart
1262 1773 1323 1805 der
1349 1773 1513 1805 Hdschr.:
1550 1775 1583 1804 in

911 1822 1036 1851 celeris
1052 1820 1070 1850 11
1078 1829 1132 1850 um
1139 1821 1152 1849 ι’
1165 1821 1384 1850 retineretur
1397 1822 1430 1849 et
1440 1828 1540 1860 parm
1547 1829 1586 1850 a-

910 1868 1008 1896 neret
1027 1868 1155 1896 tamen.
1172 1882 1216 1886 —
1233 1862 1368 1896 XVeiter
1385 1863 1585 1904 ausgel'iihrt

912 1911 952 1941 ist
981 1910 1040 1941 der
1059 1909 1219 1941 Gedanke
1247 1910 1345 1950 (nach
1366 1909 1455 1941 Plat.
1476 1908 1585 1941 Phae-

911 1956 990 1996 don)
1003 1966 1066 1986 von
1080 1954 1199 1987 Cicero
1215 1955 1253 1986 de
1266 1965 1338 1997 rep.
1352 1954 1408 1986 w.
1425 1955 1466 1986 20
1479 1960 1581 1987 extra:

908 2001 999 2033 Nam
1018 2012 1136 2033 eorum
1155 2002 1277 2039 animi,
1293 2003 1358 2042 qui
1370 2011 1407 2032 se
1421 2004 1583 2043 eorporis

910 2047 1155 2088 voluptatibus
1166 2045 1382 2078 dediderunt
1391 2056 1583 2088 earumque

907 2104 944 2123 se
958 2095 1065 2133 quasi
1079 2094 1269 2124 ministros
1283 2092 1582 2134 praebuerunt-

909 2139 1118 2179 corporibus
1145 2137 1259 2179 elapsi
1284 2140 1418 2169 circum
1447 2140 1580 2170 terram

909 2186 1025 2225 ipsam
1061 2184 1292 2223 volutantur,
1329 2193 1391 2214 uec
1427 2183 1520 2214 liunt.-
1548 2186 1582 2215 ιή

908 2229 1020 2261 locum
1040 2229 1080 2270 (i.
1095 2239 1125 2260 e.
1146 2231 1179 2260 ιή
1200 2228 1352 2268 caelum)
1371 2230 1443 2260 m'se'
1459 2229 1582 2261 multis

909 2277 1092 2317 ‹uz-agitati
1107 2275 1234 2306 saeclis
1252 2277 1496 2306 revertuntur.

954 2320 1008 2351 25.
1038 2320 1094 2351 E-z·
1122 2321 1186 2352 Ιιοι·
1209 2335 1254 2346 =
1279 2322 1406 2362 Igitur.
1440 2318 1517 2360 Vgl.
1539 2319 1578 2352 V.

908 2367 940 2405 «ἱ,
966 2365 1002 2396 17
1024 2376 1068 2396 ea·
1085 2376 1165 2406 quo.

954 2410 1125 2442 Romulus
1144 2415 1210 2442 etc.
1239 2410 1335 2441 Serv.
1359 2421 1400 2441 zu
1420 2410 1502 2443 Aen.
1523 2408 1579 2441 vl.

910 2457 970 2487 Tot
1007 2456 1096 2487 citirl
1134 2465 1302 2497 genauer:
1343 2455 1514 2487 Romulus
1547 2458 1579 2486 in

907 2501 1003 2533 eaelo
1030 2512 1105 2531 eum
1128 2502 1190 2533 Dis
1208 2501 1431 2542 genitalibus
1457 2511 1579 2532 aevum

908 2547 1030 2588 Degu.
1077 2546 1143 2578 Das
1175 2546 1334 2588 Adjectiv
1362 2547 1580 2588 genitalibus

909 2592 989 2624 liisst
1009 2591 1078 2623 Cic.
1101 2592 1251 2624 offenbar
1274 2592 1473 2624 absichtlich
1493 2602 1578 2633 weg.
