1684 2819
574 165 794 198 [ABERV.
824 167 879 207 25,
901 167 955 198 ΤΟ.
981 167 1035 199 71.
1427 167 1507 205 243

108 279 239 318 mundi
272 286 399 318 motus
434 278 794 331 conversionesque
823 281 1095 332 perspexerit,
1129 280 1335 333 sideraque
1366 281 1508 320 viderit

106 334 407 375 innumerabilia
431 335 539 374 caelo
557 333 803 375 inhaerentia
819 349 902 375 cum
922 336 1006 376 eius
1022 335 1144 389 ipsius
1163 343 1270 376 motu
1288 350 1507 391 congruere

109 390 228 431 certis
248 390 370 430 infixa
393 390 576 440 sedibu83
612 397 758 444 septem
782 391 859 431 alia
880 405 973 432 suos
996 405 1170 445 quaeque
1202 399 1336 433 tenere
1370 407 1507 434 cursus

106 447 269 486 multum
300 447 405 486 inter
437 460 480 487 se
511 453 579 487 aut
607 447 812 487 altitudine
845 455 911 488 aut
939 449 1156 489 humilitate
1178 448 1379 499 distantia,
1413 463 1505 502 quo-

106 517 191 543 rum
212 503 304 556 vagi
325 510 453 544 motus
475 510 562 543 rata
584 510 713 543 tamen
736 511 776 544 et
797 511 904 544 certa
926 505 986 545 sui
1007 518 1145 545 cursus
1163 505 1288 559 spatia
1304 505 1503 545 definiant.

105 559 252 600 Horum
286 560 468 599 nimirum
501 560 704 613 adspectus
734 560 888 614 impulit
915 561 1002 601 illos
1035 568 1193 601 veteres
1222 569 1261 601 et
1290 562 1504 610 admonuit,

105 622 146 655 ut
169 616 278 668 plura
301 624 550 668 quaererent.
597 616 688 656 Inde
711 624 771 657 est
791 617 989 669 indagatio
1012 624 1103 656 nata
1125 617 1325 658 initiorum
1350 625 1388 658 et
1410 625 1508 658 tam-

105 686 219 724 quam
242 672 450 719 seminum,
480 673 582 713 unde
604 679 738 712 essent
760 672 889 712 omnia
911 680 997 712 orta
1013 704 1023 722 ,
1057 680 1243 726 generata
1260 704 1270 721 ,
1303 681 1504 723 concreta,

106 742 281 781 quaeque
305 729 491 781 cuiusque
513 729 670 781 generis
700 728 764 768 vel
793 728 956 769 inanimi
986 729 1050 769 vel
1082 729 1289 770 animantis
1318 731 1381 770 vel
1411 731 1508 771 muti

104 785 168 824 vel
190 785 384 837 loquentis
406 785 533 837 origo,
559 797 658 836 quae
680 784 776 832 vita,
803 785 868 837 qni
890 784 1074 826 interitus
1097 799 1273 838 quaeque
1297 799 1349 825 ex
1371 786 1448 826 alio
1467 787 1507 826 in

105 841 207 880 aliud
239 840 471 881 vicissitudo
499 847 616 893 atque
649 840 837 891 mutati03
872 842 973 881 unde
1002 847 1111 881 terra
1141 848 1180 881 et
1207 841 1344 894 quibus
1367 842 1507 881 librata

104 896 363 950 ponderibus,
400 896 540 949 quibus
572 897 752 938 cavernis
782 899 905 938 maria
936 898 1231 948 sustineantur3
1275 912 1348 951 qua
1378 897 1508 938 onmia

103 952 230 993 delata
253 954 448 1007 gravitate
471 950 638 993 medium
661 955 794 994 mundi
816 954 943 996 locum
967 967 1122 1008 semper
1139 961 1344 1008 expetant,
1366 955 1430 1008 qui
1449 962 1507 995 est

101 1009 202 1049 idem
223 1010 378 1050 infimus
399 1010 440 1050 in
467 1010 650 1050 rotundo.

217 1066 322 1106 Haec
352 1067 535 1107 tractanti
566 1066 696 1107 animo
730 1075 767 1107 et
798 1075 935 1109 noctes
965 1075 1002 1108 et
1030 1068 1112 1109 dies
1135 1068 1325 1121 cogitanti
1347 1067 1576 1112 exsistit25

103 1122 169 1162 illa
191 1137 212 1163 a
237 1123 308 1163 deo
330 1123 489 1177 Delphis
512 1130 719 1177 praecepta
742 1125 931 1179 cognitio,
955 1132 998 1165 ut
1018 1125 1102 1178 ipsa
1124 1139 1166 1165 se
1189 1137 1299 1164 mens
1321 1130 1510 1178 agnoscat
1532 1133 1573 1163 70

103 1180 424 1232 coniunctamque
448 1194 531 1219 cum
555 1179 688 1219 divina
709 1189 838 1222 mente
861 1195 904 1222 se
926 1181 1085 1231 sentiat,
1123 1195 1175 1221 ex
1197 1195 1272 1234 quo
1294 1180 1507 1222 insatiabili

102 1235 244 1288 gaudio
278 1236 508 1289 completur.
552 1236 639 1290 Ipsa
661 1238 764 1277 enim
787 1238 972 1292 cogitatio
995 1238 1041 1278 de
1062 1238 1101 1277 vi
1125 1245 1162 1278 et
1182 1244 1324 1277 natura
1346 1238 1506 1277 deorum

102 1292 270 1332 studium
292 1292 464 1332 incendit
484 1293 589 1333 illius
611 1294 856 1334 aeternitatis
879 1294 1075 1344 imitandi,
1103 1307 1229 1347 neque
1252 1307 1294 1334 se
1316 1294 1354 1333 in
1377 1293 1507 1333 brevi-

100 1355 180 1388 tate
205 1350 306 1388 vitae
328 1349 555 1389 collocatum
578 1357 712 1403 putat,
749 1365 866 1403 quum
887 1364 1019 1391 rerum
1041 1365 1211 1391 caussas·
1226 1350 1322 1391 alias
1346 1363 1396 1388 ex
1419 1348 1507 1387 aliis

101 1412 210 1458 aptas
233 1412 271 1444 et
293 1406 527 1446 necessitate
549 1418 675 1446 nexas
698 1407 827 1458 videt,
861 1408 998 1460 quibus
1013 1438 1023 1456 ,
1058 1407 1105 1448 ab
1136 1414 1299 1447 aeterno
1331 1413 1505 1455 tempore

102 1460 310 1502 fluentibus
332 1462 373 1501 in
395 1469 612 1511 aeternum,
639 1463 740 1503 ratio
764 1471 894 1504 tamen
916 1477 1103 1516 mensque
1125 1463 1365 1502 moderatur.
1401 1459 1505 1499 Haec

886 1563 1092 1602 completur,
1130 1559 1289 1602 Bentleys
1322 1558 1508 1590 Verbesse-

149 1564 266 1592 motus
311 1563 633 1603 converse‘onesque.
690 1561 766 1603 vgl.

839 1618 923 1646 rung
956 1605 1011 1636 fiir
1045 1605 1267 1646 compleatur
1293 1603 1369 1645 (das
1394 1605 1507 1635 wahr-

102 1606 218 1637 bierzu
237 1605 300 1636 und
317 1616 357 1637 zu
373 1606 484 1637 dieser
498 1617 625 1647 ganzen
642 1607 767 1639 Stelle:

105 1651 128 1682 l.
150 1650 205 1691 28,
225 1650 280 1682 68.

149 1707 224 1728 cum
247 1714 287 1720 —
308 1700 406 1728 motu
435 1708 630 1738 congruere
659 1721 684 1738 „
698 1698 766 1729 sich

101 1742 376 1782 niitbewegen‘·;
404 1752 430 1773 s.
451 1753 490 1773 zu
506 1742 546 1773 V.
571 1743 601 1782 1,
621 1742 654 1773 3.

147 1790 279 1828 septem
300 1787 385 1825 alla,
415 1787 467 1818 die
490 1786 567 1818 ffinf
589 1788 650 1819 den
670 1788 767 1819 Alten

102 1832 289 1863 bekannten
325 1831 485 1864 Planeten
528 1833 624 1864 nebst
657 1831 766 1862 Sonne

102 1877 166 1908 und
193 1875 306 1909 Mond.

149 1926 229 1954 rata
248 1922 412 1963 (spatia),
435 1922 572 1962 eigentl.
594 1944 615 1960 „
628 1919 766 1951 berech-

100 1968 205 2007 net“,
227 1967 332 1999 daher
349 1992 372 2007 „
386 1966 451 1999 sest
472 1966 687 1999 bestin1111t⁴‘.
721 1964 764 1996 So

100 2013 138 2044 de
158 2017 226 2044 nat.
247 2012 287 2043 D.
309 2012 351 2044 11.
374 2013 430 2053 20,
449 2013 512 2043 512:
531 2014 646 2042 motus
664 2010 766 2049 (stel-

99 2058 232 2098 larum)
248 2061 450 2089 constantes
465 2060 501 2087 et
515 2058 598 2095 rati,
614 2066 647 2086 u.
662 2055 762 2087 lister.

144 2106 401 2135 sustineantur.
421 2100 496 2132 Man
518 2101 668 2141 beachte,
686 2101 764 2132 dass

99 2147 157 2180 das
175 2148 318 2191 Tempus
342 2149 399 2179 des
418 2146 518 2187 Conj.
538 2156 610 2177 vom
629 2145 765 2178 Pr‘a'ter-

99 2195 179 2225 itum
207 2204 281 2225 zum
300 2192 443 2224 Pr'asens
472 2191 646 2232 iibergeht.
679 2191 763 2224 Der-

38 2263 45 2266 *
99 2239 251 2279 gleichen
270 2239 392 2269 kommt
410 2236 499 2274 &fter
515 2247 588 2268 vor.

144 2295 214 2326 qua
245 2285 432 2326 gravitate
476 2282 578 2322 h'angt
610 2292 673 2313 von
709 2282 765 2314 de-

102 2329 177 2361 lata
203 2330 255 2360 ab.

143 2372 208 2410 25.
229 2374 282 2405 70.
299 2372 345 2404 Es
359 2373 492 2404 werden
513 2383 577 2404 nun
597 2372 670 2414 §70
683 2373 760 2404 u.71

100 2419 152 2451 die
177 2418 350 2457 Freuden,
378 2418 504 2449 welche
534 2418 593 2449 das
612 2418 763 2449 Studium

102 2464 158 2494 der
190 2463 504 2506 Moralphilosophie
539 2463 673 2506 (Ethik)
710 2474 765 2504 ge-

100 2509 219 2547 w'ahrt‚
247 2508 462 2550 an'gedeutet.

146 2556 262 2585 animo
287 2554 332 2586 ist
349 2554 499 2586 Ablativ.

145 2598 205 2629 illa
224 2617 268 2622 —
286 2602 454 2640 cognitio.
482 2598 558 2640 Vgl.
583 2598 608 2630 l.
630 2599 684 2640 22,
706 2599 761 2630 52.

839 1651 979 1684 scheinl.
1009 1660 1070 1680 nur
1097 1650 1198 1680 durch
1233 1650 1293 1680 das
1320 1659 1503 1690 vorangeg.

836 1698 975 1727 sentiat
990 1696 1023 1725 in
1039 1694 1102 1725 den
1113 1693 1201 1726 Text
1217 1694 1411 1735 gekommen
1431 1695 1504 1735 ist),

837 1741 920 1772 wird
939 1740 1042 1771 durch
1062 1740 1123 1770 den
1144 1739 1225 1770 Sinn
1245 1740 1426 1771 erfordert.

883 1801 977 1832 illius
998 1803 1223 1833 aeternitatis
1247 1801 1428 1840 imitandi,
1451 1800 1505 1831 fiir

836 1845 1055 1883 imitandam
1088 1857 1115 1877 s.
1142 1845 1263 1888 Zumpt
1292 1844 1505 1877 Grammatik

835 1891 853 1933 §
871 1891 934 1923 661
957 1902 990 1922 u.
1012 1891 1090 1923 660.
1119 1890 1191 1922 Von
1211 1891 1270 1922 der
1286 1890 1505 1930 Verbindung

835 1937 892 1968 des
919 1935 1030 1968 Genit.
1052 1935 1202 1968 Gerund.
1230 1937 1289 1968 mit
1316 1936 1389 1968 dem
1417 1935 1501 1967 Gen.

834 1981 943 2022 Sing.
957 1983 1050 2014 eines
1064 1981 1145 2013 Sub
1157 1992 1172 2013 s
1185 1987 1226 2013 ta
1238 1981 1348 2013 ntivs
1375 1981 1505 2012 scheint

835 2038 957 2059 unsere
986 2027 1090 2059 Stelle
1118 2028 1178 2059 der
1203 2027 1333 2068 einzige
1359 2025 1434 2058 Fau
1463 2037 1504 2057 zu

835 2075 905 2105 sein
922 2073 1051 2114 (woher
1062 2072 1167 2104 Orelli
1182 2072 1247 2104 und
1258 2071 1411 2113 Tregder
1426 2074 1505 2103 imi-

836 2118 967 2150 tandae
983 2118 1186 2159 schrieben).
1207 2136 1251 2140 —
1276 2116 1325 2148 Ζιι
1352 2119 1506 2149 aeterni-

836 2168 889 2196 tas
904 2164 993 2205 „das
1005 2163 1153 2204 Ewige“
1166 2163 1235 2203 vgl.
1250 2162 1324 2194 Cat.
1338 2160 1384 2193 M.
1400 2162 1502 2202 21,77

835 2212 870 2240 ln
891 2213 1038 2248 terram,
1059 2209 1174 2240 locum
1193 2208 1331 2239 divinae
1350 2210 1506 2238 naturae

835 2256 1117 2296 aeternitatique
1143 2255 1382 2285 eontrarium.
1411 2251 1503 2293 (Νῇ-

835 2299 991 2340 gelsbach
1022 2298 1056 2331 S.
1080 2299 1153 2339 84.)

878 2371 987 2402 neque
1011 2372 1048 2392 se
1063 2379 1108 2383 —
1122 2364 1232 2402 putat

834 2405 968 2448 NVesse)
984 2406 1096 2437 achtet
1111 2406 1180 2438 sich
1196 2406 1281 2437 (lanu
1302 2404 1394 2435 nicht
1412 2403 1502 2434 bloss

834 2451 888 2483 fiir
907 2451 978 2483 dies
995 2452 1099 2483 kurze
1118 2451 1231 2483 Leben
1252 2448 1466 2481 bestimmt“.

881 2509 1007 2550 quibus
1026 2508 1106 2548 geht
1124 2507 1185 2539 aus
1200 2515 1316 2538 rerum
1332 2517 1342 2544 ,·
1359 2505 1479 2546 fluere
1491 2516 1500 2533 :

836 2553 942 2593 „sich
961 2553 1003 2585 im
1018 2552 1126 2593 Fluss,
1149 2553 1180 2583 d.
1197 2552 1228 2583 h.
1250 2552 1281 2582 in
1300 2554 1406 2581 steter
1421 2547 1506 2580 Ver-

834 2598 1007 2639 'anderung
1033 2598 1231 2629 befinden“.

1230 2654 1305 2689 16*

1261 2359 1354 2399 „und
1374 2370 1411 2390 er
1430 2359 1505 2398 (der
