1684 2819
149 159 232 198 222

84 394 126 426 22

567 160 786 194 [ABERV.
815 163 847 204 ὃ,
868 163 923 195 22.
944 163 999 195 23.
1034 163 1066 204 9,
1087 163 1168 195 24.'

154 276 268 315 etiam
302 275 335 315 si
357 276 408 315 sit
428 275 570 314 bonum
594 274 748 327 aliquod
770 283 930 328 praeter
951 278 1153 318 virtutem.
1197 279 1260 319 JI.
1289 277 1388 328 Quid
1411 277 1559 331 igitur?

150 339 289 372 contra
310 332 524 371 Brutumne
557 343 617 370 me
649 331 840 371 dicturum
872 335 1010 386 putas?
1049 335 1109 375 Α.
1136 335 1196 375 Tu
1223 348 1341 384 vero,
1376 341 1419 374 ut
1448 334 1559 374 vide-

150 395 237 438 tur3
281 401 367 427 nam
401 387 610 440 praefinire
643 402 721 427 non
751 394 812 428 est
842 401 985 429 meum.
1039 391 1103 431 M.
1139 391 1237 442 Quid
1268 393 1406 443 cuique
1438 391 1561 443 igitur

152 451 463 484 consentaneum
486 445 560 493 sit,
586 443 662 484 alio
684 444 786 484 loeo.
820 443 917 484 Nam
948 445 1024 486 ista
1054 447 1148 486 mihi
1179 454 1219 486 et
1250 461 1337 488 eum
1360 446 1558 487 Antiocho

92 512 94 514 ·
150 513 267 553 saepe
289 507 326 539 et
349 514 436 540 eum
459 500 593 541 Aristo
616 513 756 554 nuper,
782 515 898 554 quum
920 500 1088 542 Athenis
1111 504 1325 555 imperator
1346 503 1444 557 apud
1468 517 1556 544 eum

83 1070 124 1101 23

97 1629 123 1672 9

151 557 401 605 deversarer‚
427 556 623 597 dissensio
647 558 730 598 fuit.
764 557 860 597 Mihi
892 558 996 598 enim
1026 572 1104 598 non
1124 558 1331 599 videbatur
1353 560 1557 613 quisquam

151 625 238 653 esse
260 613 396 653 beatus
421 627 550 666 posse,
575 628 690 667 quum
713 614 753 654 in
776 615 888 654 malis
911 621 1040 664 esset3
1066 617 1105 654 in
1123 615 1236 655 malis
1254 622 1382 655 autem
1402 616 1556 669 sapien-

151 676 227 708 tem
251 683 340 710 esse
363 683 495 722 posse,
521 670 553 711 si
577 678 712 711 essent
736 671 812 711 ulla
836 671 1015 724 corporis
1039 679 1106 712 aut
1128 672 1308 712 fortunae
1330 672 1445 711 mala.
1491 673 1559 712 Di-

149 725 340 766 cebantur
363 727 474 776 haee,
501 741 601 780 quae
623 727 862 782 scriptitavit
876 729 993 768 etiam
1011 728 1228 768 Antiochus
1248 729 1343 768 loeis
1363 727 1554 781 pluribus,

148 782 336 823 virtutem
359 783 482 836 ipsam
505 797 575 837 per
597 798 639 824 se
660 784 812 824 beatam
836 786 956 825 vitani
976 786 1129 825 efficere
1148 797 1263 838 posse
1280 798 1408 837 neque
1426 791 1558 824 tamen

148 838 441 891 beatissimam3
476 840 614 881 deinde
637 855 689 881 ex
710 842 859 881 maiore
882 849 990 895 parte
1014 843 1219 895 plerasque
1246 855 1309 881 res
1343 841 1556 891 nominari,

149 895 264 936 etiam
290 896 323 936 si
348 910 447 949 quae
470 911 560 950 pars
583 897 759 946 abesset3
794 905 836 938 ut
857 898 980 947 vires,
1007 905 1049 937 ut
1070 898 1332 938 valetudinem
1348 929 1358 947 ,
1394 904 1437 937 ut
1459 898 1558 938 divi-

151 951 242 1001 tias,
268 959 311 992 ut
333 952 546 1002 honorem,
573 961 613 993 ut
634 954 798 1008 gloriam
814 984 824 1002 ,
860 967 959 1006 quae
981 968 1150 1008 genere,
1184 968 1262 994 non
1286 967 1450 994 numero
1473 968 1559 994 cei·-

149 1015 361 1048 nerentur:
393 1010 487 1049 item
510 1009 665 1049 beatam
688 1010 823 1058 vitam,
849 1011 964 1050 etiam
987 1011 1017 1051 si
1041 1024 1094 1050 ex
1116 1011 1246 1063 aliqua
1269 1017 1379 1064 parte
1402 1010 1558 1050 claude-

147 1071 224 1114 ret,
251 1071 381 1105 tamen
404 1079 457 1106 ex
478 1066 601 1106 multo
625 1067 774 1106 maiore
797 1074 906 1120 parte
929 1067 1106 1106 obtinere
1129 1080 1271 1106 nomen
1295 1081 1423 1107 suum.
1453 1064 1559 1107 Haec

148 1135 252 1160 nune
275 1122 486 1162 enucleare
508 1136 585 1162 non
608 1122 663 1162 ita
685 1136 850 1164 necesse
881 1130 964 1173 est,
998 1137 1230 1176 quamquam
1261 1137 1338 1162 non
1372 1130 1559 1163 constan·

149 1178 299 1218 tissime
323 1178 397 1218 diei
420 1178 514 1218 mihi
531 1180 730 1220 videntur.
754 1179 854 1220 Nam
874 1187 912 1220 et
930 1180 994 1233 qui
1010 1180 1148 1219 beatus
1166 1187 1241 1228 est,
1263 1194 1341 1219 non
1357 1180 1554 1235 intelligo,

147 1233 239 1287 quid
262 1235 451 1287 requirat,
480 1243 519 1275 ut
540 1236 591 1276 sit
611 1236 766 1276 beatior
789 1237 839 1284 (si
864 1244 925 1276 est
945 1237 1064 1286 enini,
1090 1237 1190 1289 quod
1213 1236 1327 1285 desit,
1354 1250 1402 1276 ue
1417 1236 1558 1276 beatus

149 1291 302 1343 quidem
340 1297 442 1341 est),
482 1299 519 1331 et
553 1294 653 1345 quod
691 1307 744 1333 ex
779 1293 927 1333 maiore
960 1300 1068 1347 parte
1101 1307 1217 1334 unam
1250 1306 1441 1346 quamque
1472 1306 1554 1332 rem

148 1347 336 1400 appellari
358 1348 605 1402 spectarique
628 1349 779 1399 dieunt,
799 1358 874 1399 est,
896 1349 958 1390 ubi
977 1350 1014 1389 id
1031 1350 1105 1390 isto
1123 1351 1237 1389 modo
1257 1350 1411 1399 valeat3
1438 1363 1556 1402 quum

149 1416 247 1443 vero
270 1403 346 1444 tria
369 1417 518 1457 genera
547 1406 737 1446 malorum
769 1420 856 1447 esse
889 1407 1038 1450 dicant:
1072 1407 1136 1459 qui
1170 1407 1333 1446 duorum
1365 1419 1554 1459 generum

146 1460 258 1500 malis
277 1461 457 1501 omnibus
475 1468 677 1516 urgeatur,
698 1469 739 1503 ut
756 1464 885 1503 omnia
902 1465 1069 1503 adversa
1085 1463 1165 1503 sint
1182 1463 1220 1502 in
1240 1464 1409 1511 fortuna,
1431 1464 1558 1502 omni-

145 1515 217 1557 hus
241 1531 469 1570 oppressum
493 1532 636 1573 eorpus
660 1526 700 1559 et
721 1521 938 1560 confectum
966 1519 1166 1559 doloribus
1182 1550 1191 1568 ,
1223 1518 1309 1558 huie
1331 1519 1556 1572 paullumne

146 1574 193 1613 ad
215 1573 369 1614 beatam
393 1574 512 1614 vitam
536 1576 674 1617 deesse
697 1576 885 1626 dicemus,
910 1591 988 1616 non
1011 1577 1125 1616 modo
1149 1576 1196 1615 ad
1218 1575 1519 1615 beatissimam?

260 1630 342 1671 Hoc
373 1631 467 1671 illud
501 1640 584 1681 est,
619 1633 720 1686 quod
744 1632 1042 1686 Theophrastus
1074 1631 1271 1672 sustinere
1302 1646 1380 1672 non
1412 1632 1551 1685 potuit.

192 1743 241 1776 Ta
277 1755 369 1785 vero,
406 1746 513 1788 suppl.
543 1757 609 1788 age
636 1747 716 1778 oder
731 1747 811 1787 sae,

142 1789 206 1820 wie
233 1795 335 1821 unten
366 1791 418 1831 ll,
442 1793 497 1822 33.

188 1845 243 1877 22.
279 1857 392 1888 saepe,
430 1848 479 1879 als
515 1858 551 1879 er
585 1849 644 1879 der
673 1848 812 1879 Studien

143 1901 257 1930 wegen
287 1892 318 1922 in
338 1892 447 1924 Athen
474 1893 543 1924 sich
570 1893 716 1924 aul'hielt
746 1893 812 1935 (19

141 1946 174 1967 v.
197 1936 310 1979 Cha).

187 2003 310 2034 nuper,
331 1994 372 2023 5⁴)
392 2005 423 2025 v.
441 1993 536 2034 Chia,
559 1994 609 2025 bei
631 1995 689 2025 der
703 1994 812 2026 Riick-

141 2038 224 2070 kehr
243 2049 303 2070 aus
322 2038 477 2071 Cilicien.

186 2097 379 2136 sapientem
431 2106 503 2126 esse
550 2106 664 2136 posse.
728 2095 808 2127 Dem

142 2140 314 2172 Schril'tst.
343 2141 511 2172 schwebte
539 2146 622 2172 statt
650 2141 708 2172 des
735 2152 810 2172 vor·

140 2196 323 2227 angegang.
343 2187 531 2218 videbatur
547 2186 597 2217 ein
615 2185 715 2217 Verb.
735 2197 810 2218 sen-

140 2232 258 2266 tiendi,
271 2232 334 2262 wie
349 2233 542 2271 reusebam,
556 2242 626 2262 vor.
645 2232 807 2264 Aehnlich

138 2277 196 2308 mit
217 2278 309 2308 diei:
331 2277 370 2307 de
390 2282 475 2308 orat.
497 2277 537 2309 ll.
555 2277 608 2310 72.
627 2277 712 2308 299ι
735 2281 810 2319 qui-

140 2322 219 2353 dam
241 2323 366 2353 doetus
386 2324 489 2353 homo
508 2326 697 2354 accessisse
722 2324 811 2354 dici-

139 2371 202 2399 tm·
216 2370 316 2410 eique
330 2368 511 2409 pollicitus
531 2379 602 2399 esse
618 2386 657 2391 —
674 2369 809 2400 (lia-isse

139 2413 241 2444 illum
270 2413 473 2445 doctorem:
506 2413 580 2444 Cat.
602 2413 643 2444 M.
671 2415 722 2451 15,
745 2416 806 2446 63:

139 2461 406 2490 ronsmweaeisse
428 2459 485 2490 illi
506 2459 676 2491 (lif-mitat·
693 2479 736 2482 -—
759 2460 809 2491 (Ii-

138 2507 235 2535 xisse
260 2515 304 2536 em
329 2507 373 2536 iis
399 2504 587 2545 quendam.

183 2563 416 2602 scriptitavit,
445 2571 507 2591 von
538 2561 655 2592 Cicero
688 2560 808 2592 beson-

139 2606 215 2637 ders
235 2606 277 2637 iiu
297 2606 577 2638 ausdriieklichen
597 2605 806 2646 Gegensatze

885 1757 959 1777 zum
987 1746 1201 1778 miindlichen
1227 1746 1433 1788 Bespreehen
1462 1746 1559 1777 einer

887 1791 994 1823 sache
1015 1792 1160 1832 (diem-e)
1178 1792 1374 1832 gebraucht.

931 1848 1020 1877 qnae
1045 1848 1183 1878 genere.
1213 1848 1282 1868 non
1310 1847 1456 1868 numero
1482 1846 1555 1868 cer-

883 1886 1068 1913 nerentur:
1087 1882 1241 1922 ¹,welche
1257 1882 1448 1924 qualitativ,
1464 1882 1554 1913 nicht

883 1928 1085 1968 quantitativ
1099 1927 1265 1958 bestimmt
1278 1927 1458 1958 wiirden·‘.
1474 1926 1550 1967 Vgl.

882 1971 1092 2013 Niigelsbach
1114 1973 1144 2003 2.
1163 1973 1202 2003 Α.
1224 1973 1257 2003 S.
1277 1973 1354 2004 214.

926 2018 980 2048 23.
1011 2028 1079 2049 ηοη
1107 2021 1396 2049 constantissime
1424 2017 1552 2058 „nicht

880 2063 958 2094 sehr
978 2065 1224 2104 consequent‘·.

925 2112 980 2140 est
998 2110 1058 2139 ubi
1076 2109 1174 2149 (nach
1197 2109 1361 2149 Analogie
1379 2118 1443 2139 von
1467 2111 1555 2139 sunt

879 2157 952 2194 qui,
983 2158 1035 2185 est
1062 2158 1102 2185 at
1128 2165 1160 2185 u.
1182 2154 1265 2193 dgi.)
1292 2170 1336 2179 =—-
1355 2153 1548 2194 tutet-glum,

878 2199 942 2230 wie
962 2200 1003 2230 ini
1018 2199 1154 2231 Griech.
1175 2198 1275 2231 ἔστιν
1293 2194 1476 2240 &noi-(01²)
1498 2198 1551 2230 ffir

879 2243 1005 2276 ἐνίοτε.
1056 2244 1166 2276 Plaut.
1203 2245 1324 2276 Pseud.
1351 2243 1390 2275 V.
1422 2244 1454 2284 2,
1483 2245 1547 2275 26;

879 2291 960 2321 Erit
985 2291 1045 2321 nbi
1070 2295 1102 2321 te
1129 2291 1292 2330 ulciscar,
1321 2293 1356 2321 si
1379 2293 1467 2321 vivo.

925 2336 1099 2374 (limnas,
1136 2336 1236 2368 niiml.
1265 2345 1360 2367 wenn
1389 2334 1453 2365 wir
1485 2345 1546 2365 uns

880 2381 941 2412 aut*
964 2382 1057 2412 ihren
1084 2381 1296 2423 Standpunkt
1322 2381 1453 2412 stellen.

926 2424 962 2461 9.
995 2427 1049 2457 2-1.
1077 2427 1160 2465 tloe,
1184 2426 1325 2457 niimlich
1345 2426 1422 2457 dass
1440 2425 1547 2456 einem

880 2471 1020 2502 Solchen
1063 2482 1124 2502 nur
1150 2471 1272 2513 u'enig
1314 2481 1388 2503 zum
1420 2469 1547 2502 Gliicke

882 2516 982 2548 sehle.

929 2562 1207 2604 Theophrastus,
1236 2572 1261 2592 s.
1286 2571 1326 2590 zu
1346 2560 1367 2592 Ι.
1394 2561 1446 2598 19,
1467 2561 1523 2591 45.

924 2610 1099 2639 sustinere
1113 2618 1179 2639 non
1191 2608 1330 2648 potuit:
1348 2617 1413 2646 „er
1425 2606 1549 2637 konnte
