1684 2819
145 153 197 193 54
632 151 1075 192 L13E31.36‚87.88.

145 267 394 321 sumpsisset,
420 280 498 307 non
522 266 679 306 domum
701 266 942 319 reliquisset,
967 281 1045 308 non
1068 280 1121 307 ex
1139 267 1251 308 Italia
1274 268 1452 321 fugisset,
1479 281 1558 308 non

143 324 326 365 exercitu
347 325 492 365 amisso
514 322 642 362 nudus
658 322 698 361 in
716 335 926 364 servorum
949 325 1098 365 ferrum
1115 332 1154 365 et
1169 338 1308 365 manus
1330 324 1556 374 incidisset3

141 394 223 420 non
236 381 351 421 liberi
364 379 513 429 defleti3
536 392 614 418 non
628 379 808 419 fortunae
825 393 961 422 omnes
978 394 999 420 a
1012 381 1226 422 victoribus
1242 381 1554 435 possiderentur.

144 436 233 488 Qui,
259 437 292 478 si
315 443 483 476 mortem
508 443 588 476 tum
612 434 776 484 obisset,
800 435 841 475 in
863 436 1116 490 amplissimis
1138 438 1306 478 fortunis
1329 437 1554 487 occidisset,

143 493 177 534 is
209 493 494 547 propagatione
518 493 625 532 vitae
652 500 760 545 quot,
787 499 968 545 quantas,
1003 507 1118 546 quam
1146 493 1395 536 incredibiles
1426 495 1557 535 hausit

66 550 126 595 36
144 549 411 590 calamitates!
447 549 553 589 Haec
575 555 700 588 morte
732 548 990 602 effugiuntur,
1016 550 1134 590 etiam
1156 550 1189 590 si
1211 564 1289 590 non
1319 558 1556 601 evenerunt,

143 614 289 655 tamen,
306 606 396 659 quia
415 613 580 660 possunt
598 606 781 655 evenire3
808 606 876 646 sed
899 606 1077 647 homines
1091 620 1136 647 ea
1151 605 1226 647 sibi
1244 607 1422 648 accidere
1440 621 1557 662 posse

142 677 222 704 non
253 663 441 717 cogitant.
486 662 635 703 Metelli
669 670 802 716 sperat
833 663 907 703 sibi
938 663 1104 716 quisque
1136 664 1357 713 fortunam,
1393 663 1557 718 proinde

143 720 254 774 quasi
272 727 340 761 aut
355 720 487 774 plures
508 720 695 760 fortunati
711 720 792 760 sint
810 733 922 773 quam
943 720 1137 770 infelices,
1153 726 1221 760 aut
1235 719 1333 760 certi
1352 721 1557 774 quicquam

142 777 195 818 sit
216 777 256 817 in
277 777 394 817 rebus
418 776 614 826 humanis,
639 783 707 817 aut
728 789 890 831 sperare
913 776 965 817 sit
987 777 1217 830 prudentius
1241 790 1355 830 quam
1379 777 1535 817 timere.

80 843 122 875 87
239 834 316 874 Sed
338 833 411 874 hoc
432 834 557 888 ipsum
581 834 834 884 concedatur,
859 833 970 874 bonis
992 833 1108 874 rebus
1132 833 1311 874 homines
1334 841 1459 875 morte
1482 836 1560 888 pri-

146 890 255 941 vari,
291 904 386 944 ergo
418 892 535 931 etiam
567 904 704 930 carere
727 898 904 931 mortuos
925 890 1031 931 vitae
1054 891 1290 938 commodis,
1324 890 1441 944 idque
1472 904 1560 932 esse

144 947 366 988 miserum?
399 948 515 987 Certe
537 947 590 987 ita
613 947 746 986 dicant
766 959 930 987 neeesse
961 953 1035 987 est.
1073 947 1134 986 An
1157 953 1289 1000 potest
1316 947 1365 996 is,
1392 947 1456 1000 qui
1479 961 1559 987 non

145 1011 221 1052 est,
253 1018 297 1044 re
327 1004 406 1044 ulla
438 1008 613 1044 carere?
645 1004 778 1043 Triste
812 1003 914 1043 enim
946 1010 1006 1044 est
1038 1017 1182 1044 nomen
1212 1003 1339 1057 ipsum
1371 1004 1556 1052 carendi,

133 1061 234 1114 quia
257 1060 465 1101 subiicitur
482 1059 576 1100 haec
593 1061 675 1100 vis:
704 1060 852 1108 hahuit,
875 1074 954 1100 non
978 1060 1118 1110 habet,
1145 1059 1357 1110 desiderat,
1374 1061 1556 1114 requirit,

142 1117 309 1171 indiget.
350 1117 472 1167 Haec,
499 1118 654 1171 opinor,
680 1117 926 1157 incommoda
949 1125 1041 1158 sunt
1062 1118 1258 1158 carentis:
1284 1124 1395 1158 caret
1416 1117 1557 1167 oculis,

144 1175 280 1216 odiosa
299 1174 495 1224 caecitas,
521 1175 672 1223 liberis,
691 1174 855 1215 orbitas.
881 1174 998 1215 Valet
1020 1174 1148 1215 hocin
1164 1174 1289 1224 vivis;
1315 1181 1560 1215 mortuorum

144 1239 274 1272 autem
298 1246 375 1272 non
398 1232 513 1271 niodo
531 1232 636 1272 vitae
660 1231 890 1280 commodis,
911 1231 979 1272 sed
1002 1245 1052 1272 ne
1069 1232 1150 1272 vita
1173 1231 1325 1284 quidem
1349 1232 1431 1285 ipsa
1454 1231 1560 1284 quis·

146 1302 262 1342 quam
280 1296 402 1329 earet.
429 1289 484 1329 De
501 1289 667 1329 mortuis
690 1290 844 1342 loquor,
867 1289 932 1343 qui
955 1288 1048 1328 nulli
1068 1296 1172 1328 sunt.
1197 1287 1296 1336 Nos,
1317 1288 1383 1341 qui
1405 1302 1558 1338 sumus,

145 1360 237 1385 nuni
262 1352 328 1386 aut
349 1345 533 1386 cornibus
557 1360 736 1386 caremus
758 1351 826 1385 aut
847 1345 1002 1399 pinnis?
1031 1346 1117 1398 quis
1142 1352 1203 1386 est
1225 1345 1289 1398 qui
1318 1345 1354 1385 id
1386 1344 1561 1386 dixerit?

145 1402 264 1443 Certe
287 1417 417 1443 nemo.
464 1402 560 1453 Quid
592 1403 673 1442 ita?
706 1402 826 1453 Quia,
855 1416 971 1455 quum
995 1401 1031 1441 id
1056 1416 1133 1442 nou
1157 1401 1324 1451 habeas,
1359 1403 1459 1455 quod
1492 1401 1560 1442 tibi

145 1473 218 1500 nee
240 1474 314 1501 usu
337 1473 410 1500 nec
432 1466 573 1499 natura
596 1459 649 1500 sit
670 1467 815 1512 aptum,
851 1473 929 1498 non
960 1472 1111 1507 careas,
1147 1459 1264 1498 etiam
1288 1458 1320 1499 si
1344 1459 1491 1500 sentias
1522 1466 1560 1499 te

84 1523 127 1556 88
145 1530 224 1556 non
239 1516 398 1557 habere.
420 1517 502 1557 Hoc
517 1517 772 1570 premendum
786 1516 904 1555 etiam
919 1523 1035 1569 atque
1053 1516 1168 1555 etiam
1186 1523 1247 1556 est
1264 1522 1557 1570 argumentum,

148 1573 380 1614 confirmato
409 1573 492 1622 illo,
519 1574 565 1613 de
588 1587 680 1626 quo,
706 1573 739 1612 si
762 1572 951 1613 mortales
984 1572 1105 1612 animi
1138 1579 1246 1622 sunt,
1271 1572 1451 1613 dubitare
1481 1586 1560 1613 non

148 1644 375 1684 possumus,
391 1630 483 1684 quin
507 1637 637 1670 tantus
660 1629 845 1670 interitus
866 1630 906 1669 in
929 1636 1055 1669 morte
1077 1629 1141 1679 sit,
1163 1636 1205 1669 ut
1224 1643 1272 1670 ne
1293 1629 1453 1670 minima
1476 1629 1561 1682 qui-

190 1738 294 1770 liberc'
316 1739 444 1780 defleti,
473 1738 574 1769 niinil.
597 1749 616 1767 (ι
635 1738 813 1781 Pompeio,

143 1783 185 1815 ‹la
214 1794 251 1815 er
279 1785 361 1816 nach
389 1785 500 1815 seiner
527 1783 729 1824 Niederlage
765 1783 819 1815 fiir

143 1829 234 1861 seine
252 1828 363 1860 Siihne
382 1830 460 1870 (Cn.
478 1830 543 1860 und
560 1829 611 1869 S.)
631 1830 704 1861 eine
725 1834 819 1860 trau-

144 1875 214 1916 rige
232 1874 383 1906 Zukunft
401 1880 568 1905 erwarten
589 1880 728 1906 inusste.
756 1874 817 1905 Die

142 1919 269 1952 Lesart
287 1920 407 1959 deleti,
430 1920 513 1951 auch
534 1920 663 1951 iniuder
683 1920 820 1959 beglau-

143 1966 236 2007 bigt,
263 1970 356 2008 passt
381 1966 497 1997 darum
524 1966 633 2006 nicht,
663 1965 738 1996 weil
768 1966 815 1997 sie

144 2012 239 2043 ihren
259 2010 364 2044 Vater
388 2012 530 2053 (Sextus
558 2021 657 2051 sogar
682 2011 743 2042 ‹lt-n
764 2012 819 2042 Ci-

144 2059 236 2098 cero)
258 2057 411 2089 iiberlebt
430 2057 548 2097 haben,
570 2057 637 2088 und
666 2057 739 2088 hier
758 2067 818 2087 nur

143 2113 208 2134 von
229 2103 301 2135 dem
316 2102 480 2143 Ungliick,
503 2103 561 2134 das
576 2102 688 2144 Pomp.
710 2103 817 2134 orlebt

145 2149 214 2184 hat,
235 2149 289 2180 die
309 2148 398 2180 Rede
420 2149 474 2181 ist.

191 2191 259 2231 36.
290 2195 345 2226 87.
374 2196 428 2227 An
457 2194 588 2226 erkliirt
615 2195 683 2226 sich
717 2194 817 2225 durch

146 2240 209 2272 den
245 2241 370 2272 voi-her
403 2240 688 2272 zuzudcnkenden
716 2240 818 2272 Satz:

145 2287 220 2318 Nos
239 2289 290 2317 ila
310 2297 375 2317 non
397 2287 558 2317 dicimus.

195 2342 319 2363 nomen
363 2335 476 2373 ipsum
524 2332 688 2371 carendi,
734 2330 817 2363 Gen.

148 2382 323 2419 epexeget.
346 2382 430 2409 statt
450 2378 509 2409 der
526 2378 736 2420 Apposition,
756 2377 820 2409 wie

147 2424 309 2461 45,109:
346 2426 420 2454 suis
447 2425 544 2455 bonis
579 2427 614 2454 ut
635 2424 751 2455 laudis
788 2427 823 2455 et

145 2469 299 2510 gloriae.
336 2468 385 2500 Zu
406 2469 478 2500 deni
499 2468 647 2500 Gerund.
669 2469 718 2499 als
738 2468 822 2500 Ver-

149 2514 397 2547 balsubstantiv
414 2515 483 2555 vgl.
499 2516 555 2548 43.
574 2516 634 2546 102
651 2527 656 2545 :
679 2515 720 2545 (Ie
737 2516 825 2546 nihil

149 2560 344 2592 sentiendo.

196 2608 261 2647 qui
277 2607 372 2637 nulli
387 2610 483 2640 sunt.
505 2606 571 2647 vgl.
593 2608 625 2647 ti,
650 2607 701 2637 11.

935 1747 1019 1769 num.
1037 1755 1080 1760 —
1099 1736 1236 1769 discet-it
1252 1742 1267 1767 ν
1299 1736 1361 1769 Die
1388 1735 1535 1778 Vulgata
1553 1749 1560 1768 :

890 1793 984 1823 num,
1006 1786 1073 1814 aut
1085 1785 1118 1814 εί
1131 1784 1251 1815 corm‘b
1260 1793 1299 1814 us
1318 1793 1480 1815 caremus
1498 1787 1564 1815 aut

885 1831 1023 1869 pennis,
1043 1830 1093 1859 sit
1110 1830 1174 1868 qui
1190 1828 1227 1859 id
1245 1828 1385 1860 dixerit
1398 1829 1560 1865 (natulieh

890 1874 1058 1914 σανρνθ).ρ
1085 1873 1186 1904 deren
1208 1872 1333 1905 Unsinu
1352 1873 1466 1906 Jedem
1488 1875 1562 1906 ein-

890 1919 1050 1958 leuchtet,
1080 1918 1124 1949 ist
1149 1929 1212 1950 von
1241 1918 1399 1951 Davisius
1423 1930 1459 1951 so
1485 1930 1562 1952 ver-

887 1965 1021 1996 bessert
1038 1964 1192 1996 worden:
1214 1975 1297 1996 num
1317 1969 1384 1996 aur
1399 1967 1562 1998 cornibus

890 2020 1052 2042 raremus
1072 2013 1136 2041 (ml
1150 2012 1294 2053 pinnis?
1319 2013 1438 2052 ecquis
1456 2011 1494 2043 id
1511 2011 1563 2043 da·-

888 2058 1012 2088 oeerz'l‘?
1029 2055 1117 2087 Statt
1131 2056 1560 2099 eeq111·.s·hatderHe1-ausg.

885 2102 1009 2144 jedoch
1030 2102 1112 2132 nach
1128 2100 1562 2143 11.Sau1›pe'sv0rsch1age

890 2150 970 2189 quis
990 2151 1044 2179 est
1059 2149 1122 2188 qm·
1137 2152 1282 2188 gesetzt,
1303 2147 1344 2179 da
1363 2148 1450 2187 (lies,
1467 2151 1565 2191 quz'st

891 2196 955 2236 qui
966 2192 1198 2233 geschrieben,
1211 2193 1284 2225 dem
1297 2196 1332 2224 st
1342 2192 1474 2237 qm'(.s·1‘t
1485 2194 1561 2236 qm')

891 2241 951 2271 der
969 2239 1065 2270 codd.
1088 2239 1192 2270 uiiher
1210 2239 1302 2279 liegt.

934 2285 989 2315 58.
1021 2285 1094 2316 Iloe
1114 2285 1343 2326 premendum
1373 2288 1428 2317 est
1453 2295 1563 2326 argu-

892 2334 1060 2362 mentum.
1082 2332 1366 2372 firguptwmere:
1385 2331 1480 2362 einen
1501 2331 1564 2363 Be-

890 2377 973 2407 weis
992 2376 1164 2416 verfolgen
1179 2401 1186 2411 ,
1216 2376 1247 2406 d.
1271 2377 1303 2407 h.
1325 2386 1367 2408 au
1387 2377 1454 2408 ihm
1483 2375 1564 2408 fest-

892 2422 1005 2453 halten
1025 2422 1090 2452 und
1111 2421 1174 2453 auf
1188 2421 1251 2452 ihm
1274 2421 1400 2453 sussen.

938 2470 1021 2510 quin
1050 2472 1114 2498 etc.
1147 2466 1200 2497 fiir
1224 2467 1286 2498 den
1314 2468 1392 2498 Ace.
1423 2478 1452 2498 e.
1483 2466 1562 2503 Ins„

893 2513 1040 2544 wolchen
1071 2513 1281 2551 confirmato
1300 2513 1360 2544 illo
1380 2511 1560 2553 erfordert,

894 2560 936 2591 ini
954 2558 1139 2590 Auschlnss
1165 2568 1206 2589 an
1226 2558 1287 2589 den
1308 2557 1562 2591 Zwischensatz

896 2605 954 2643 (de
973 2616 1039 2646 quo
1060 2604 1224 2636 dubitare
1251 2615 1316 2636 mm
1338 2603 1560 2647 possumus).
