1684 2819
588 177 747 210 LtssER
766 177 806 209 v.
834 179 890 217 40,
915 178 1087 209 116.117.
1459 175 1538 215 265

150 294 338 348 quissent,
374 293 461 333 huic
488 293 660 334 discendi
683 293 970 346 quaerendique
993 293 1149 333 divinae
1183 291 1429 332 delectationi
1458 297 1539 330 toto

150 365 192 392 se
214 351 340 391 animo
364 350 586 390 dedissent?
608 349 740 403 Itaque
758 363 944 403 augurem
964 349 1175 399 Tiresiam,
1196 363 1308 402 quem
1326 348 1541 402 sapientem

151 408 299 461 fingunt
333 411 496 460 poetae,
538 421 741 460 numquam
784 407 970 447 inducunt
1010 406 1275 460 deplorantem
1313 404 1540 444 caecitatem

152 478 276 504 suam.
309 463 361 503 At
381 477 476 504 vero
499 463 773 518 Polyphemum
796 464 1003 513 Homerus,
1031 478 1145 516 quum
1169 463 1376 503 immanem
1400 462 1542 501 ferum-

153 534 226 574 que
248 520 442 570 finxisset,
468 535 551 561 cum
574 521 696 561 ariete
719 521 834 561 etiam
857 521 1144 574 colloquentem
1166 520 1256 560 facit
1278 519 1438 572 eiusque
1460 517 1542 558 lau-

152 578 243 617 dare
266 578 460 626 fortunas,
485 578 598 631 quod,
625 592 697 630 qua
719 578 854 627 vellet,
878 576 1031 630 ingredi
1053 583 1186 630 posset
1207 584 1259 625 et,
1284 589 1382 629 quae
1405 575 1540 624 vellet,

153 633 361 687 attingere.
404 635 522 674 Recte
554 634 615 674 hic
647 634 815 687 quidem.
858 633 987 673 Nihilo
1021 633 1121 672 enim
1153 640 1237 673 erat
1267 633 1348 686 ipse
1381 632 1544 686 Cyclops

154 706 267 744 quam
291 692 392 731 aries
414 691 479 731 ille
502 691 744 744 prudentior.

266 748 308 787 In
338 748 527 788 surditate
557 761 651 787 vero
683 747 864 799 quidnam
887 752 947 786 est
968 746 1086 786 mali?
1130 746 1227 785 Erat
1255 746 1459 785 surdaster
1486 745 1613 789 M.40

155 804 345 853 Crassus,
379 804 446 844 sed
469 803 570 843 aliud
601 803 828 851 molestius,
863 802 962 856 quod
993 802 1093 842 male
1124 802 1326 851 audiebat,
1359 802 1472 842 etiam
1496 802 1543 851 si,
1567 809 1629 841 116

154 868 195 900 ut
215 860 309 899 mihi
334 860 561 908 videbatur,
594 860 751 900 iniuria.
784 859 918 900 Nostri
952 858 1100 899 Graece
1129 860 1210 898 fere
1240 858 1444 908 nesciunt,
1477 872 1548 898 nec

156 916 294 957 Graeci
327 916 479 957 Latine.
519 917 623 969 Ergo
654 916 691 956 hi
721 916 759 956 in
789 916 944 956 illorum
974 923 1013 956 et
1039 916 1095 956 illi
1124 916 1162 956 in
1196 916 1333 955 horum
1366 929 1548 955 sermone

155 974 276 1023 surdi,
303 986 513 1026 omnesque
539 974 603 1025 [id]
626 987 696 1013 nos
720 973 759 1013 in
780 973 829 1013 iis
855 973 1022 1027 linguis,
1057 987 1150 1026 quas
1179 986 1256 1012 nou
1277 972 1544 1025 intelligimus,

156 1044 254 1084 quae
277 1037 367 1070 sunt
386 1030 713 1078 innumerabiles,
748 1030 855 1071 surdi
885 1031 1055 1083 profecto
1086 1044 1234 1070 sumus.
1262 1054 1310 1058 —
1342 1028 1392 1068 At
1413 1042 1546 1069 vocem

155 1087 367 1127 citharoedi
388 1101 466 1127 non
488 1087 661 1127 audiunt.
689 1113 741 1116 —
770 1086 829 1127 Ne
856 1086 1066 1127 stridorem
1097 1086 1249 1140 quidem
1271 1099 1432 1134 serrae,
1468 1092 1548 1125 tum

157 1158 268 1198 quum
293 1143 458 1193 acuitur,
481 1152 545 1184 aut
566 1145 809 1198 grunnitum,
835 1158 949 1197 quum
971 1143 1183 1197 iugulatur,
1204 1144 1299 1191 suis,
1326 1156 1411 1191 nec,
1433 1156 1548 1195 quum

158 1202 358 1254 quiescere
380 1201 538 1247 volunt,
574 1201 766 1241 fremitum
796 1200 1076 1241 murmurantis
1106 1200 1241 1240 maris.
1288 1200 1337 1239 Et
1359 1200 1392 1240 si
1414 1206 1548 1239 cantus

157 1271 223 1298 eos
247 1258 344 1297 forte
367 1257 575 1307 delectant,
601 1258 765 1312 primum
788 1257 960 1311 cogitare
984 1258 1149 1307 debent,
1182 1264 1389 1309 antequam
1413 1256 1448 1295 hi
1472 1256 1550 1296 sint

156 1315 319 1363 inventi,
346 1315 484 1354 multos
507 1315 617 1355 beate
639 1314 791 1355 vixisse
813 1315 1034 1368 sapientes3
1061 1314 1198 1355 deinde
1221 1315 1340 1354 multo
1362 1313 1550 1353 maiorem

158 1370 300 1425 percipi
323 1384 438 1425 posse
460 1371 634 1425 legendis
658 1371 732 1421 his,
758 1385 871 1424 quam
893 1371 1096 1412 audiendis
1111 1402 1121 1421 ,
1146 1370 1399 1424 voluptatem.
1436 1370 1550 1419 Tum,
1572 1377 1633 1409 117

206 1495 470 1538 Polyphemum.
504 1496 589 1528 Was
615 1496 732 1528 Cicero
760 1497 822 1528 den

161 1540 326 1584 Cyclopea
346 1551 447 1582 sagen
466 1542 561 1580 lasst,
578 1543 666 1573 steht
684 1543 820 1583 eigentl.

162 1587 214 1617 bei
235 1586 355 1618 Homer
374 1586 451 1628 (Od.
467 1587 525 1618 IX.
541 1589 602 1619 447
618 1587 699 1628 fgg.)
720 1588 822 1619 nicht.

161 1632 278 1664 Cicero
304 1632 385 1663 malt
409 1632 478 1664 sich
505 1633 558 1664 die
578 1632 682 1664 Scene
709 1643 770 1664 nur
788 1643 824 1664 5ο

163 1688 234 1709 aus.
270 1676 412 1718 Mssgtieh
437 1678 519 1709 auch
534 1703 541 1717 ,
562 1678 638 1710 dass
658 1689 694 1710 er
712 1689 748 1710 es
772 1679 824 1710 bei

163 1724 270 1755 einem
285 1723 407 1754 andern
420 1723 557 1755 Dichter
570 1724 701 1764 gelesen
718 1724 821 1755 hatte.

211 1771 351 1810 osusque
368 1769 516 1800 laudare
531 1770 722 1809 findamus.
760 1770 826 1800 Der

163 1814 255 1845 lnfiu.
272 1814 488 1855 nachfaeere
503 1820 585 1846 statt
599 1815 628 1845 d.
641 1814 763 1847 Partic.
779 1816 823 1856 (s.

165 1859 220 1891 IV.
247 1860 298 1899 16,
320 1860 360 1891 35
387 1871 427 1891 zu
449 1860 664 1901 impendere)
685 1861 729 1891 ist
755 1860 827 1892 hier

163 1915 216 1936 um
235 1915 269 1936 so
289 1904 492 1946 auffa'lliger,
510 1906 550 1937 da
570 1906 825 1948 colloquentem

162 1951 376 1992 vorhergeht.
401 1969 439 1973 —-—
468 1950 516 1982 Zn
542 1951 613 1983 dem
632 1950 721 1982 Plur.
740 1953 825 1993 for-

165 2000 284 2035 tunas,
302 1995 355 2027 fiir
368 1996 428 2027 den
442 1996 585 2037 Singul.,
599 1997 665 2038 vgl.
683 2007 714 2038 p.
732 1997 826 2029 Sulla

165 2042 219 2078 23,
230 2042 288 2073 66:
302 2042 347 2073 Et
359 2043 706 2084 semmdassortmzas
721 2053 774 2074 am
782 2045 827 2074 it-

166 2091 238 2119 tere
256 2091 398 2119 coactus
414 2092 467 2119 est
484 2092 519 2120 et
533 2091 567 2119 in
582 2088 737 2120 adversis
755 2091 827 2120 sine

166 2133 239 2165 ullo
259 2133 412 2165 remedio
428 2144 650 2175 permanere.

211 2175 279 2214 40.
324 2179 399 2210 116.
442 2180 628 2212 surdaster
640 2192 649 2209 .·
689 2184 827 2218 „etwas

166 2224 257 2260 taub,
278 2225 553 2267 schwerhtirig·⁴,
581 2220 646 2256 ἅπ.
665 2221 736 2267 λεγ.

210 2269 258 2302 M.
280 2270 438 2302 Licinius
458 2272 620 2310 Crassus,
643 2271 700 2301 der
718 2270 828 2302 reiche

166 2314 347 2353 Triumvir,
369 2316 439 2356 galt
465 2317 555 2348 nicht
580 2326 643 2347 nur
662 2315 714 2347 fiir
732 2316 829 2348 einen

166 2361 412 2393 beschriinkten
440 2360 547 2404 Kopf,
579 2361 719 2394 soudern
746 2362 830 2393 auch

168 2406 222 2438 fiir
239 2407 362 2448 geizig.

214 2453 305 2484 male
323 2453 495 2484 audiebat
518 2452 607 2494 giebt
632 2453 707 2485 hier
723 2453 755 2484 in
775 2452 834 2484 der

170 2494 518 2540 Gegeniiberstellung
542 2509 583 2529 zu
607 2503 687 2531 erat
708 2498 834 2530 surda—

172 2545 245 2573 ster
263 2543 315 2575 ein
342 2544 504 2576 hiibsches
519 2543 720 2585 Wortspielg
748 2544 833 2576 denn

173 2588 266 2619 male
284 2589 409 2621 audire
426 2590 471 2621 ist
487 2605 531 2615 π
545 2591 662 2626 κακῶς
679 2586 832 2628 ἀκούειν,

173 2633 204 2664 in
226 2633 333 2665 iibelm
348 2634 432 2666 Rufe
452 2636 576 2667 stehen.
612 2635 831 2668 Uebersetze:

896 1497 1007 1537 „dass
1041 1507 1077 1527 et·
1111 1496 1217 1527 nichts
1253 1495 1355 1528 Gutes
1388 1506 1451 1527 von
1486 1496 1554 1527 sich

894 1543 987 1573 horte
1000 1542 1038 1572 ⁴⁶.

939 1587 1074 1619 Nostri.
1109 1587 1222 1618 Davor
1246 1588 1334 1619 steht
1367 1587 1398 1618 in
1433 1587 1555 1619 allen

893 1631 992 1664 Mser.
1014 1633 1188 1675 Epicurei,
1211 1633 1270 1664 das
1289 1633 1360 1664 dem
1381 1633 1481 1664 Sinne
1499 1633 1558 1664 der

893 1678 997 1709 Stelle
1012 1688 1096 1719 ganz
1112 1678 1214 1709 fremd
1234 1679 1276 1710 ist
1294 1679 1359 1710 und
1378 1689 1440 1709 nur
1452 1679 1484 1710 in
1500 1679 1559 1709 der

893 1724 1126 1765 gesuchtesten
1145 1723 1261 1755 XVeise
1288 1723 1425 1764 (Cicero
1450 1724 1557 1755 ineine

895 1769 1074 1809 eigentlicll
1090 1770 1141 1800 dic
1154 1768 1274 1801 Ro'mer
1287 1770 1487 1810 iiberhaupt,
1503 1769 1559 1801 he-

895 1820 994 1846 nutze
1006 1814 1086 1845 aher
1097 1814 1188 1846 diese
1201 1813 1419 1856 Gelegenheit
1433 1814 1559 1857 [?],den

895 1862 977 1891 rom.
1005 1859 1211 1902 Epicureern
1242 1860 1336 1892 einen
1366 1860 1560 1892 Seitenhieb

895 1917 934 1937 zu
953 1905 1075 1946 gehen,
1096 1905 1204 1937 indem
1223 1916 1260 1937 er
1278 1906 1325 1937 sie
1352 1906 1401 1938 als
1428 1906 1479 1938 die
1499 1905 1561 1937 Re-

894 1951 1130 1993 priisentanten
1154 1951 1401 1992 mangelhaster
1419 1951 1561 1994 Sprach-

895 1997 1032 2037 bilduug
1064 1997 1234 2038 hinstelle)
1269 1997 1397 2029 erktiirt
1426 1998 1559 2029 werden

896 2043 1033 2074 konnte.
1063 2042 1140 2083 vgl.
1161 2043 1216 2084 37,
1239 2044 1300 2074 107
1329 2054 1371 2075 zu
1396 2044 1447 2075 At
1470 2046 1560 2075 enim.

895 2107 938 2111 —
956 2092 1168 2130 sapientem.

942 2145 1002 2166 aec
1015 2134 1142 2166 Graeci
1162 2134 1299 2173 Latine,
1324 2145 1384 2166 aus
1403 2137 1564 2166 nesciant

898 2180 1006 2222 suppl.
1017 2182 1152 2218 scz'zmt5
1165 2180 1226 2211 wie
1238 2180 1342 2212 Acad.
1354 2179 1395 2212 11.
1409 2181 1558 2219 42146:

896 2226 953 2257 Ita
973 2229 1012 2257 tu
1030 2236 1132 2265 nane,
1150 2225 1284 2265 Catule,
1302 2226 1416 2257 lacere
1433 2228 1559 2267 nescis,

898 2282 960 2302 nec
978 2275 1034 2303 ta.
1055 2271 1232 2310 Hortensi,
1253 2273 1288 2302 in
1309 2275 1371 2303 tua
1390 2272 1472 2303 villa
1498 2283 1562 2304 nos

900 2327 982 2347 esse.
1004 2315 1079 2357 Vgl.
1101 2315 1219 2357 Zumpt
1237 2316 1254 2358 §
1275 2318 1338 2348 774
1364 2328 1396 2348 u.
1419 2317 1563 2361 Seyffert

900 2373 974 2393 zum
992 2361 1088 2394 Lael.
1110 2361 1146 2394 S.
1163 2362 1284 2403 371fg.

947 2407 984 2439 id
998 2418 1058 2439 vor
1070 2418 1131 2439 nos
1147 2408 1272 2439 miisste
1289 2418 1324 2439 so
1339 2407 1466 2439 erkliirt
1478 2419 1563 2440 wer-

901 2453 977 2494 den,
995 2453 1070 2485 dass
1085 2453 1154 2485 Cic.
1172 2454 1269 2495 (statt
1286 2453 1563 2495 sardz'pt·0fecto

900 2500 1033 2536 sumas)
1048 2504 1117 2531 erst
1135 2499 1223 2530 bloss
1237 2510 1358 2531 sarnus
1373 2498 1480 2539 folgen
1499 2499 1564 2530 las-

903 2555 958 2576 sen
984 2545 1119 2583 wollte;
1148 2545 1186 2576 da
1214 2545 1294 2576 aber
1319 2545 1411 2576 diese
1430 2544 1563 2576 Anako-

902 2590 1007 2622 luthie
1024 2601 1138 2631 wegen
1165 2591 1224 2622 der
1242 2589 1351 2622 Hiirze
1370 2590 1426 2622 des
1446 2589 1563 2621 Satzes

903 2636 982 2668 doch
1004 2646 1063 2676 gar
1076 2647 1116 2668 zu
1131 2636 1298 2677 ansttissig
1315 2636 1370 2678 ist,
1385 2646 1420 2668 so
1435 2636 1564 2668 scheint
