1684 2819
574 175 599 207 L
613 174 622 206 1
636 176 659 206 Β
674 174 735 206 ER
754 175 810 208 111.
839 177 892 218 26,
915 178 968 209 63.
1406 179 1482 218 149

73 291 115 331 In
146 306 219 345 quo
254 292 423 333 facetum
447 290 541 330 illud
574 290 732 340 Bionis,
773 289 931 343 perinde
962 290 1233 332 stultissimum
1266 305 1400 345 regem
1442 293 1482 332 in

73 348 176 388 luctu
207 347 387 401 capillum
419 346 492 387 sihi
524 347 713 396 evellere,
747 348 857 400 quasi
889 347 1045 387 calvitio
1076 361 1234 388 maeror
1262 349 1478 390 levaretur.

73 405 148 444 Sed
179 405 273 444 haec
297 403 426 443 omnia
449 404 596 444 faciunt
625 404 829 458 opinantes
851 404 905 443 ita
928 405 1010 444 fieri
1035 412 1234 458 oportere.
1279 405 1412 459 Itaque
1441 412 1480 446 et
1501 413 1543 445 63

73 460 290 501 Aeschines
313 461 351 499 in
375 460 676 501 Demosthenem
700 461 915 510 invehitur,
941 461 1041 514 quod
1067 462 1101 502 is
1124 462 1289 516 septimo
1312 463 1372 503 die
1394 471 1482 516 post

72 517 173 557 filiae
196 524 360 557 mortem
385 517 532 558 hostias
555 517 857 558 immolavisset.
901 517 953 557 At
973 532 1086 569 quam
1106 519 1330 559 rhetorice!
1367 533 1480 572 quam

73 574 252 627 copiose!
279 587 375 627 quas
397 575 615 615 sententias
638 574 807 627 colligit!
834 587 934 626 quae
951 575 1071 614 verba
1093 576 1346 628 contorquet!
1374 583 1415 616 nt
1435 576 1482 615 li-

73 643 162 670 cere
181 630 334 683 quidvis
353 631 504 671 rhetori
522 631 733 685 intelligas.
754 630 861 681 Quae
879 644 992 670 nemo
1010 631 1212 684 probaret,
1227 632 1302 672 nisi
1319 633 1480 672 insitum

72 687 166 727 illud
194 687 234 727 in
257 687 398 727 animis
423 687 671 736 haberemus,
697 700 831 727 omnes
852 686 977 727 honos
999 687 1161 727 interitu
1183 702 1344 728 suorum
1368 702 1480 741 quam

73 743 308 797 gravissime
328 758 503 784 maerere
521 751 718 797 oportere.
744 744 807 782 Ex
826 742 897 782 hoc
915 744 1061 792 evenit,
1083 745 1179 784 utin
1197 744 1315 784 animi
1339 745 1482 784 dolori-

71 801 142 841 bus
165 800 232 840 alii
255 799 485 840 solitudines
509 807 679 853 captent,
704 807 746 839 ut
767 799 1037 840 airHomerus
1061 801 1107 840 de
1131 800 1452 854 Bellerophonte,

216 857 298 908 Qui
317 858 437 896 miser
458 858 498 896 2‘72
522 859 674 911 campis
695 870 881 896 maerens
903 856 1075 896 errabat
1092 857 1230 905 Aleis,

214 913 309 965 Ipse
329 926 443 952 suzan
467 927 540 953 cor
561 914 699 960 edens,
723 913 926 953 homiuum
949 915 1129 968 vestigia
1150 917 1299 953 vitans.

70 970 121 1009 Et
150 968 278 1008 Nioba
309 969 469 1022 fingitur
496 969 649 1024 lapidea
681 976 842 1024 propter
872 976 1098 1020 aeternum,
1133 971 1271 1020 credo,
1305 970 1345 1009 in
1376 970 1482 1010 luctu

72 1026 284 1066 silentium.
330 1026 527 1066 Hecubam
559 1034 687 1066 autem
718 1033 852 1080 putant
882 1033 1043 1080 propter
1075 1026 1194 1066 animi
1225 1027 1479 1067 acerbitatem

73 1082 263 1136 quandam
283 1090 321 1122 et
340 1083 489 1122 rabiem
512 1082 602 1136 fingi
624 1084 665 1122 in
690 1096 823 1123 canem
849 1097 936 1124 esse
959 1097 1206 1123 conversam.
1233 1083 1330 1123 Sunt
1353 1091 1482 1124 autem

72 1139 163 1189 alii,
196 1152 293 1192 quos
314 1139 354 1178 in
377 1140 482 1180 luctu
505 1155 590 1180 cum
613 1141 696 1193 ipsa
719 1139 930 1180 solitudine
953 1140 1058 1193 loqui
1080 1154 1197 1194 saepe
1221 1141 1405 1190 delectat,
1440 1147 1485 1179 ut

71 1195 138 1235 illa
165 1195 264 1250 apud
286 1196 456 1236 Ennium
488 1196 646 1237 nutrix:

71 1302 226 1342 wachen)
254 1303 418 1342 entlehnt,
447 1304 543 1335 einer
561 1303 742 1345 Tragodie,

72 1359 112 1379 zu
140 1348 198 1379 der
225 1348 284 1379 das
316 1349 368 1380 10.
391 1349 479 1380 Buch
508 1350 567 1381 der
585 1349 664 1381 Ilias
691 1350 743 1381 die

860 1303 1265 1356 l103n02us,11.V1.2o1
1289 1303 1356 1345 fga:

814 1343 893 1389 η’τοι
913 1346 930 1380 ὁ
949 1360 1027 1381 καπ
1051 1348 1182 1381 πεδίοι
1201 1346 1239 1381 τὸ
1256 1345 1396 1390 Ἀλήίοι
1414 1347 1487 1385 οἷος

74 1393 268 1434 Grundlage
294 1394 369 1435 gal).
389 1413 435 1416 ——
460 1395 510 1426 Zu
532 1396 743 1427 Homericus

71 1439 136 1471 und
163 1439 341 1471 Accianus
370 1465 394 1481 ‚,
409 1440 460 1471 bei
488 1440 611 1472 Homer
628 1459 671 1463 —
690 1441 742 1473 bei

71 1484 228 1516 Accius“
248 1485 317 1525 vgl.
338 1486 394 1525 27,
415 1486 454 1517 65
483 1486 541 1517 illc
563 1486 744 1518 Terentia-

74 1541 141 1561 nus
158 1533 233 1572 ipse
250 1541 286 1561 se
302 1533 480 1573 poenirns.

118 1576 158 1606 In
184 1586 266 1616 quo.
312 1576 354 1607 So
380 1576 420 1607 de
447 1576 502 1608 off.
532 1576 557 1607 l.
575 1576 632 1614 39,
656 1576 740 1607 1392

74 1620 169 1663 quod
201 1623 238 1651 in
266 1622 390 1653 multis
416 1622 498 1653 licet
531 1622 668 1659 dt'cere,·
704 1622 743 1652 de

74 1671 161 1698 orat.
191 1665 233 1697 ll.
263 1666 319 1706 61,
340 1667 425 1697 248:
463 1667 654 1698 ridiculum
691 1670 745 1698 est

71 1711 163 1743 illud
180 1710 421 1743 Neronianum
442 1717 540 1743 velus
562 1713 743 1753 infurace

72 1767 186 1789 servo.
211 1755 288 1797 Vgl.
310 1757 393 1788 oben
412 1768 453 1788 zu
474 1758 527 1797 lS,
549 1758 604 1789 39.

118 1802 198 1842 Bw,
226 1798 244 1833 ὁ
269 1804 561 1845 Βορισθειίτης,
597 1812 650 1833 um
677 1802 741 1834 300

8 1828 12 1876 i
73 1858 106 1879 v.
128 1846 209 1879 Chr.
222 1871 230 1887 ‚
261 1847 483 1890 C3renaiker,
513 1846 685 1890 sp'aterC]
686 1847 744 1878 ni-

73 1892 146 1930 ker,
182 1902 254 1924 war
287 1893 336 1924 als
369 1893 567 1925 satirischer
600 1892 745 1924 Schrift-

74 1917 191 1970 stellet·
214 1937 360 1969 Lueians
378 1937 531 1970 Vorbild.
564 1937 639 1980 Vgl.
661 1938 740 1969 Hor.

14 2030 15 2034 Ἰ
74 1984 172 2027 epist.
199 1982 241 2015 11.
263 1984 293 2024 2,
315 1984 370 2015 60.

120 2040 175 2072 63.
193 2043 228 2072 et
238 2033 430 2072 Aeschines
441 2059 484 2063 —
494 2042 687 2081 invehitur,
710 2041 742 2072 in

15 2106 16 2118 2
74 2095 101 2117 s.
116 2085 206 2117 Rede
224 2096 329 2127 gegen
344 2085 525 2128 Ctesiphon
546 2086 630 2128 §72
642 2087 745 2118 —Et

73 2131 118 2163 ist
135 2131 208 2162 hier
224 2131 389 2174 particula
408 2132 569 2174 pendens,
584 2132 646 2164 wie
661 2132 694 2172 3,
709 2132 742 2164 5.

118 2189 254 2220 hostias
263 2188 529 2221 immolavisset.
540 2188 742 2230 DasOpfern

13 2248 15 2275 ᾖ
72 2233 115 2265 ist
133 2233 207 2264 dem
220 2232 387 2265 Griechen
406 2238 490 2265 stets
503 2235 555 2266 ein
567 2234 743 2266 Ausdruck

13 2277 16 2284 '
75 2278 139 2310 fro
152 2278 169 2309 h
182 2288 199 2310 e
213 2289 227 2309 r
246 2277 479 2321 Empfindung.

117 2335 171 2366 At
183 2345 291 2377 quam
305 2336 480 2367 rhetorice
498 2341 562 2368 etc.
585 2337 653 2368 Aus
669 2337 742 2368 dem

73 2379 174 2412 Sinne
186 2380 476 2414 derBewunderer
485 2382 742 2414 desAeschines.

120 2447 210 2479 quae
227 2439 329 2470 verba
357 2442 569 2481 contorquet
586 2454 632 2464 =
649 2449 744 2469 sum-

15 2505 18 2516 .
74 2491 133 2512 ma
151 2484 185 2513 vi
200 2486 234 2514 et
253 2486 385 2526 impetu
399 2485 556 2526 pmffert.
593 2483 654 2515 Die
673 2482 743 2515 Me-

16 2536 19 2550 ¹
74 2517 195 2568 tapher
211 2528 255 2560 ist
266 2539 330 2560 von
346 2528 556 2562 Geschossen
577 2529 741 2569 enssehnt,

76 2571 127 2602 die
140 2581 214 2603 man
227 2573 375 2605 drehend
389 2575 565 2617 schwingt,
579 2584 633 2606 um
648 2575 741 2606 desto

73 2617 193 2648 weiter
210 2618 274 2649 und
293 2618 459 2661 kraftiger
476 2632 517 2652 zu
535 2619 667 2654 treffen.

1138 1391 1261 1431 ἀλᾶτο,

813 1450 854 1472 ο]
871 1437 992 1485 θιιιὸν
1005 1439 1179 1476 κατεδων,
1201 1436 1320 1471 mimz
1337 1434 1485 1483 ἆιθρώ-

1138 1496 1219 1517 mot
1238 1482 1422 1516 ἀλεεινωι.

814 1531 875 1562 Die
895 1530 1051 1562 Alei'sche
1069 1530 1184 1562 Ebene
1213 1532 1267 1571 lag
1294 1531 1346 1561 bei
1365 1529 1485 1561 Mallos

812 1576 843 1607 in
857 1576 997 1607 Cilicien
1012 1576 1077 1606 und
1092 1577 1185 1607 hatte
1198 1576 1280 1607 nach
1295 1576 1355 1606 den
1368 1574 1482 1606 Sehol.

813 1632 853 1652 zu
866 1621 960 1652 Hom.
975 1621 997 1651 l.
1013 1621 1033 1651 Ι.
1054 1621 1148 1652 ihren
1160 1620 1287 1652 Namen
1306 1621 1389 1651 eben
1408 1616 1484 1651 ἀπὸ

814 1678 875 1707 της
894 1667 955 1697 τοῦ
971 1663 1204 1711 Βελλεροᾳόι
1208 1678 1270 1698 του
1288 1661 1385 1707 ὅλης.
1422 1665 1487 1697 Die

813 1710 946 1743 Trauffl
958 1711 1015 1743 des
1031 1712 1114 1743 Bell.
1130 1713 1236 1752 hezog
1254 1712 1324 1743 sich
1344 1710 1406 1743 auf
1420 1711 1483 1742 den

813 1756 884 1788 Tod
911 1757 1024 1788 seiner
1048 1757 1164 1789 beiden
1191 1756 1320 1789 Hindel
1346 1756 1487 1788 Isander

812 1802 878 1833 und
898 1802 1093 1843 Laodamia,
1118 1813 1234 1834 wovon
1255 1801 1404 1834 Glaucus
1430 1801 1484 1833 bei

814 1848 907 1879 Hom.
929 1847 968 1879 ll.
987 1846 1043 1880 Vl.
1065 1849 1127 1879 155
1141 1848 1261 1879 —202
1281 1847 1426 1879 erziihlt.

859 1894 907 1925 Et
923 1892 1039 1925 Nioba
1059 1895 1223 1936 fingitur
1241 1897 1305 1925 ete.
1342 1891 1413 1924 Auf
1427 1892 1485 1923 das

812 1948 1115 1979 vorangegaugene
1140 1943 1219 1970 ut—
1229 1939 1489 1980 alii—camene

813 1984 913 2016 sollte
936 1985 1115 2024 eigentlich
1136 1985 1266 2026 folgen:
1288 1984 1353 2016 alii
1368 1987 1485 2015 aeter-

813 2041 898 2062 num
925 2030 1102 2062 silentium
1122 2034 1275 2068 servem,
1295 2033 1338 2061 ut
1353 2028 1482 2068 Nioba,

813 2086 904 2117 quae
921 2075 1067 2116 ideirco,
1085 2076 1207 2116 credo,
1220 2075 1361 2118 lapidea
1369 2075 1486 2116 fingi-

814 2125 896 2157 tur;
915 2125 999 2153 statt
1016 2121 1136 2153 dessen
1157 2121 1248 2152 fa'hrt
1266 2121 1326 2152 der
1343 2119 1488 2151 Schrift-

814 2166 931 2198 steller
956 2167 1039 2198 nach
1068 2167 1128 2198 der
1154 2166 1399 2206 Einsehaltung
1425 2164 1489 2196 mit

814 2212 921 2244 eiuem
956 2222 1061 2243 neuen
1089 2211 1298 2254 Hauptsatze
1334 2210 1413 2242 fort.
1441 2228 1489 2233 —

814 2257 884 2288 Zur
903 2256 1010 2288 Sache
1034 2257 1142 2297 vergl.
1170 2257 1265 2288 Hom.
1286 2256 1324 2288 ll.
1354 2254 1483 2287 XXIV.

814 2302 877 2334 602
892 2302 959 2343 fgg.
980 2313 1013 2334 u.
1034 2301 1132 2334 Ovid.
1154 2301 1234 2334 Met.
1250 2301 1309 2333 Vl.
1333 2302 1394 2332 146
1414 2300 1483 2341 fgg.

858 2346 1480 2386 Hecubam.Ovid.Met.Xlll.549fgg.

861 2393 1013 2425 delectat
1041 2394 1148 2425 haben
1172 2394 1247 2424 hier
1264 2393 1317 2424 die
1342 2391 1482 2423 meisten

814 2439 880 2470 und
899 2438 1016 2470 besten
1031 2439 1189 2479 Hdschr„
1207 2438 1298 2470 nieht
1316 2437 1483 2469 delectet.

812 2483 888 2524 Vgl.
910 2483 1030 2526 Zumpt
1049 2484 1065 2526 ἓ
1085 2485 1164 2517 563.

858 2529 1118 2571 apudEnnium
1137 2531 1277 2567 nutrezv,
1294 2528 1325 2558 in
1347 2527 1405 2558 del
1414 2524 1485 2557 Me-

813 2574 876 2606 dea
894 2575 985 2607 exul.
1014 2574 1058 2607 lm
1074 2574 1239 2615 Original,
1260 2573 1376 2615 Eurip.
1391 2570 1479 2602 Med.

812 2630 845 2651 v.
867 2620 908 2651 56
925 2630 995 2662 sqq.
1013 2632 1020 2652 ε
