1684 2819
111 254 153 287 29

121 1096 161 1129 30

185 143 262 182 122
754 137 810 169 DE
836 136 1018 170 OFFlcns

183 242 433 295 cupiditatum
449 240 495 278 ad
510 239 654 278 multos
671 238 872 289 improbos
880 238 1194 277 venithereditas.
1217 238 1393 278 Necvero
1405 250 1592 290 umquam

180 300 373 339 bellorum
391 296 556 335 civilium
573 306 705 334 semen
722 301 758 333 et
775 306 890 334 causa
906 294 1037 337 deerit.
1059 294 1153 333 dum
1168 294 1348 334 homines
1365 294 1504 346 perditi
1520 294 1591 333 ha-

181 361 282 396 stam
304 354 406 392 illam
428 358 625 392 cruentam
645 356 682 390 et
702 351 950 392 meminerint
969 356 1006 389 et
1028 350 1254 401 sperabunt:
1284 364 1398 402 quam
1421 351 1462 390 P.
1488 349 1593 390 Sulla

183 424 271 451 cum
304 410 493 448 vibrasset
527 408 710 447 dictatore
744 407 969 459 propinquo
1004 419 1096 453 suo,
1132 406 1232 445 idem
1262 413 1369 446 sexto
1398 407 1594 447 tricesimo

184 479 285 507 anno
308 472 399 517 post
420 479 441 505 a
463 464 706 504 sceleratiore
727 464 836 503 hasta
858 475 938 503 non
959 462 1131 502 recessit.
1172 462 1276 501 Alter
1296 469 1441 510 autem,
1470 463 1535 514 qui
1557 463 1596 501 in

184 524 246 563 illa
267 523 454 562 dictatura
475 521 602 560 scriba
625 522 756 567 suerat,
778 521 818 559 in
838 521 911 559 hac
932 520 1002 559 fuit
1019 524 1203 570 quaestor
1218 518 1404 559 urbanus.
1440 519 1495 558 Ex
1518 532 1596 570 quo

185 580 296 619 debet
312 578 476 629 intellegi
492 578 630 617 talibus
649 577 831 628 praemiis
850 576 1064 628 propositis
1081 588 1295 627 numquam
1312 576 1487 615 defutura
1502 575 1600 614 bella

186 636 319 676 civilia.
362 636 494 686 Itaque
515 634 678 686 parietes
708 634 826 672 modo
858 633 963 672 urbis
992 637 1094 671 stant
1122 637 1158 670 ct
1190 638 1366 679 manent,
1394 632 1496 683 iique
1523 631 1599 682 ipsi

185 694 262 732 iam
284 698 454 731 extrema
477 691 619 730 scelera
642 695 869 736 metuentes,
891 702 973 728 rem
996 701 1086 728 vero
1109 688 1302 740 publicam
1325 689 1479 740 penitus
1502 687 1600 727 ami-

187 749 322 788 simus.
366 748 489 799 Atque
517 748 556 786 in
584 748 654 786 has
677 747 801 786 clades
831 746 1040 785 incidimus
1063 745 1378 784 ——redeundum
1409 751 1469 784 est
1497 744 1602 783 enim

186 806 232 845 ad
254 805 504 856 propositum
522 827 588 849 —,
612 804 704 842 (lum
727 803 845 841 metui
869 815 983 854 qnam
1006 802 1081 841 cari
1104 814 1188 840 esse
1211 808 1247 840 et
1269 801 1371 852 diligi
1392 801 1599 840 malumus.

188 863 295 909 Quae
324 861 356 900 si
385 861 531 912 populo
560 861 737 899 Romano
766 860 906 898 iniuste
939 858 1143 909 imperanti
1183 858 1352 897 accidere
1381 863 1603 909 potuerunt,

189 918 277 969 quid
301 918 442 956 debent
462 922 599 968 putare
629 915 798 966 singuli?
841 916 956 962 Quod
992 927 1079 954 cum
1114 915 1364 965 perspicuum
1399 914 1449 953 sit
1485 914 1603 952 bene—

187 974 378 1013 volentiae
400 974 474 1011 vim
498 986 582 1011 esse
600 985 794 1023 magnam,
818 977 944 1010 metus
962 971 1203 1017 imbecillam,
1227 971 1400 1021 sequitur
1417 975 1460 1008 ut
1476 970 1603 1008 disse-

189 1042 319 1070 ramus
342 1030 482 1080 quibus
511 1029 627 1068 rebus
661 1028 837 1067 facillime
858 1027 1057 1078 possimus
1080 1039 1162 1065 eam
1186 1038 1300 1077 quam
1322 1026 1499 1065 volumus
1522 1025 1604 1064 adi-

191 1087 286 1139 pisci
310 1099 398 1125 cum
426 1086 576 1124 honore
606 1090 643 1123 et
664 1085 738 1123 fide
765 1084 973 1123 caritatem.
1017 1083 1093 1122 Sed
1120 1096 1161 1122 ea
1190 1095 1269 1122 non
1298 1082 1439 1134 pariter
1469 1094 1605 1122 omnes

191 1156 361 1194 egemus.
409 1142 506 1180 Nam
535 1142 582 1181 ad
610 1141 796 1192 cuiusque
830 1141 945 1180 vitam
981 1139 1194 1179 institutam
1231 1138 1606 1179 accommodandum

192 1206 261 1247 est,
284 1213 304 1238 a
326 1198 507 1237 multisne
530 1211 630 1249 opus
655 1198 705 1236 sit
727 1210 773 1235 an
797 1197 890 1235 satis
913 1197 961 1235 sit
978 1209 997 1234 a
1015 1196 1148 1247 paucis
1170 1196 1285 1247 diligi.
1315 1196 1470 1235 Certum
1494 1195 1608 1245 igitur

191 1257 267 1295 hoc
288 1256 337 1294 sit
364 1255 478 1306 idque
500 1261 537 1293 et
564 1255 734 1305 primum
764 1260 801 1292 et
829 1253 993 1292 maxime
1022 1252 1303 1299 necessarium,
1333 1251 1605 1291 familiaritates

175 1313 332 1355 „habere
355 1312 449 1350 fidas
471 1311 683 1350 amantium
706 1323 780 1349 nos
799 1311 1013 1349 amicorum
1037 1315 1073 1348 et
1093 1316 1227 1348 nostra
1249 1309 1490 1347 mirantium:
1514 1308 1607 1346 haec

242 1436 294 1467 29.
329 1435 368 1466 P.
387 1433 481 1466 Sulla
503 1435 593 1466 hatte
619 1435 686 1465 sich
712 1435 810 1465 sehon
837 1434 867 1464 in

195 1482 254 1512 der
272 1480 498 1521 Proscription
518 1484 618 1511 unter
635 1479 672 1510 L.
692 1479 785 1510 Sulla
804 1478 867 1509 672

197 1525 262 1563 (82)
293 1526 389 1556 einen
418 1524 543 1556 Namen
573 1524 759 1555 erworben.
809 1523 868 1555 Als

196 1570 399 1611 designirter
423 1570 545 1601 Consul
570 1569 634 1600 (588
661 1568 727 1608 (06)
754 1569 868 1600 wurdc

197 1626 233 1647 er
270 1625 386 1656 wegen
423 1615 631 1655 Bestechung
669 1613 870 1646 vcrurtheilt

196 1661 261 1692 und
285 1664 411 1692 musste
436 1660 571 1691 deshalb
607 1659 666 1690 aus
691 1659 761 1690 sein
793 1659 870 1690 Amt

196 1706 399 1737 verzieliten.
441 1705 532 1736 Auch
566 1705 626 1735 der
655 1704 869 1736 Theilnahine

197 1762 236 1782 an
267 1751 326 1782 der
366 1750 632 1782 catilinarischen
667 1749 869 1781 Verscliwii-

199 1806 282 1836 rung
306 1796 420 1826 wurde
445 1806 482 1826 er
506 1795 716 1835 beschuldigt
743 1795 805 1825 und
831 1794 871 1825 da

198 1851 260 1871 von
277 1840 344 1871 Cic.
360 1841 389 1871 in
405 1841 465 1871 der
479 1841 559 1871 noch
575 1840 765 1871 erhaltenen
782 1839 871 1870 Rede

200 1885 409 1925 vertheidigt.
449 1885 570 1926 Spiiter
593 1885 722 1915 schloss
743 1895 779 1915 er
802 1884 870 1915 sich

199 1941 238 1962 an
270 1930 393 1961 Caesar
420 1940 475 1969 an,
508 1930 571 1960 und
603 1930 773 1960 zeichnete
803 1929 870 1959 sich

201 1976 281 2006 nach
306 1975 424 2005 ‹lessen
454 1974 550 2013 Sicge
578 1974 640 2004 705
661 1974 726 2010 (4131
747 1973 872 2004 wieder

202 2020 300 2052 dur'ch
312 2019 497 2052 Aul'kaul'en
513 2019 756 2059 eingezogener
767 2017 873 2050 Giiter

201 2075 280 2103 aus3
299 2065 337 2095 ad
358 2064 431 2095 fam.
448 2064 523 2104 XV,
542 2063 591 2103 19,
611 2062 629 2093 3
649 2063 765 2105 ltaque
781 2062 875 2094 Sulla

201 2129 245 2133 ——
260 2111 372 2141 onmia
388 2111 475 2141 bona
491 2110 620 2140 coemit.

249 2155 358 2195 Alter,
385 2155 445 2186 der
468 2155 590 2186 andere
609 2153 795 2193 Corneliev,
822 2153 873 2183 ein

203 2201 477 2239 Freigelassener
519 2199 577 2230 des
621 2198 724 2229 Sulla.
793 2198 873 2229 Sall.

204 2245 317 2285 fragm.
344 2244 372 2285 I,
398 2245 457 2283 45,
486 2244 523 2275 17
549 2245 599 2275 ed.
625 2242 720 2274 liritz
744 2242 876 2275 Scilicet

203 2292 281 2333 quia
298 2300 363 2321 non
383 2290 480 2321 aliter
493 2289 579 2321 salvi
593 2290 743 2330 satisque
761 2290 827 2320 tan·
842 2289 874 2319 in

203 2337 355 2379 imperils
374 2337 484 2377 erilis,
501 2336 569 2366 711⁴ss
586 2334 603 2366 l
613 2334 727 2365 'euius
747 2334 873 2374 Picens,

204 2382 317 2412 scriba
336 2379 508 2412 Cornelius
531 2379 640 2411 aliena
657 2380 738 2410 bene
752 2381 877 2423 parata

203 2426 435 2469 prodegerinl.
486 2425 589 2455 Sonst
618 2425 661 2456 ist
689 2424 749 2455 der
778 2423 876 2456 Mann

206 2470 405 2501 unbekannt.

250 2518 419 2557 quaestor.
454 2516 578 2546 Cacsar
605 2515 795 2545 verinehrte
825 2514 877 2544 die

208 2560 289 2592 zahl
320 2561 378 2591 der
407 2560 614 2602 Quaestoren
649 2558 707 2590 aui'
739 2559 780 2590 40
814 2558 878 2589 und

944 1434 1037 1465 nalnn
1067 1432 1205 1463 viell'acli
1230 1432 1336 1463 Leute
1365 1442 1429 1462 von
1459 1431 1613 1462 niedercr

944 1477 1124 1518 Herkunft,
1159 1488 1258 1518 sog-ar
1287 1476 1517 1508 Provincialen
1546 1476 1613 1507 und

943 1523 1197 1563 Freigelassene
1222 1523 1253 1553 in
1276 1523 1337 1554 den
1368 1521 1427 1553 aus
1446 1521 1511 1552 900
1535 1520 1614 1552 Mit-

943 1568 1070 1609 glieder
1109 1570 1364 1609 vergi-iissertcn
1407 1566 1510 1598 Senat
1548 1565 1612 1597 auf.

944 1613 1126 1645 Mommsen
1144 1612 1186 1644 HI
1204 1624 1233 1655 p.
1253 1612 1328 1644 452.

988 1672 1136 1713 parietes
1154 1688 1196 1691 —
1221 1671 1426 1700 metuentes:
1455 1679 1485 1710 p.
1511 1667 1613 1700 Marc.

945 1715 974 1755 3,
991 1716 1027 1746 10
1046 1716 1208 1754 Parietes,
1224 1714 1356 1746 medius
1364 1714 1484 1757 fidius,
1502 1716 1539 1746 ut
1554 1715 1616 1744 mi-

945 1761 980 1791 ln'
998 1760 1126 1792 ridetur
1143 1760 1244 1791 huius
1262 1761 1376 1792 ent-iae
1399 1761 1460 1791 tibi
1477 1759 1615 1801 grafia-s

944 1817 1048 1848 aget-c
1061 1807 1228 1848 gestiant.

994 1862 1088 1901 (laod
1104 1873 1189 1893 eune.
1224 1861 1318 1901 (laod
1341 1861 1431 1892 (lient
1454 1870 1514 1891 zur
1530 1859 1616 1891 Ver-

946 1906 1116 1948 kniipsung
1134 1908 1194 1937 der
1211 1907 1329 1938 Siitze.
1359 1906 1420 1936 wie
1439 1905 1468 1936 in
1488 1905 1561 1936 dem
1579 1914 1616 1934 so

946 1951 1098 1991 ha'ufigen
1117 1951 1245 1993 quodsi,
1267 1951 1355 1993 quod
1370 1952 1428 1992 qui
1450 1949 1470 1990 l,
1494 1949 1543 1987 14,
1563 1949 1615 1980 44.

946 1996 1035 2038 qnod
1051 1998 1128 2038 quia
1156 1996 1194 2027 de
1214 1997 1265 2027 tin.
1293 1995 1320 2035 l,
1346 1994 1404 2029 20,
1429 1994 1482 2025 67.
1532 1993 1621 2035 quod

947 2044 1103 2083 qnoniam
1122 2042 1161 2072 ‹le
1182 2041 1233 2072 lin.
1256 2040 1306 2074 lll,
1330 2040 1379 2079 15,
1399 2040 1451 2071 59.
1489 2042 1540 2070 An
1558 2049 1618 2070 an-

947 2088 1046 2117 deren
1067 2086 1193 2117 Stellen
1225 2086 1313 2117 stelit
1330 2086 1400 2116 (lies
1418 2084 1507 2127 quod
1529 2084 1620 2115 mehr

949 2131 1139 2162 relativiscli
1159 2131 1222 2162 und
1233 2131 1314 2162 wird
1330 2130 1431 2162 durch
1448 2129 1542 2161 einen
1555 2128 1618 2160 fol-

948 2177 1075 2216 genden
1086 2176 1164 2207 Satz
1179 2175 1361 2214 erl'autert3
1378 2173 1530 2213 s.111.31,
1545 2173 1616 2205 112.

993 2219 1238 2263 1103:z.§17.

995 2286 1071 2307 cum
1084 2276 1211 2307 honore
1229 2277 1261 2306 ct
1269 2273 1344 2316 fide
1360 2276 1551 2306 cam'tatem:
1568 2273 1620 2304 die

951 2321 1069 2360 Liebe,
1099 2320 1150 2351 die
1175 2320 1242 2351 sich
1267 2318 1326 2350 auf
1343 2319 1430 2350 Ehre
1454 2319 1518 2349 und
1537 2317 1621 2350 Ver-

951 2371 1067 2397 trauen
1086 2365 1244 2405 griindet3
1263 2375 1289 2395 s.
1309 2363 1339 2405 ξ.
1361 2363 1413 2394 21.

997 2421 1049 2452 30.
1083 2424 1203 2452 nostra
1231 2421 1449 2451 mitvmtium:
1485 2419 1621 2450 bewun-

951 2467 1031 2498 dern
1047 2467 1089 2498 ist
1105 2466 1175 2497 bier·
1187 2466 1238 2497 ein
1249 2476 1288 2496 zu
1299 2463 1622 2502 starkcrAusdruck,

952 2522 987 2543 es
1003 2512 1046 2543 ist
1056 2511 1215 2542 vielincbr
1228 2510 1481 2549 hochschatzen,
1500 2519 1623 2541 unsern

954 2556 1073 2588 &Vertit
1092 2555 1316 2587 anerkennen.
