1684 2819
606 141 1064 182 LIBER11.11‚26.27.
1492 142 1544 181 89

138 258 219 298 Vix
239 257 359 311 igitur
379 269 494 310 posse
515 257 696 297 videmur
716 256 771 295 ita
793 255 974 296 affectum
1004 270 1083 296 non
1108 255 1294 297 miserum
1318 256 1462 304 dicere,
1488 262 1541 305 et,
1568 255 1616 300 11

140 315 174 355 si
207 315 306 354 hunc
336 314 547 363 miserum,
581 320 688 353 certe
720 313 893 353 dolorem
926 313 1086 353 malum.

254 368 314 410 A.
348 370 408 410 Tu
430 370 583 422 quidem
607 370 732 410 adhuc
754 383 879 410 meam
903 383 1081 410 caussam
1103 369 1204 423 agis.
1249 367 1323 407 Sed
1353 368 1426 409 hoc
1454 383 1549 409 mox
1572 376 1613 408 26

140 426 293 466 videro.
316 426 501 475 ‚Interea,
529 427 631 467 unde
652 426 716 467 isti
737 426 909 467 versus?
938 440 1016 465 non
1040 426 1143 465 enim
1166 439 1354 480 agnosco.
1392 425 1456 466 M.
1482 426 1549 465 Di-

141 497 223 523 cam
246 481 403 532 hercle,
437 483 580 522 etenim
604 490 711 522 reete
734 482 920 536 requiris.
946 482 1117 523 Videsne
1139 483 1337 523 abundare
1359 495 1420 522 me
1443 482 1550 522 otio?

142 539 200 580 A.
237 538 338 589 Quid
369 540 478 578 tum?
518 539 582 580 111.
614 539 739 580 Fuisti
770 552 900 592 saepe,
927 539 1060 588 credo,
1086 553 1202 591 quum
1224 538 1390 578 Athenis
1420 552 1546 587 esses,

140 595 181 635 in
211 595 356 636 scholis
392 595 724 649 philosophorum.

770 597 829 636 A.
853 594 960 634 Vero
991 608 1037 634 ac
1069 595 1238 634 libenter
1268 595 1438 647 quidem.
1482 595 1547 636 M.

141 652 493 692 Animadvertebas
515 652 650 704 igitur,
676 652 749 691 etsi
773 659 851 690 tum
876 663 990 690 nemo
1013 658 1100 690 erat
1120 651 1325 690 admodum
1349 651 1547 705 copiosus,

141 715 401 749 veruntamen
430 722 573 748 versus
604 708 651 747 ab
681 707 729 747 iis
761 706 969 747 admisceri
999 707 1183 746 orationi.
1228 706 1288 747 A.
1319 707 1376 746 Ac
1407 708 1550 748 multos

143 765 296 818 quidem
314 777 336 803 a
354 764 541 818 Dionysio
557 763 704 803 Stoico.
729 762 793 803 M.
820 763 948 802 Probe
967 763 1077 803 dicis.
1104 763 1176 803 Sed
1200 763 1233 803 is
1257 764 1365 815 quasi
1391 764 1549 812 dietata,

143 820 248 860 nullo
280 819 447 869 delectu,
481 819 586 860 nulla
609 820 827 873 elegantia;
862 820 974 861 Philo
997 827 1033 859 et
1056 820 1254 873 proprium
1278 833 1483 859 numerum
1515 829 1554 861 et

142 877 244 916 lecta
274 880 454 941 poemata
486 884 524 916 et
555 876 641 916 loco
673 876 927 930 adiungebat.
973 876 1106 928 Itaque
1137 883 1341 929 postquam
1372 877 1552 917 adamavi

144 933 244 972 hanc
280 935 389 985 quasi
430 927 623 973 senilem
626 930 981 982 declamationem,
1026 932 1202 973 studiose
1244 932 1422 985 equidem
1465 940 1554 973 utor

144 989 292 1029 nostris
314 989 454 1043 poe'tis,
489 990 572 1039 sed,
605 990 730 1029 sicubi
758 989 815 1029 illi
837 990 1080 1039 defecerunt,
1104 990 1206 1029 verti
1238 989 1322 1042 ipse
1352 989 1474 1029 multa
1507 990 1552 1029 de

145 1045 327 1095 Graecis,
350 1060 398 1086 ne
422 1060 496 1099 quo
519 1053 751 1087 ornamento
773 1046 814 1086 in
838 1047 910 1086 hoc
931 1059 1078 1100 genere
1101 1045 1376 1099 disputationis
1400 1054 1556 1086 careret

144 1101 283 1142 Latina
306 1102 448 1142 oratio.
484 1102 559 1142 Sed
580 1103 760 1153 videsne,
786 1107 924 1156 poetae
946 1103 1037 1155 quid
1057 1102 1150 1142 mali
1172 1103 1367 1142 afferant?
1389 1103 1556 1143 Lamen-
1612 1124 1614 1128 v

147 1164 276 1199 tantes
298 1159 491 1199 inducunt
513 1159 746 1200 fortissimos
769 1160 893 1209 viros,
918 1159 1098 1199 molliunt
1120 1160 1271 1199 animos
1296 1167 1468 1208 nostros,
1503 1161 1555 1200 ita

146 1223 237 1255 sunt
267 1215 406 1254 deinde
429 1216 575 1265 dulces,
600 1223 742 1256 utnon
763 1216 945 1270 legantur
967 1216 1099 1264 modo,
1130 1216 1198 1255 sed
1229 1215 1346 1255 etiam
1377 1216 1555 1256 ediscan-

145 1278 224 1311 tur.
269 1272 332 1311 Sic
363 1272 410 1311 ad
440 1273 583 1312 malam
614 1273 866 1314 domesticam
897 1272 1140 1326 disciplinam
1170 1272 1369 1325 vitamque
1399 1273 1555 1313 umhra-

145 1327 252 1367 tilem
289 1335 327 1367 et
362 1328 566 1369 delicatam
605 1344 721 1382 quum
763 1336 1018 1370 accesserunt
1059 1329 1176 1369 etiam
1213 1333 1375 1383 poetae,
1409 1344 1555 1370 nervos

192 1489 250 1527 11.
277 1495 311 1523 sz'
336 1493 428 1524 hune
453 1496 647 1534 miser-um,
666 1504 712 1526 se.
735 1495 818 1526 (liei-

148 1547 246 1575 mus,-
280 1541 374 1569 certe
399 1538 555 1569 dolorem
584 1540 741 1579 malam,
771 1550 817 1571 sc.

151 1582 267 1614 dicere
295 1585 469 1624 cogimur.
504 1583 552 1614 Es
570 1583 692 1616 kb'nnte
721 1585 820 1615 kurz-

150 1637 222 1667 weg
237 1627 391 1658 heissen:
409 1631 454 1667 et,
471 1629 576 1659 sz'lzz'e
589 1632 709 1669 miser,
727 1633 821 1661 certe

151 1673 253 1703 dolor
278 1672 435 1712 malum5
466 1673 547 1704 aber
575 1673 636 1705 der
660 1674 821 1706 Lateiner

149 1717 236 1749 liebt
263 1718 324 1749 den
344 1718 527 1749 Ansehluss
550 1728 591 1749 an
611 1719 662 1751 die
683 1721 820 1752 1011181-

152 1763 301 1804 gehende
321 1761 570 1794 Construction.

197 1819 253 1850 26.
289 1829 374 1850 moa:
400 1819 535 1851 szdero
571 1818 703 1851 Ebenso
722 1818 764 1852 V.
786 1822 818 1862 7,

152 1864 213 1896 20:
234 1864 304 1896 Sed
320 1864 451 1904 videro,
466 1864 552 1906 quid
570 1866 723 1905 efficiat,-
744 1869 821 1897 tan-

154 1911 266 1951 tisper
283 1914 347 1941 etc.
374 1908 495 1951 Zumpt
513 1909 530 1951 ξ
550 1910 628 1940 511.

197 1975 373 2007 agnosco,-
408 1966 514 2006 vergl.
541 1965 565 1997 l.
594 1965 625 2006 8,
650 1966 710 1997 15:
748 1968 820 1997 iam

152 2020 305 2051 agnosco
327 2010 511 2042 Graecam.

198 2066 290 2099 Vero
335 2068 407 2108 „ja
441 2067 548 2107 wohl,
584 2068 818 2108 allerdings“.

151 2110 246 2143 Brut.
276 2112 332 2152 87,
356 2112 441 2143 300:
478 2092 548 2144 Sed,
576 2117 615 2145 tu
643 2116 821 2145 or'atzones

151 2157 252 2188 nobzs
286 2161 420 2189 Veteres
453 2159 679 2200 eaeplicabts?
713 2160 817 2200 Vm,

152 2212 310 2244 mquam,
330 2202 454 2234 Brute.

198 2258 392 2290 admzscerz·
416 2262 588 2292 orationi.
626 2259 687 2291 Die
706 2261 821 2292 dama-

150 2303 243 2343 ligen
255 2302 476 2346 Philosophen
495 2306 652 2347 pssegten,
672 2316 725 2337 um
745 2306 820 2337 ihre

150 2347 316 2389 Vortr‘zige
348 2350 575 2389 anziehende1¹
599 2361 641 2382 zu
666 2352 819 2392 machen,

153 2392 325 2425 dieselben
373 2395 433 2426 mit
472 2395 735 2428 Dichterstellen
778 2407 821 2428 zu

154 2438 395 2481 durchweben,
417 2441 457 2482 ja
482 2441 530 2473 oft
555 2452 596 2473 zu
621 2438 819 2473 iiberladen.

154 2482 246 2515 Auch
266 2484 389 2521 ,Cicero
424 2486 468 2517 ist
496 2497 558 2517 von
585 2487 711 2519 diesem
737 2486 823 2519 Vor-

155 2529 262 2561 wurfe
288 2530 381 2562 nicht
405 2541 489 2570 ganz
516 2531 804 2574 freizusprechen.

193 2574 386 2618 Dionysius
398 2576 539 2609 Stoicus
554 2578 599 2609 ist
612 2578 704 2609 nieht
718 2578 824 2609 n'aeiher

888 1494 1049 1526 bekannt.
1076 1494 1144 1525 Der
1162 1495 1216 1533 25,
1232 1495 1273 1526 60
1293 1495 1464 1526 erwahnte
1478 1495 1560 1526 Dio-

890 1540 1006 1582 nysius
1026 1540 1071 1571 ist
1090 1540 1143 1571 ein
1162 1541 1318 1580 anderer,
1340 1541 1480 1572 fflterer.

936 1585 1076 1616 dictata
1119 1609 1142 1624 ,‚
1155 1585 1361 1625 Lectionen,
1407 1586 1460 1617 die
1495 1586 1558 1618 den

889 1629 1054 1660 Schiilern
1113 1640 1186 1661 zum
1235 1631 1559 1672 Auswendiglernen

890 1675 1004 1706 dictirt
1022 1674 1153 1717 sind“3
1174 1686 1209 1706 so
1229 1676 1268 1706 (le
1288 1676 1342 1707 fin.
1366 1676 1422 1708 lv.
1443 1678 1475 1717 4,
1500 1677 1558 1708 10:

889 1723 995 1762 quasi
1011 1720 1149 1752 (lictata
1169 1721 1372 1753 decantare.
1406 1722 1468 1753 Die
1488 1723 1559 1754 drei

890 1764 1033 1805 Begriffe
1060 1768 1167 1806 quasi
1190 1766 1347 1806 dietata,
1379 1768 1475 1798 nullo
1502 1768 1561 1798 de-

890 1810 1002 1850 lectu,
1050 1811 1149 1842 nulla
1195 1811 1377 1851 elegantia
1424 1813 1559 1844 werden

890 1856 993 1886 durch
1029 1855 1082 1886 die
1116 1855 1293 1896 folgenden
1328 1857 1399 1889 drei
1430 1856 1561 1898 Gegen—

891 1901 984 1932 siitze
1010 1901 1115 1932 niiher
1132 1901 1314 1933 bestimmt.

934 1946 1049 1985 Plzz'lo,
1080 1956 1107 1977 5.
1128 1946 1212 1978 011811
1236 1948 1268 1987 3,
1289 1948 1322 1978 9.

937 1991 1010 2022 loeo
1025 2006 1070 2016 Ξ
1083 2002 1147 2023 suo
1162 1992 1281 2034 (apto)
1301 1993 1398 2033 [θεας
1419 1994 1502 2024 auch
1523 1996 1559 2024 in

891 2036 966 2067 loeo
984 2036 1110 2068 kommt
1128 2047 1164 2068 so
1182 2047 1254 2068 vor.

936 2082 1027 2112 hane
1043 2100 1088 2105 —
1106 2082 1422 2122 declamationem,
1452 2083 1560 2124 philo-

889 2127 982 2168 soph.
1011 2125 1176 2168 Vortr'fige
1207 2128 1275 2159 und
1301 2127 1562 2170 Disputiriibun-

890 2182 975 2212 gen3
1000 2173 1068 2212 vgl.
1092 2172 1117 2203 l.
1138 2174 1171 2213 4,
1192 2174 1225 2203 7.

936 2217 991 2248 27.
1032 2220 1143 2249 vitam
1176 2219 1429 2250 umbratilem:
1468 2244 1491 2259 „
1506 2220 1560 2251 ein

891 2262 1219 2303 zuriickgezogenes,
1234 2264 1482 2303 gemiichliches
1499 2265 1561 2296 Le—

890 2307 997 2345 ben“,
1020 2307 1208 2348 Gegensatz
1227 2320 1268 2340 zu
1283 2310 1342 2341 der
1357 2310 1561 2351 laoescren-

890 2355 938 2384 sis
958 2352 1067 2394 (Brut.
1086 2354 1117 2390 S,
1132 2354 1203 2395 32).
1223 2353 1300 2395 Vgl.
1320 2356 1374 2395 15,
1389 2355 1451 2386 36:
1472 2365 1562 2396 quae

891 2398 1134 2439 (sc-feminae)
1152 2400 1363 2432 mollissimo
1382 2401 1479 2432 cultu
1495 2411 1562 2442 pa—

891 2445 1020 2475 rietum
1049 2445 1185 2476 umbris
1211 2447 1442 2485 aemulantur,-
1465 2446 1558 2477 Brut.

892 2488 924 2528 9,
944 2488 1006 2520 37:
1042 2489 1236 2522 Phalereus
1267 2494 1495 2533 processerat
1524 2492 1560 2522 in

891 2534 1002 2565 solem
1028 2538 1064 2566 et
1078 2535 1259 2577 pulverem
1284 2547 1300 2567 e
1322 2536 1565 2577 Theophrasti

893 2589 948 2610 um
957 2580 1123 2611 bracale's.
