1684 2819
575 214 654 246 Lm.
673 214 695 246 1.
736 214 828 247 cAP.
848 215 900 247 21.
919 215 972 247 22.
991 215 1044 247 23.
1462 218 1513 257 65

225 317 430 364 Quaeritur
465 317 637 368 primum
674 318 713 355 in
743 330 784 356 ea
813 318 1054 369 quaestione,
1093 331 1190 369 quae
1218 324 1277 357 est
1304 319 1349 357 de
1377 324 1514 358 natura

110 376 289 420 deorum,
313 374 440 412 sintne
462 374 511 412 dii
535 386 656 412 necne
678 374 765 412 sint.
807 375 964 413 Difficile
986 380 1043 413 est
1064 387 1213 425 negare.
1256 375 1397 422 Credo,
1419 375 1452 414 si
1473 375 1513 414 in

110 431 297 470 concione
319 436 540 481 quaeratur,
569 431 632 468 sed
662 430 700 468 in
723 430 945 469 huiusmodi
975 444 1153 470 sermone
1175 438 1210 470 et
1234 432 1296 482 [in]
1323 443 1511 470 consessu

109 486 342 526 facillimum.
380 487 510 538 Itaque
530 499 600 537 ego
624 487 706 538 ipse
729 487 912 537 pontifex,
936 487 998 538 qui
1017 488 1270 527 caerimonias
1287 488 1512 538 religiones-

110 556 182 594 que
203 543 375 594 publicas
399 544 643 582 sanctissime
664 544 825 581 tuendas
848 544 1031 588 arbitror,
1056 544 1087 582 is
1110 545 1195 591 hor⁷
1218 545 1320 595 quod
1342 545 1511 595 primum

109 605 178 645 est,
209 612 296 637 esse
319 600 429 645 deos,
459 600 679 651 persuaderi
710 599 803 637 mihi
830 611 910 638 non
934 600 1118 650 opinione
1140 601 1286 648 solum,
1309 601 1375 639 sed
1399 601 1512 639 etiam

109 656 154 694 ad
177 656 370 694 veritatem
389 656 499 706 plane
515 656 636 693 velim.
676 655 789 693 Multa
808 656 908 693 enim
928 663 1137 694 occurrunt
1155 670 1250 707 quae
1268 657 1511 703 conturbent,

109 718 150 750 ut
171 712 363 750 interdum
390 712 481 750 nulli
509 724 593 749 esse
615 711 822 749 videantur.
874 712 947 749 Sed
971 712 1072 759 ride,
1103 725 1219 763 quan]
1247 719 1372 751 tecum
1401 725 1511 763 agam
1539 720 1582 753 62

109 767 329 806 liberaliter:
360 781 455 820 quae
483 767 702 805 eommunia
731 772 821 805 sunt
842 768 949 805 vobis
979 781 1064 806 eum
1089 769 1222 807 ceteris
1251 769 1510 820 philosophis,

109 837 189 862 non
211 824 405 874 attingam,
427 829 469 861 ut
490 824 565 861 hoc
586 823 733 874 ipsum:
757 824 878 874 placet
900 824 1000 861 enim
1025 825 1208 863 omnibus
1231 826 1318 870 fere,
1340 825 1512 876 mihique

109 881 183 931 ipsi
198 880 236 917 in
253 880 401 930 primis,
420 880 513 918 deos
529 892 625 917 esse.
649 880 778 930 ltaque
793 892 872 918 non
891 893 1034 931 pugno.
1058 881 1259 919 Rationem
1276 888 1401 919 tamen
1418 893 1513 927 eam,

109 948 204 987 quae
225 948 244 973 a
266 942 301 974 te
323 937 495 981 affertur,
523 948 602 974 non
629 936 720 974 satis
742 937 891 975 firmam
922 942 1029 987 puto.
1073 938 1183 984 Quod
1213 938 1312 975 enim
1337 937 1511 975 omnium
1535 937 1590 977 23

108 992 276 1041 gentium
301 1005 562 1043 generumque
590 992 812 1030 hominibus
841 993 890 1030 ita
913 993 1119 1040 videretur,
1148 994 1184 1032 id
1215 994 1306 1032 satis
1329 1005 1512 1043 magnum

108 1061 192 1086 esse
210 1057 479 1098 argumentum
497 1049 636 1095 dixisti,
654 1062 721 1087 cur
737 1062 823 1087 esse
838 1050 931 1088 deos
949 1050 1232 1088 confiteremur.
1265 1050 1376 1097 Quod
1395 1062 1513 1100 quum

107 1105 186 1142 leve
213 1117 282 1155 per
310 1118 370 1149 se,
400 1113 480 1144 tum
509 1105 620 1143 etiam
650 1106 787 1143 falsum
818 1112 887 1144 est.
940 1107 1112 1144 Primum
1143 1107 1243 1144 enim
1272 1107 1374 1145 unde
1401 1111 1514 1144 notae

109 1161 174 1199 tibi
203 1167 293 1199 sunt
322 1162 526 1212 opiniones
554 1160 786 1200 nationum?
839 1163 1024 1213 Equidem
1061 1163 1229 1201 arbitror
1261 1163 1400 1201 multas
1429 1174 1515 1200 esse

108 1223 237 1267 gentes
256 1217 310 1255 sic
328 1218 564 1257 immanitate
581 1219 766 1263 efferatas,
789 1224 829 1256 ut
846 1219 946 1269 apud
965 1232 1027 1257 eas
1045 1220 1143 1257 nulla
1162 1219 1333 1270 suspicio
1352 1219 1513 1257 deorum

109 1273 168 1311 sit.
211 1272 340 1320 Quid?
381 1274 575 1323 Diagoras,
599 1269 738 1321 elac-03
760 1275 823 1324 qui
846 1276 968 1313 dietus
992 1282 1069 1321 est,
1092 1282 1303 1326 posteaque
1326 1275 1510 1313 Theodo-
1542 1277 1584 1310 63

109 1342 174 1368 rus
197 1342 327 1367 nonne
348 1338 478 1381 aperte
501 1332 661 1369 deorum
685 1336 859 1370 naturam
890 1330 1156 1370 sustulerunt?
1197 1332 1291 1369 Nam
1315 1330 1514 1369 Abderites

110 1386 263 1436 quidem
287 1387 537 1437 Protagoras,
567 1387 674 1425 cuius
697 1400 716 1425 a
738 1393 773 1425 te
796 1389 912 1426 modo
936 1388 1081 1426 mentio
1106 1390 1200 1426 saeta
1223 1394 1294 1433 est,
1318 1387 1515 1438 sophistes

109 1442 349 1493 temporibus
373 1444 443 1481 illis
466 1444 521 1481 vel
547 1444 754 1489 maximus,
784 1458 902 1495 quum
933 1445 969 1482 in
993 1444 1184 1495 print-ipio
1209 1444 1293 1482 libri
1316 1444 1371 1482 sie
1393 1455 1516 1494 posu-

111 1553 183 1592 ben,
201 1554 324 1584 diesem
340 1553 627 1585 Sachverh'altniss
646 1555 775 1594 gemass

112 1599 169 1629 das
193 1598 334 1640 Tempus
365 1599 404 1629 im
437 1598 640 1630 Relativsatz
671 1609 706 1629 so
736 1610 777 1629 zu

113 1648 237 1681 setzen,
252 1644 302 1674 als
318 1644 406 1674 ware
426 1644 514 1675 nieht
527 1644 615 1679 dreit,
635 1644 775 1674 sondern

112 1688 200 1719 diaeit
208 1689 512 1728 voi-hergegangen.
528 1689 687 1730 Beispiele
700 1690 779 1718 111111-

111 1733 214 1764 licher
232 1734 294 1764 Art
312 1734 380 1764 sind
401 1734 481 1764 oben
502 1744 528 1764 e.
548 1734 596 1769 15,
617 1733 657 1764 39
678 1733 778 1774 (flue-

112 1781 189 1809 rent
204 1781 304 1820 utque
319 1780 519 1815 ‘'nauarent.)
537 1779 577 1809 ib.
595 1779 636 1808 40
656 1778 778 1820 (appel-

113 1823 251 1861 Ιανθηΐὶς
267 1825 389 1854 andere
404 1823 506 1863 geben
525 1823 629 1854 Haase
644 1834 683 1853 zu
701 1823 776 1853 Rei-

112 1868 162 1907 sig
179 1869 273 1899 Anm.
293 1869 357 1899 500
382 1879 411 1899 u.
435 1867 568 1908 Madvig
591 1879 632 1898 zu
650 1869 714 1898 Cic.
738 1868 777 1898 de

112 1912 206 1943 Finn.
226 1924 255 1954 p.
274 1913 350 1944 454.

155 1959 188 1989 iu
208 1968 377 1989 consessu.
411 1957 519 1988 VVenn
534 1958 586 1988 die
602 1957 776 1999 Praeposi-

112 2003 179 2033 tion
206 2003 324 2043 richtig
346 2003 415 2033 sein
440 2003 555 2041 sollte,
587 2014 623 2033 so
652 2003 778 2034 miisste

112 2058 183 2078 man
201 2049 399 2087 annehmen,
424 2049 500 2078 dass
525 2049 576 2079 ein
599 2047 698 2078 Wort
716 2048 778 2078 wie

112 2093 172 2123 lzoc
201 2093 252 2124 od.
283 2093 343 2124 talc·
370 2094 420 2124 od.
451 2093 515 2133 dgl.
542 2104 603 2124 vor
621 2103 779 2124 consessu

113 2137 316 2177 ausgel'allen
337 2139 394 2169 sei.

157 2193 219 2224 ego
245 2184 318 2225 ipse
340 2202 383 2205 —
405 2184 446 2214 is.
482 2183 539 2214 Die
564 2183 780 2213 wieder-holte

113 2228 341 2267 Bezeirhnung
364 2229 463 2258 durch
489 2229 547 2258 das
566 2228 779 2258 Demonstra-

113 2273 160 2303 tiv
183 2273 274 2303 (lient
297 2274 357 2304 den
383 2272 571 2312 (ἦξε-1151117,
599 2274 778 2303 hervorzu-

114 2317 227 2348 beben.
263 2318 336 2358 vgt.
357 2329 397 2348 zu
413 2317 463 2355 lli,
483 2319 536 2357 39,
556 2318 609 2348 93.

158 2362 204 2394 ad
216 2365 390 2394 veritatem
404 2363 512 2406 plane,
532 2372 614 2401 ganz
630 2362 707 2393 nach
723 2362 782 2392 der

116 2406 301 2444 W'ahrheit,
319 2409 348 2439 d.
365 2409 392 2439 h.
406 2418 442 2438 51)
459 2409 520 2438 wie
535 2418 571 2438 es
586 2408 643 2438 der
660 2406 783 2438 11111111·-

118 2452 413 2492 heitangemessen
441 2454 501 2491 ist,
528 2453 604 2483 dass
629 2463 699 2483 man
720 2461 782 2482 von

119 2495 168 2526 ihr
184 2497 368 2538 iiberzeugt
385 2498 507 2535 werde,
527 2497 663 2528 namin-h
683 2497 783 2527 durch

119 2541 368 2573 einleuehtende
380 2543 447 2573 {teus
457 2543 609 2576 (asemon
622 2545 784 2585 opinione,

120 2586 208 2616 nieht
238 2587 338 2618 durch
372 2588 445 2618 eine
478 2588 540 2618 mir
573 2588 785 2627 eingeredete

122 2629 287 2670 Meinung.

193 2684 252 2712 Ge.
266 2685 300 2710 de
312 2685 376 2714 aaz.
389 2685 469 2714 deor.
489 2684 516 2713 2.
534 2686 608 2714 Auss.

893 1549 962 1587 ΞΒ.
979 1555 1030 1586 63.
1046 1556 1217 1597 Diagoras
1227 1566 1285 1586 aus
1296 1555 1412 1594 Melos,
1423 1555 1517 1586 einer

849 1602 908 1631 der
926 1600 1111 1642 Cykladen,
1132 1600 1351 1641 Zeitgenosse
1370 1611 1432 1630 von
1452 1600 1516 1630 De-

848 1646 987 1687 mokrit,
1017 1646 1233 1686 Protagoras,
1264 1645 1436 1676 Sokrates.
1471 1645 1518 1676 Er

849 1701 919 1721 war
951 1692 1031 1721 auch
1069 1691 1234 1733 111-15111111·
1267 1691 1415 1730 Dichter,
1453 1689 1518 1720 und

850 1736 956 1775 einige
979 1746 1039 1766 aus
1063 1736 1173 1767 seinen
1200 1735 1381 1767 Gedichten
1407 1734 1517 1765 erbal-

849 1786 925 1812 tene
939 1780 1044 1811 Verse
1058 1783 1185 1811 athmen
1202 1781 1274 1811 eine
1289 1780 1452 1811 dure-haus
1467 1789 1519 1810 re-

849 1826 966 1865 ligiose
997 1824 1199 1865 Gesinnung.
1245 1825 1320 1856 Sein
1354 1824 1517 1855 mehrl'ach

851 1870 1032 1909 bezeugter
1042 1871 1229 1901 Atheismus
1244 1880 1316 1909 mag
1330 1870 1423 1900 einer
1433 1869 1518 1900 Ver-

851 1916 965 1955 iri-ung
989 1915 1372 1956 naturphilosophiseher
1393 1914 1519 1956 Specu-

852 1960 996 1991 lationen
1017 1960 1275 1991 zuzusehreiben
1296 1961 1382 1999 sein,
1402 1970 1443 1990 zu
1460 1960 1518 1990 de-

853 2016 913 2036 nen
931 2016 967 2035 er
981 2006 1081 2036 durch
1094 2005 1272 2045 Demokrit,
1287 2006 1404 2036 dessen
1415 2004 1519 2035 861111-

853 2051 903 2081 ler
920 2060 957 2081 er
973 2051 1053 2081 auch
1080 2060 1234 2090 gewesen
1260 2051 1327 2081 sein
1354 2049 1432 2091 soll,
1457 2049 1521 2079 und

852 2096 952 2126 durch
970 2095 1169 2135 Protagoras
1183 2100 1342 2135 angeregt
1356 2104 1442 2131 war;
1462 2094 1520 2124 ob-

852 2140 959 2180 gleich
983 2141 1064 2171 auch
1089 2141 1210 2171 andere
1230 2140 1395 2172 Ursaehen
1422 2148 1522 2178 ange-

853 2185 955 2225 geben
982 2186 1126 2215 werden.
1165 2185 1197 2215 S.
1224 2185 1327 2215 Meter
1351 2185 1380 2214 111
1406 2181 1520 2214 Ersch'

853 2231 917 2261 und
937 2229 1097 2261 Gruber's
1113 2229 1372 2271 Encyklopiidie.

904 2297 1098 2330 Theodorus
1112 2307 1171 2328 aus
1182 2296 1321 2339 Cyrene,
1336 2296 1522 2328 unterPto-

855 2343 999 2374 lemarus
1023 2342 1119 2381 Lagi,
1150 2342 1303 2381 leuguete
1334 2343 1422 2373 nicht
1452 2342 1523 2373 blos

855 2388 906 2418 die
925 2387 1054 2428 Gesner,
1073 2389 1213 2418 sondern
1232 2388 1313 2417 auc-h
1333 2388 1384 2418 die
1399 2386 1523 2417 VVahr—

857 2433 925 2464 heit
948 2434 1006 2463 der
1031 2433 1196 2463 sittliehen
1224 2432 1381 2471 ssegriffe,
1411 2433 1463 2462 die
1488 2441 1525 2462 er

859 2489 919 2509 nur
935 2480 983 2508 als
1001 2479 1101 2508 durch
1120 2476 1391 2513 Uebe1¹e211lxuiil't.
1407 2487 1457 2507 um
1472 2477 1524 2507 die

859 2523 976 2563 Menge
985 2534 1024 2553 zu
1036 2523 1167 2561 ziigehi,
1178 2522 1364 2561 ‹singarum-t
1374 2522 1525 2552 betrach-

859 2573 939 2599 tete.
975 2568 1008 2599 S.
1031 2568 1122 2607 Diog.
1142 2567 1179 2598 L.
1200 2567 1234 2608 ll,
1254 2568 1306 2597 99.

904 2633 1128 2674 Protagoras.
1164 2632 1196 2662 S.
1217 2641 1257 2661 zu
1277 2642 1303 2662 c.
1326 2631 1374 2671 12,
1394 2630 1446 2662 29.

1241 2688 1259 2718 5
