1684 2819
82 518 144 550 140

81 1022 139 1054 141

175 163 228 203 94
746 157 803 189 DE
829 156 1012 190 orricns

174 263 282 309 tudo,
303 268 340 301 et
359 261 540 307 maxime,
562 259 594 298 si
616 259 821 310 aliquando
843 258 915 297 alio
938 258 1098 297 domino
1120 259 1233 298 solita
1255 266 1317 299 est
1337 252 1584 311 frequentari.

174 318 364 358 Odiosum
387 323 445 356 est
465 316 580 362 enim,
603 327 690 354 curn
713 328 733 354 a
754 314 1087 366 praetereuntibus
1109 314 1264 354 dicitur:

488 395 509 422 o
532 383 666 422 domus
687 384 861 434 αἠῐῖφια,
891 381 963 420 heu
984 394 1099 433 quam
1121 382 1272 433 dispari

290 440 502 480 Domimire
525 433 700 479 domino!

175 508 280 560 quod
308 507 465 558 quidem
493 507 553 545 his
575 505 818 557 temporibus
846 505 885 544 in
907 505 1040 544 multis
1067 505 1153 544 licet
1179 505 1318 545 dicere.
1362 506 1580 545 Cavendum

171 572 299 604 autem
321 569 392 609 est,
414 563 643 614 praesertim
665 562 696 602 si
717 562 801 613 ipse
822 561 1020 607 aedifices,
1042 573 1091 600 ne
1111 567 1217 600 extra
1237 562 1400 601 modum
1423 567 1584 613 sumptu

171 628 207 660 et
228 620 511 671 magnificentia
539 618 723 670 prodeas:
752 631 829 670 quo
858 618 898 656 in
926 630 1067 668 genere
1093 617 1257 657 multum
1284 618 1374 657 mali
1402 618 1514 657 etiam
1544 618 1583 657 in

171 676 348 727 exemplo
372 682 442 714 cst.
481 675 664 714 Studiose
685 675 786 713 enim
810 674 982 725 plerique
1003 675 1230 725 praesertim
1252 674 1291 713 in
1312 675 1412 714 hanc
1431 679 1582 726 partem

172 735 266 772 sacta
294 732 517 783 principum
546 731 761 777 imitantur,
787 737 829 770 ut
857 731 898 769 L.
926 730 1092 775 Luculli,
1121 731 1263 769 summi
1290 731 1377 778 viri,
1405 731 1582 770 virtutem

171 787 285 840 quis?
317 794 354 827 at
374 801 490 839 quam
513 788 624 826 multi
645 787 818 826 villarum
841 787 1164 837 magnificentiam
1186 787 1322 826 imitati
1345 786 1453 827 sunt!
1487 798 1582 838 qua-

171 858 260 884 rum
287 845 443 895 quidem
474 850 574 883 certe
601 849 660 882 est
687 843 927 883 adhibendus
955 844 1096 882 modus
1125 843 1171 882 ad
1200 844 1582 894 mediocritatemque

171 901 425 941 revocandus.
467 900 689 951 Eademque
710 900 954 939 mediocritas
977 900 1022 938 ad
1046 912 1202 938 omnem
1224 912 1339 939 usum
1362 900 1583 950 cultumque

173 959 268 997 vitae
290 956 557 995 transferenda
579 961 648 994 est.
692 957 767 995 Sed
789 956 882 994 haec
901 956 1101 994 hactenus.

284 1013 327 1051 In
350 1012 458 1051 omni
480 1018 607 1050 autem
630 1012 778 1050 actione
801 1011 1045 1063 suscipienda
1074 1012 1144 1050 tria
1172 1018 1263 1050 sunt
1291 1012 1470 1050 tenenda:
1501 1011 1581 1062 pri-

172 1081 280 1108 mum
302 1075 347 1107 ut
368 1068 561 1119 appetitus
583 1068 722 1107 rationi
744 1074 893 1118 pareat,
915 1080 991 1119 quo
1013 1067 1109 1106 nihil
1130 1073 1185 1106 est
1208 1068 1254 1106 ad
1278 1068 1401 1107 officia
1424 1079 1584 1107 conser-

172 1125 296 1165 vanda
317 1124 669 1170 accommodatius,
699 1124 835 1163 deinde
856 1129 898 1162 ut
919 1124 1244 1163 animadvertatur
1271 1130 1412 1175 quanta
1440 1124 1500 1163 illa
1521 1136 1582 1162 res

173 1183 239 1229 sit,
269 1193 385 1231 quam
414 1181 566 1218 efficere
594 1181 773 1227 velimus,
809 1187 851 1219 ut
879 1192 973 1218 neve
1000 1180 1127 1219 maior
1153 1192 1247 1219 neve
1275 1181 1405 1219 minor
1431 1193 1520 1220 cura
1547 1186 1584 1218 et

173 1250 291 1289 opera
312 1236 545 1287 suscipiatur
561 1249 675 1287 quam
696 1249 809 1275 causa
826 1236 1006 1287 postulet.
1046 1237 1218 1275 Tertium
1241 1243 1299 1276 cst
1319 1243 1361 1276 ut
1383 1248 1583 1276 caveamus

175 1302 215 1333 ut
236 1307 295 1340 ea,
318 1305 414 1344 quae
435 1292 628 1342 pertinent
648 1293 692 1331 ad
715 1293 911 1331 liberalem
934 1293 1104 1344 speciem
1126 1298 1163 1331 et.
1184 1293 1424 1343 dignitatem,
1445 1293 1582 1332 mode-

172 1356 251 1389 rata
274 1349 362 1388 sint.
397 1349 537 1387 Modus
559 1354 685 1387 autem
708 1356 768 1388 cst
789 1349 960 1399 optimus
983 1349 1099 1387 decus
1123 1350 1253 1400 ipsum
1274 1355 1415 1396 tenere,
1437 1350 1482 1388 de
1505 1362 1582 1400 quo

172 1494 291 1525 zwcitc
307 1493 386 1524 Satz
405 1492 435 1523 in
451 1497 556 1524 etwas
570 1492 710 1524 freicrer
724 1490 841 1523 &Veise

163 1540 242 1572 uem
268 1538 539 1570 Zwisehensatze
572 1538 630 1569 des
662 1537 844 1577 vorherge-

171 1584 298 1615 henden
317 1582 454 1623 Kolons,
472 1584 504 1614 in
524 1593 623 1624 quam
644 1585 677 1613 et
692 1583 842 1625 hospites

171 1632 243 1669 eet„
261 1632 560 1669 entgcgengesetzt
572 1628 637 1659 und
651 1628 765 1659 darum
779 1627 843 1658 ali-

173 1678 224 1706 ter
247 1673 349 1705 durch
373 1675 406 1704 sl
420 1675 473 1704 est
488 1675 520 1704 iu
541 1684 579 1705 ea
597 1672 742 1705 solitudo
760 1673 843 1704 noch

171 1729 316 1760 genauer
333 1717 544 1752 bezeichnen
572 1718 638 1758 xgl.
659 1728 688 1749 7..
707 1717 738 1759 ξ.
757 1716 811 1748 30.

215 1766 248 1795 iu
265 1763 379 1795 mullis
398 1762 430 1804 ξ.
450 1762 503 1794 28.
532 1762 641 1794 Durch
660 1761 750 1794 liauf
763 1763 844 1794 oder

172 1808 371 1847 Schenkung
382 1818 445 1839 von
455 1807 567 1839 Seiten
579 1809 720 1840 Cacsars
729 1818 842 1839 waren

171 1854 257 1885 viele
277 1853 390 1884 sriihcr
408 1853 467 1883 der
479 1852 569 1892 jetzt
587 1852 758 1893 besiegten
775 1852 845 1883 No-

171 1898 281 1929 hilitiit
293 1897 452 1937 gehon-ige
466 1896 600 1929 Paliiste
614 1908 653 1929 an
664 1898 843 1937 Anhiinger

169 1944 310 1974 Cacsars
340 1943 420 1973 oder
444 1942 634 1974 namenlose
655 1942 758 1974 Leute
783 1952 841 1983 gc—

169 1988 330 2027 kommen,
355 1998 391 2018 so
416 1987 476 2018 dcr
499 1986 613 2019 Palast
630 1988 687 2018 des
706 1987 843 2029 Pompe-

165 2034 222 2074 jus
248 2043 287 2064 an
314 2032 491 2072 Antonius,
512 2032 571 2063 aut
590 2033 651 2063 den
671 2033 737 2063 Cic.
756 2032 838 2063 Phil.

169 2078 206 2114 ll.
225 2078 279 2118 41,
301 2077 361 2108 104
375 2077 554 2108 deuselbcu
570 2077 654 2109 Vcrs
674 2077 764 2108 eines
783 2088 842 2108 un-

169 2123 355 2155 bekanntcn
389 2122 541 2153 Dichters
581 2123 772 2154 anwcndet:
817 2122 841 2154 0

170 2171 256 2200 lecta
272 2171 346 2212 ipsu
363 2169 498 2208 misera,
523 2178 620 2210 quam
639 2167 769 2210 dispari
783 2167 842 2200 do-

169 2217 258 2245 mino
272 2217 284 2246 !
330 2213 538 2254 Quamquam
580 2213 744 2255 quomodo
778 2215 842 2244 iste

169 2259 351 2290 domiuus?
389 2258 451 2289 sed
473 2261 582 2289 lumen
608 2269 629 2289 ll
652 2269 748 2300 quum
774 2258 842 2289 dis-

167 2306 246 2347 pari
262 2306 472 2335 tenolmnuua

217 2350 290 2381 140.
324 2349 360 2381 L.
390 2347 552 2380 Lucullus
575 2349 746 2380 zciclmctc
771 2348 838 2379 sich

169 2394 401 2426 chcnsodurch
411 2394 501 2424 scine
510 2391 838 2424 militiiriscthiicli-

171 2440 289 2479 tigkcit
322 2440 361 2471 im
396 2439 518 2470 dritten
556 2439 838 2470 mithridatischcn

170 2483 292 2525 livit-gc
315 2484 366 2515 bis
384 2483 448 2515 688
474 2482 552 2523 (66)
578 2492 647 2525 (μνη
668 2484 730 2523 lcg.
751 2483 836 2514 Man.

170 2533 199 2563 ὃ.
216 2531 269 2569 20)
285 2530 334 2561 als
349 2529 449 2561 durch
460 2528 570 2568 Nlilde,
586 2528 837 2568 Gcrcchtigkeit

170 2576 232 2606 und
242 2575 340 2607 Licbe
352 2586 391 2606 zu
402 2573 581 2606 Hunstund
592 2573 837 2606 wiss‹·nschast

914 1502 974 1523 aus
993 1491 1159 1531 (Acade-m.
1179 1491 1215 1523 ll.
1237 1502 1265 1523 z.
1283 1491 1385 1531 Ans).
1420 1491 1480 1523 Die
1499 1491 1585 1534 L'ep-

915 1537 1039 1578 pigkeit
1053 1537 1162 1568 seines
1170 1536 1300 1568 chcns
1313 1537 1378 1568 und
1388 1536 1507 1568 Pracht
1520 1537 1587 1568 sei-

916 1593 975 1613 nei·
994 1581 1115 1622 Villen,
1139 1583 1373 1622 dei-entwegen
1392 1592 1429 1614 er
1446 1583 1527 1613 auch
1546 1582 1585 1613 de

916 1627 979 1667 leg.
996 1626 1049 1659 ΠΙ.
1071 1626 1122 1665 13,
1142 1626 1184 1658 30
1206 1627 1271 1658 und
1290 1627 1396 1659 Varro
1416 1637 1443 1658 r.
1461 1631 1543 1658 rust.
1562 1626 1584 1668 l,

920 1672 959 1704 13
974 1674 1070 1711 (cum
1086 1672 1216 1704 Metelli
1226 1671 1406 1705 acLueaIle'
1417 1672 1500 1704 villis
1509 1683 1586 1715 pes-

916 1720 1001 1749 simo
1015 1717 1145 1761 publico
1158 1717 1345 1760 notificatis
1359 1719 1512 1756 certant)
1529 1728 1586 1758 ge-

916 1763 1022 1795 tadelt
1038 1763 1133 1799 wird,
1150 1773 1222 1794 war
1239 1763 1526 1805 sliriichxxortlich,
1547 1762 1586 1793 de

916 1809 970 1839 fin.
989 1807 1026 1848 ll,
1046 1807 1096 1849 33,
1116 1808 1175 1838 107
1192 1810 1340 1850 siguum,
1356 1808 1479 1848 tabula,
1493 1807 1587 1839 locus

915 1865 1086 1894 amoenus,
1109 1853 1188 1891 ludi,
1210 1855 1348 1895 venatio,
1367 1853 1441 1886 villa
1457 1851 1589 1885 Luculli

914 1917 959 1921 ᾖ
976 1909 1015 1929 ea
1032 1909 1116 1940 quae
1132 1898 1207 1930 dia-l
1217 1899 1262 1930 ad
1273 1909 1439 1942 corpusne
1452 1899 1587 1939 refers?

964 1966 1036 1997 141.
1064 1966 1100 1997 lu
1122 1969 1212 1997 ιιηιηι·
1225 1969 1365 1997 actione.
1400 1966 1481 1997 Eine
1498 1965 1585 1998 Yor-

914 2011 1030 2043 schrift
1048 2011 1130 2042 iibcr
1147 2011 1198 2042 dic
1218 2011 1431 2051 Handlungcn
1451 2011 1491 2042 im
1510 2010 1584 2042 All-

913 2057 1083 2096 gcmcinen
1109 2057 1163 2087 hat
1187 2055 1251 2087 Cic.
1272 2057 1371 2087 schon
1390 2067 1416 2087 c.
1435 2055 1477 2086 29
1496 2067 1524 2087 z.
1545 2056 1584 2087 Α.

913 2101 1069 2141 gegeben,
1098 2101 1149 2132 dic
1168 2111 1205 2132 cr
1222 2101 1293 2132 hier
1309 2101 1517 2142 wic-demost,
1536 2101 1585 2131 in-

913 2147 986 2177 dcm
1004 2157 1041 2177 cr
1059 2146 1116 2177 das
1135 2146 1321 2187 liinzul'iigt‚
1346 2155 1411 2177 was
1434 2156 1494 2177 aus
1512 2146 1583 2177 dem

912 2190 1030 2232 §.12ss
1057 2191 1137 2222 iiber
1162 2191 1219 2222 das
1244 2190 1400 2232 gestilligc
1418 2191 1585 2223 Aeussere

915 2235 1092 2275 Gcsagtciu
1122 2236 1214 2276 solgt.
1262 2237 1353 2267 Auch
1383 2235 1434 2267 die
1465 2237 1583 2268 zwcite

914 2281 1118 2317 Vnt-schrift,
1146 2284 1183 2313 ut
1204 2292 1286 2313 nere
1303 2283 1412 2312 mm'ot·
1427 2291 1506 2312 nei-e
1522 2283 1583 2312 mi-

912 2337 977 2358 nor·
991 2337 1093 2369 opera
1106 2328 1321 2369 suscipiatur,
1337 2326 1582 2365 hiingtmitdcm

913 2372 1071 2403 decorum
1087 2382 1285 2405 zusammen.
1301 2382 1336 2403 so
1351 2371 1426 2402 dass
1442 2371 1508 2402 sich
1525 2371 1583 2402 das

914 2417 1026 2447 Ganzc
1055 2417 1115 2448 auf
1139 2418 1190 2448 die
1220 2416 1344 2458 §.1213
1370 2416 1582 2455 aufgesteltte

913 2462 1126 2502 Einthcilung
1144 2461 1387 2492 zuriickl'iihrcn
1408 2461 1502 2492 liisst.

963 2517 1111 2551 Tertiam
1131 2522 1198 2550 est:
1216 2528 1241 2549 S.
1261 2528 1290 2548 z.
1309 2516 1414 2559 5219.

958 2584 1034 2604 care
1053 2576 1089 2605 ut
1110 2587 1154 2598 =
1174 2571 1344 2603 xidcndum
1372 2576 1433 2602 cst.
1475 2570 1506 2612 ξ.
1527 2570 1579 2602 68.
