1684 2819
571 175 1005 219 LIBER11.5‚13.14.
1437 181 1486 220 81

80 292 183 345 piam
214 291 381 331 barbare
411 290 593 344 loquatur
613 298 679 331 aut
702 291 736 332 si
758 291 927 341 absurde
958 299 1074 332 canat
1101 292 1153 341 is,
1185 292 1251 346 qui
1280 306 1323 333 se
1353 293 1489 334 haberi

81 348 179 388 velit
205 348 414 397 musicum,
450 348 521 387 hoc
552 348 703 401 turpior
725 348 790 396 sit,
818 342 926 399 quod
958 348 998 387 in
1021 363 1066 389 eo
1088 349 1173 402 ipso
1195 356 1344 402 peccet,
1377 351 1490 392 cuius

79 404 285 457 profitetur
312 404 538 444 scientiam.
573 405 629 445 sic
659 405 912 468 philosoph-us
944 405 984 444 in
1004 406 1108 445 vitae
1140 406 1295 447 ratione
1323 419 1490 460 peccans

80 461 153 500 hoc
174 462 328 514 turpior
348 466 423 508 est,
451 461 551 513 quod
581 462 621 500 in
645 461 784 510 officio,
811 461 919 501 cuius
942 462 1130 515 magister
1152 476 1239 503 esse
1261 463 1359 513 vult,
1393 464 1490 504 labi-

78 523 144 556 tur
164 524 369 570 artemque
390 517 497 557 vitae
520 518 720 571 professus
743 517 934 570 delinquit
962 519 1002 557 in
1025 518 1120 558 vita.

194 574 251 613 A.
285 573 429 614 Nonne
459 574 676 614 verendum
708 581 767 614 est
795 574 930 626 igitur,
963 575 997 614 si
1028 582 1086 614 est
1117 575 1173 614 ita
1203 583 1245 614 ut
1278 576 1395 625 dicis,
1439 590 1488 617 ne
1507 576 1534 619 5

78 629 360 683 philosophiam
393 630 489 670 falsa
514 630 639 683 gloria
671 631 870 669 exornes?
903 629 1013 680 Quod
1044 638 1101 670 est
1133 631 1236 670 enim
1269 633 1395 673 maius
1427 647 1489 674 ar·

77 693 322 737 gumentum‚
347 686 444 726 nihil
465 700 550 725 eam
572 686 774 739 prodesse,
799 699 914 737 quam
937 687 1123 738 quosdam
1148 688 1343 740 perfectos
1366 689 1490 742 philo-

78 741 222 794 sophos
262 742 431 795 turpiter
459 741 630 782 vivere?
688 740 753 781 M.
787 741 947 782 Nullum
979 756 1076 782 vero
1107 743 1143 782 id
1175 744 1328 796 quidem
1371 759 1489 799 argu-

77 805 250 837 mentum
281 805 356 838 est.
399 797 500 837 Nam
531 805 572 838 ut
602 798 687 851 agii
699 812 789 837 non
822 812 957 839 omnes
987 799 1164 853 frugiferi
1188 807 1294 873 sunt,
1327 802 1393 853 qui
1424 816 1488 842 eo-

76 853 223 902 luntur,
248 853 466 907 falsumque
488 854 584 894 illud
604 830 735 894 Anccii:
905 870 912 879 ν·
1060 871 1069 879 ‘-
1096 876 1098 878 v
1186 876 1189 877 ν
1229 876 1232 877 ’
1371 879 1375 881 -

245 921 423 971 Probae.
449 921 530 962 e'tsae
555 937 595 961 m
618 928 802 986 segetem
819 923 914 962 sant
937 903 1181 962 deteriorem
1206 910 1344 971 datue,
1360 920 1432 975 j„

245 977 434 1031 Fruges
429 984 567 1018 tamen
590 980 706 1032 ipsae
726 978 872 1034 suclpte
892 986 1057 1019 natura
1066 978 1246 1018 e'nz':le72t

1513 753 1552 784 13

75 1043 132 1084 sic.
155 1043 274 1084 animi
296 1059 374 1084 non
397 1059 531 1086 omnes
555 1047 648 1086 culti
678 1047 845 1085 fructum
868 1047 1015 1085 ferunt.
1048 1044 1193 1097 Atque.
1220 1053 1262 1086 ut
1290 1047 1328 1086 in
1330 1022 1490 1086 eodem
1541 1092 1544 1093 ⁷

76 1100 195 1140 simili
218 1114 373 1151 verser,
409 1109 451 1141 ut
472 1115 568 1154 ager
589 1103 766 1155 quannis
799 1102 941 1142 fertilis
974 1102 1057 1141 sine
1081 1103 1234 1142 cultura
1265 1103 1489 1143 fructuosus

76 1169 165 1197 esse
186 1171 266 1196 non
287 1164 442 1210 potest:
476 1159 532 1198 sio
554 1159 642 1198 sine
665 1158 1044 1206 doctrina-animus3
1077 1158 1131 1198 ita
1154 1167 1214 1199 est
1236 1166 1402 1212 utraque
1422 1173 1488 1200 res

75 1213 160 1254 sine
184 1213 306 1253 altera
330 1214 484 1255 debilis.
527 1215 690 1255 Cultura
713 1222 841 1255 autem
865 1215 984 1254 animi
1008 1214 1253 1268 philosophia
1277 1223 1359 1255 est:
1394 1216 1491 1256 haec-

76 1268 253 1310 extrahit
272 1269 370 1309 vitia
399 1270 589 1312 radic-itus
614 1278 652 1311 et
673 1279 883 1324 praeparat
913 1271 1065 1311 animos
1089 1272 1134 1311 ad
1158 1279 1264 1311 satus
1295 1272 1491 1325 accipien-

75 1327 145 1366 dos
164 1340 285 1379 eaque
301 1327 460 1366 mandat
480 1327 530 1367 iis
553 1335 606 1377 et,
627 1335 669 1368 ut
690 1329 743 1367 ita
765 1328 905 1377 dicam,
926 1329 1036 1376 serit,
1060 1342 1160 1380 quae
1183 1329 1315 1368 adulta
1338 1329 1489 1368 fructus

75 1382 296 1423 uberrimos
319 1384 462 1423 ferant.
501 1383 677 1438 Agamus
698 1384 835 1439 igitur,
861 1392 903 1425 ut
925 1385 1139 1438 coepimus.
1176 1385 1260 1433 Dic,
1287 1386 1319 1425 si
1340 1386 1416 1433 vis,
1443 1386 1489 1424 de

74 1453 150 1492 quo
174 1440 361 1493 disputari
382 1440 498 1480 velis.

191 1495 251 1536 A.
284 1496 471 1537 Dolorem
504 1497 691 1538 existimo
725 1497 940 1537 maximum
971 1497 1163 1537 malorum
1195 1498 1382 1537 omnium.
1418 1498 1482 1539 Jl.

78 1552 258 1592 Etiamne
279 1554 406 1593 maius
429 1568 541 1605 quam
566 1555 760 1594 dedecus?
784 1553 845 1593 A.
864 1553 954 1593 Non
972 1554 1095 1593 audeo
1114 1553 1149 1592 id
1169 1554 1296 1593 dicere
1316 1554 1487 1606 quidem,

78 1615 116 1647 et
132 1622 193 1647 me
211 1609 330 1661 pudet
351 1615 430 1648 tam
449 1610 525 1649 cito
543 1610 589 1649 de
606 1610 805 1649 sententia
823 1623 910 1649 esse
929 1610 1137 1649 deiectum.
1158 1610 1222 1650 M.
1239 1611 1366 1663 Magis
1386 1617 1491 1651 esset

77 1664 312 1717 pudendum,
345 1665 377 1704 si
409 1665 451 1704 in
473 1666 669 1706 sententia
691 1679 961 1719 permaneres.
1007 1665 1104 1716 Quid
1129 1666 1232 1706 enim
1264 1668 1397 1707 minus
1430 1674 1492 1707 est

76 1720 252 1774 dignum,
269 1735 383 1774 quam
400 1721 466 1761 tibi
486 1722 596 1776 peius
616 1723 823 1776 quicquam
841 1722 969 1763 videri
986 1722 1193 1772 dedecore,
1214 1722 1380 1776 flagitio,
1405 1730 1489 1764 tur-

125 1835 276 1867 absurde
292 1835 365 1867 hier
379 1836 411 1867 in
430 1837 543 1869 seiner
555 1838 748 1880 urspriingl.
868 1840 901 1869 in
928 1841 1095 1878 segetem,
1125 1862 1149 1877 „
1162 1837 1242 1869 Saat
1255 1838 1313 1869 fel
1326 1838 1345 1869 d
1357 1838 1394 1878 “,
1429 1838 1494 1869 wie

78 1880 276 1921 Bedeutung
308 1881 364 1922 (id
393 1882 503 1923 quad„
523 1884 751 1915 ubam-‘ihus

79 1926 286 1965 abbam-et).-
322 1927 652 1969 ‚,unharmonisch“‚
686 1929 751 1960 wie

78 1971 118 2002 de
136 1975 222 2002 orat.
243 1970 302 2003 ΙΙΙ.
325 1973 377 2013 11,
399 1973 454 2004 41:
476 1984 547 2005 2¹0oe
565 1975 699 2006 absona
719 1978 757 2006 et

77 2016 248 2048 absurda.

123 2064 184 2102 qui
200 2079 240 2085 -
254 2063 345 2094 velit
374 2068 440 2095 etc.
456 2088 464 2104 ‚
509 2063 748 2106 Conjuuetive,

76 2107 154 2138 weil
173 2107 232 2138 der
247 2117 351 2148 ganze
364 2107 444 2140 Satz
463 2109 568 2141 durch
587 2110 639 2142 die
658 2110 750 2142 bloss

75 2152 239 2193 gedachte
257 2153 454 2196 Bedingung
478 2155 618 2195 geleitet
634 2156 731 2187 wird.

122 2200 159 2228 in
174 2200 247 2229 vita
267 2208 318 2230 am
332 2198 469 2231 Schluss
485 2201 543 2232 des
555 2200 673 2233 Satzes
690 2202 753 2233 mit

77 2240 300 2275 Nachdruck:
335 2245 472 2285 .,grade
499 2246 532 2277 in
557 2246 751 2289 Beziehuug

56 2325 58 2327 ,
75 2288 140 2320 auf
153 2288 214 2320 das
234 2288 389 2322 Leben“.

124 2330 162 2369 5.
197 2335 287 2366 ni‘hzl
312 2345 385 2367 eam
408 2336 581 2378 prodesse
613 2337 752 2369 vertritt

78 2378 142 2409 deu
160 2377 243 2411 Gen.
266 2380 336 2422 obj.
352 2381 558 2422 ;.9ιιοεάαηι
580 2401 615 2405 -
636 2385 751 2414 vivere

79 2423 226 2465 dagegen
242 2425 305 2456 den
306 2392 444 2457 JNomin.
461 2427 674 2468 (Deutlicher
684 2428 751 2460 und

80 2468 140 2500 das
159 2468 240 2501 Gew
244 2471 438 2503 o'hnliehere
466 2472 555 2504 ware
581 2473 636 2505 die
663 2473 750 2505 Cou-

82 2515 242 2546 sti-action
268 2516 329 2547 mit
348 2517 472 2558 quod.)

127 2559 181 2590 13.
216 2561 308 2592 illud
330 2563 442 2594 Accii.
491 2562 561 2595 Aus
587 2564 749 2596 welchem

79 2601 226 2635 Stiicke?
250 2606 295 2637 ist
311 2607 519 2640 unbekannt.

175 2663 233 2691 Cic.
246 2665 366 2695 Tuscul.

823 1882 898 1914 Cat.
913 1882 958 1914 M.
980 1883 1031 1921 15,
1050 1883 1112 1913 54:
1133 1885 1308 1924 segetibus
1328 1887 1363 1915 et
1375 1886 1495 1926 pratis

823 1932 858 1960 et
872 1931 984 1959 vineis
1004 1932 1041 1959 et
1059 1929 1231 1960 arbustis.

866 1977 1004 2016 suapte,
1022 1974 1234 2016 zweisylbig.

867 2020 996 2059 simili,
1041 2017 1315 2059 „Gleichniss“‚
1351 2020 1415 2050 wie
1457 2019 1496 2050 de

822 2069 908 2096 orat.
932 2064 973 2096 11.
998 2064 1051 2104 73,
1073 2064 1158 2095 316:
1191 2065 1282 2096 unde
1299 2066 1365 2096 hoe
1382 2065 1496 2096 simile

822 2109 944 2142 ducat.
972 2108 1048 2151 vgl.
1079 2110 1162 2141 oben
1189 2110 1221 2150 2,
1242 2111 1284 2141 5:
1305 2111 1348 2142 ab
1370 2111 1498 2142 lzume'lz'

821 2155 868 2186 ad
886 2165 1075 2187 summum.

867 2211 976 2243 eaque
1017 2201 1060 2231 ist
1094 2200 1153 2231 der
1184 2200 1330 2239 Aecus.,

821 2256 912 2287 quae
938 2246 1008 2277 sich
1035 2245 1180 2277 bezieht.

868 2291 921 2322 14.
943 2291 980 2323 id
993 2291 1108 2323 dicere
1123 2291 1276 2333 quidem.
1297 2291 1496 2324 Deutlicher

819 2336 911 2368 w'zire
930 2336 968 2368 id
985 2337 1123 2378 quidem
1145 2336 1275 2368 dicere.

866 2382 907 2413 de
919 2384 1094 2413 sententia
1113 2393 1186 2413 esse
1203 2382 1390 2422 deiectum,
1409 2384 1493 2414 nach

819 2426 983 2468 Aualogie
1000 2437 1066 2459 von
1093 2428 1186 2468 alqm
1216 2428 1258 2459 de
1274 2432 1374 2459 statu
1395 2429 1494 2470 (gra-

821 2472 883 2513 du)
903 2473 1054 2504 deiicere
1071 2472 1269 2513 (depellere,
1283 2473 1491 2513 demovere),

818 2528 883 2549 von
902 2517 1084 2550 Fechtern.
1117 2517 1159 2549 So
1178 2519 1211 2559 6,
1235 2519 1294 2549 16:
1315 2521 1492 2550 sententia

820 2563 961 2606 depelli.

866 2613 920 2640 est
943 2609 1111 2650 dignum,
1147 2609 1220 2640 hier
1245 2608 1400 2648 absolut,
1428 2609 1491 2641 wie

1273 2669 1294 2703 6

1364 2201 1500 2233 worauf

1509 1487 1565 1537 ιζ
