<?xml version="1.0" encoding="UTF-8"?>
<!DOCTYPE html PUBLIC "-//W3C//DTD XHTML 1.0 Transitional//EN"
    "http://www.w3.org/TR/xhtml1/DTD/xhtml1-transitional.dtd">
<html xmlns="http://www.w3.org/1999/xhtml" xml:lang="en" lang="en">
 <head>
  <title>
</title>
<meta http-equiv="Content-Type" content="text/html;charset=utf-8" />
  <meta name='ocr-system' content='tesseract 3.04.00' />
  <meta name='ocr-capabilities' content='ocr_page ocr_carea ocr_par ocr_line ocrx_word'/>
</head>
<body>
  <div class='ocr_page' id='page_1' title='image "./tusculanarumdisp00ciceuoft_0397.png"; bbox 0 0 1684 2819; ppageno 0'>
   <div class='ocr_carea' id='block_1_1' title="bbox 622 199 1558 240">
    <p class='ocr_par' dir='ltr' id='par_1_1' title="bbox 622 199 1558 240">
     <span class='ocr_line' id='line_1_1' title="bbox 622 199 1558 240; baseline -0.001 -8"><span class='ocrx_word' id='word_1_1' title='bbox 622 199 699 232; x_wconf 84' lang='lat' dir='ltr'>LIB.</span> <span class='ocrx_word' id='word_1_2' title='bbox 716 199 740 230; x_wconf 85' lang='lat'>1.</span> <span class='ocrx_word' id='word_1_3' title='bbox 779 199 871 231; x_wconf 79' lang='lat' dir='ltr'>CAP.</span> <span class='ocrx_word' id='word_1_4' title='bbox 891 200 944 231; x_wconf 84' lang='lat'>34.</span> <span class='ocrx_word' id='word_1_5' title='bbox 963 199 1015 231; x_wconf 88' lang='lat'>35.</span> <span class='ocrx_word' id='word_1_6' title='bbox 1034 199 1088 231; x_wconf 80' lang='lat'>36.</span> <span class='ocrx_word' id='word_1_7' title='bbox 1506 201 1558 240; x_wconf 77' lang='lat'>83</span> 
     </span>
    </p>
   </div>
   <div class='ocr_carea' id='block_1_2' title="bbox 144 300 1650 1642">
    <p class='ocr_par' dir='ltr' id='par_1_2' title="bbox 152 300 1561 352">
     <span class='ocr_line' id='line_1_2' title="bbox 152 300 1561 352; baseline -0.003 -8"><span class='ocrx_word' id='word_1_8' title='bbox 152 303 229 344; x_wconf 70' lang='lat' dir='ltr'>ita?</span> <span class='ocrx_word' id='word_1_9' title='bbox 269 304 364 350; x_wconf 84' lang='lat' dir='ltr'>Quia</span> <span class='ocrx_word' id='word_1_10' title='bbox 384 314 456 341; x_wconf 89' lang='lat' dir='ltr'>nec</span> <span class='ocrx_word' id='word_1_11' title='bbox 482 303 528 341; x_wconf 87' lang='lat' dir='ltr'>ad</span> <span class='ocrx_word' id='word_1_12' title='bbox 556 302 724 352; x_wconf 86' lang='lat' dir='ltr'>speciem</span> <span class='ocrx_word' id='word_1_13' title='bbox 751 314 824 340; x_wconf 88' lang='lat' dir='ltr'>nec</span> <span class='ocrx_word' id='word_1_14' title='bbox 850 302 896 340; x_wconf 88' lang='lat' dir='ltr'>ad</span> <span class='ocrx_word' id='word_1_15' title='bbox 924 313 1040 340; x_wconf 90' lang='lat' dir='ltr'>usum</span> <span class='ocrx_word' id='word_1_16' title='bbox 1069 300 1184 340; x_wconf 90' lang='lat' dir='ltr'>alium</span> <span class='ocrx_word' id='word_1_17' title='bbox 1212 301 1383 352; x_wconf 90' lang='lat' dir='ltr'>quinque</span> <span class='ocrx_word' id='word_1_18' title='bbox 1411 301 1561 340; x_wconf 89' lang='lat' dir='ltr'>deside-</span> 
     </span>
    </p>

    <p class='ocr_par' dir='ltr' id='par_1_3' title="bbox 150 357 1558 408">
     <span class='ocr_line' id='line_1_3' title="bbox 150 357 1558 408; baseline -0.002 -10"><span class='ocrx_word' id='word_1_19' title='bbox 150 365 247 400; x_wconf 89' lang='lat' dir='ltr'>rant.</span> <span class='ocrx_word' id='word_1_20' title='bbox 297 359 406 397; x_wconf 90' lang='lat' dir='ltr'>Tuus</span> <span class='ocrx_word' id='word_1_21' title='bbox 445 364 571 397; x_wconf 86' lang='lat' dir='ltr'>autem</span> <span class='ocrx_word' id='word_1_22' title='bbox 601 359 695 396; x_wconf 90' lang='lat' dir='ltr'>deus</span> <span class='ocrx_word' id='word_1_23' title='bbox 724 370 804 396; x_wconf 92' lang='lat' dir='ltr'>non</span> <span class='ocrx_word' id='word_1_24' title='bbox 830 358 947 408; x_wconf 82' lang='lat' dir='ltr'>digito</span> <span class='ocrx_word' id='word_1_25' title='bbox 978 370 1055 395; x_wconf 91' lang='lat' dir='ltr'>uno</span> <span class='ocrx_word' id='word_1_26' title='bbox 1083 357 1290 405; x_wconf 79' lang='lat' dir='ltr'>redundat,</span> <span class='ocrx_word' id='word_1_27' title='bbox 1326 357 1392 395; x_wconf 88' lang='lat' dir='ltr'>sed</span> <span class='ocrx_word' id='word_1_28' title='bbox 1422 357 1558 407; x_wconf 88' lang='lat' dir='ltr'>capite,</span> 
     </span>
    </p>

    <p class='ocr_par' dir='ltr' id='par_1_4' title="bbox 151 413 1558 465">
     <span class='ocr_line' id='line_1_4' title="bbox 151 413 1558 465; baseline -0.002 -11"><span class='ocrx_word' id='word_1_29' title='bbox 151 416 261 462; x_wconf 92' lang='grc'>00110,</span> <span class='ocrx_word' id='word_1_30' title='bbox 279 414 500 462; x_wconf 82' lang='grc' dir='ltr'>00ον1011105,</span> <span class='ocrx_word' id='word_1_31' title='bbox 515 414 706 460; x_wconf 84' lang='lat' dir='ltr'>lateribus,</span> <span class='ocrx_word' id='word_1_32' title='bbox 725 415 818 459; x_wconf 87' lang='lat' dir='ltr'>alvo,</span> <span class='ocrx_word' id='word_1_33' title='bbox 840 419 961 464; x_wconf 86' lang='lat' dir='ltr'>tergo,</span> <span class='ocrx_word' id='word_1_34' title='bbox 982 413 1209 465; x_wconf 82' lang='lat' dir='ltr'>poplitibus,</span> <span class='ocrx_word' id='word_1_35' title='bbox 1231 413 1425 459; x_wconf 82' lang='lat' dir='ltr'>manibus,</span> <span class='ocrx_word' id='word_1_36' title='bbox 1448 413 1558 464; x_wconf 91' lang='lat' dir='ltr'>pedi—</span> 
     </span>
    </p>

    <p class='ocr_par' dir='ltr' id='par_1_5' title="bbox 149 468 1560 520">
     <span class='ocr_line' id='line_1_5' title="bbox 149 468 1560 520; baseline -0.002 -10"><span class='ocrx_word' id='word_1_37' title='bbox 149 472 241 519; x_wconf 85' lang='lat' dir='ltr'>hus,</span> <span class='ocrx_word' id='word_1_38' title='bbox 270 471 498 517; x_wconf 83' lang='lat' dir='ltr'>seminibus,</span> <span class='ocrx_word' id='word_1_39' title='bbox 536 471 724 510; x_wconf 88' lang='lat' dir='ltr'>cruribus.</span> <span class='ocrx_word' id='word_1_40' title='bbox 773 470 813 508; x_wconf 89' lang='lat' dir='ltr'>Si</span> <span class='ocrx_word' id='word_1_41' title='bbox 843 476 884 508; x_wconf 90' lang='lat' dir='ltr'>ut</span> <span class='ocrx_word' id='word_1_42' title='bbox 911 470 1142 508; x_wconf 84' lang='lat' dir='ltr'>immortalis</span> <span class='ocrx_word' id='word_1_43' title='bbox 1172 470 1237 517; x_wconf 89' lang='lat' dir='ltr'>sit,</span> <span class='ocrx_word' id='word_1_44' title='bbox 1273 469 1363 520; x_wconf 90' lang='lat' dir='ltr'>quid</span> <span class='ocrx_word' id='word_1_45' title='bbox 1390 469 1486 508; x_wconf 87' lang='lat' dir='ltr'>haec</span> <span class='ocrx_word' id='word_1_46' title='bbox 1513 468 1560 507; x_wconf 89' lang='lat' dir='ltr'>ad</span> 
     </span>
    </p>

    <p class='ocr_par' dir='ltr' id='par_1_6' title="bbox 147 524 1557 579">
     <span class='ocr_line' id='line_1_6' title="bbox 147 524 1557 579; baseline -0.001 -13"><span class='ocrx_word' id='word_1_47' title='bbox 147 528 262 566; x_wconf 74' lang='lat' dir='ltr'>vitam</span> <span class='ocrx_word' id='word_1_48' title='bbox 280 528 453 566; x_wconf 87' lang='lat' dir='ltr'>membra</span> <span class='ocrx_word' id='word_1_49' title='bbox 470 525 693 579; x_wconf 69' lang='lat' dir='ltr'>pertinent?</span> <span class='ocrx_word' id='word_1_50' title='bbox 723 527 811 577; x_wconf 89' lang='lat' dir='ltr'>quid</span> <span class='ocrx_word' id='word_1_51' title='bbox 830 526 912 577; x_wconf 89' lang='lat' dir='ltr'>ipsa</span> <span class='ocrx_word' id='word_1_52' title='bbox 931 524 1075 565; x_wconf 70' lang='lat' dir='ltr'>facies?</span> <span class='ocrx_word' id='word_1_53' title='bbox 1112 526 1232 576; x_wconf 84' lang='lat' dir='ltr'>Magis</span> <span class='ocrx_word' id='word_1_54' title='bbox 1250 526 1321 573; x_wconf 89' lang='lat' dir='ltr'>illa,</span> <span class='ocrx_word' id='word_1_55' title='bbox 1344 525 1557 569; x_wconf 84' lang='lat' dir='ltr'>cerebrum,</span> 
     </span>
    </p>

    <p class='ocr_par' dir='ltr' id='par_1_7' title="bbox 150 581 1555 635">
     <span class='ocr_line' id='line_1_7' title="bbox 150 581 1555 635; baseline -0.002 -12"><span class='ocrx_word' id='word_1_56' title='bbox 150 597 228 630; x_wconf 87' lang='lat' dir='ltr'>cor,</span> <span class='ocrx_word' id='word_1_57' title='bbox 246 585 462 635; x_wconf 76' lang='lat' dir='ltr'>pulmones,</span> <span class='ocrx_word' id='word_1_58' title='bbox 484 585 600 622; x_wconf 91' lang='lat' dir='ltr'>iecur.</span> <span class='ocrx_word' id='word_1_59' title='bbox 643 583 744 621; x_wconf 88' lang='lat' dir='ltr'>Haec</span> <span class='ocrx_word' id='word_1_60' title='bbox 765 582 867 621; x_wconf 89' lang='lat' dir='ltr'>enim</span> <span class='ocrx_word' id='word_1_61' title='bbox 890 588 980 620; x_wconf 87' lang='lat' dir='ltr'>sunt</span> <span class='ocrx_word' id='word_1_62' title='bbox 998 582 1190 620; x_wconf 86' lang='lat' dir='ltr'>domicilia</span> <span class='ocrx_word' id='word_1_63' title='bbox 1214 582 1329 628; x_wconf 68' lang='lat' dir='ltr'>vitae,</span> <span class='ocrx_word' id='word_1_64' title='bbox 1367 582 1444 620; x_wconf 87' lang='lat' dir='ltr'>oris</span> <span class='ocrx_word' id='word_1_65' title='bbox 1468 581 1555 632; x_wconf 88' lang='lat' dir='ltr'>qui—</span> 
     </span>
    </p>

    <p class='ocr_par' dir='ltr' id='par_1_8' title="bbox 144 636 1650 1642">
     <span class='ocr_line' id='line_1_8' title="bbox 150 636 1635 689; baseline -0.003 -10"><span class='ocrx_word' id='word_1_66' title='bbox 150 640 237 679; x_wconf 87' lang='lat' dir='ltr'>dem</span> <span class='ocrx_word' id='word_1_67' title='bbox 260 641 410 679; x_wconf 90' lang='lat' dir='ltr'>habitus</span> <span class='ocrx_word' id='word_1_68' title='bbox 433 640 478 678; x_wconf 93' lang='lat' dir='ltr'>ad</span> <span class='ocrx_word' id='word_1_69' title='bbox 500 640 595 678; x_wconf 89' lang='lat' dir='ltr'>vitae</span> <span class='ocrx_word' id='word_1_70' title='bbox 618 638 835 677; x_wconf 84' lang='lat' dir='ltr'>firmitatem</span> <span class='ocrx_word' id='word_1_71' title='bbox 865 638 958 676; x_wconf 88' lang='lat' dir='ltr'>nihil</span> <span class='ocrx_word' id='word_1_72' title='bbox 980 638 1156 689; x_wconf 77' lang='lat' dir='ltr'>pertinet.</span> <span class='ocrx_word' id='word_1_73' title='bbox 1201 639 1248 676; x_wconf 92' lang='lat' dir='ltr'>Et</span> <span class='ocrx_word' id='word_1_74' title='bbox 1275 651 1342 676; x_wconf 90' lang='lat' dir='ltr'>eos</span> <span class='ocrx_word' id='word_1_75' title='bbox 1363 638 1554 688; x_wconf 87' lang='lat' dir='ltr'>vitupera·</span> <span class='ocrx_word' id='word_1_76' title='bbox 1581 636 1635 676; x_wconf 78' lang='lat'>36</span> 
     </span>
     <span class='ocr_line' id='line_1_9' title="bbox 149 694 1650 747; baseline -0.003 -13"><span class='ocrx_word' id='word_1_77' title='bbox 149 696 236 743; x_wconf 86' lang='lat' dir='ltr'>bas,</span> <span class='ocrx_word' id='word_1_78' title='bbox 268 697 332 747; x_wconf 84' lang='lat' dir='ltr'>qui</span> <span class='ocrx_word' id='word_1_79' title='bbox 360 709 404 734; x_wconf 82' lang='lat' dir='ltr'>ex</span> <span class='ocrx_word' id='word_1_80' title='bbox 426 695 608 746; x_wconf 82' lang='lat' dir='ltr'>operibus</span> <span class='ocrx_word' id='word_1_81' title='bbox 638 694 851 744; x_wconf 87' lang='lat' dir='ltr'>magnificis</span> <span class='ocrx_word' id='word_1_82' title='bbox 880 699 994 744; x_wconf 85' lang='lat' dir='ltr'>atque</span> <span class='ocrx_word' id='word_1_83' title='bbox 1022 695 1250 745; x_wconf 86' lang='lat' dir='ltr'>praeclaris,</span> <span class='ocrx_word' id='word_1_84' title='bbox 1279 707 1397 745; x_wconf 88' lang='lat' dir='ltr'>quum</span> <span class='ocrx_word' id='word_1_85' title='bbox 1427 695 1556 745; x_wconf 88' lang='lat' dir='ltr'>ipsum</span> <span class='ocrx_word' id='word_1_86' title='bbox 1588 699 1650 731; x_wconf 91' lang='lat'>100</span> 
     </span>
     <span class='ocr_line' id='line_1_10' title="bbox 149 750 1558 802; baseline -0.001 -12"><span class='ocrx_word' id='word_1_87' title='bbox 149 753 357 797; x_wconf 87' lang='lat' dir='ltr'>mundum,</span> <span class='ocrx_word' id='word_1_88' title='bbox 386 764 504 802; x_wconf 88' lang='lat' dir='ltr'>quum</span> <span class='ocrx_word' id='word_1_89' title='bbox 526 752 610 789; x_wconf 86' lang='lat' dir='ltr'>eius</span> <span class='ocrx_word' id='word_1_90' title='bbox 633 750 821 797; x_wconf 89' lang='lat' dir='ltr'>membra,</span> <span class='ocrx_word' id='word_1_91' title='bbox 850 750 1013 797; x_wconf 88' lang='lat' dir='ltr'>caelum,</span> <span class='ocrx_word' id='word_1_92' title='bbox 1035 756 1177 795; x_wconf 86' lang='lat' dir='ltr'>terras,</span> <span class='ocrx_word' id='word_1_93' title='bbox 1202 750 1339 797; x_wconf 84' lang='lat' dir='ltr'>maria,</span> <span class='ocrx_word' id='word_1_94' title='bbox 1364 763 1558 801; x_wconf 89' lang='lat' dir='ltr'>quumque</span> 
     </span>
     <span class='ocr_line' id='line_1_11' title="bbox 148 806 1556 858; baseline -0.001 -12"><span class='ocrx_word' id='word_1_95' title='bbox 148 809 289 847; x_wconf 89' lang='lat' dir='ltr'>horum</span> <span class='ocrx_word' id='word_1_96' title='bbox 307 808 481 858; x_wconf 86' lang='lat' dir='ltr'>insignia,</span> <span class='ocrx_word' id='word_1_97' title='bbox 502 807 636 853; x_wconf 87' lang='grc'>501001,</span> <span class='ocrx_word' id='word_1_98' title='bbox 658 807 786 845; x_wconf 87' lang='lat' dir='ltr'>lunam</span> <span class='ocrx_word' id='word_1_99' title='bbox 806 806 1009 856; x_wconf 74' lang='lat' dir='ltr'>stellasque</span> <span class='ocrx_word' id='word_1_100' title='bbox 1026 806 1223 853; x_wconf 86' lang='lat' dir='ltr'>vidissent,</span> <span class='ocrx_word' id='word_1_101' title='bbox 1245 819 1440 858; x_wconf 89' lang='lat' dir='ltr'>quumque</span> <span class='ocrx_word' id='word_1_102' title='bbox 1457 812 1556 845; x_wconf 88' lang='lat' dir='ltr'>tem—</span> 
     </span>
     <span class='ocr_line' id='line_1_12' title="bbox 147 862 1556 914; baseline -0.001 -12"><span class='ocrx_word' id='word_1_103' title='bbox 147 876 287 914; x_wconf 88' lang='lat' dir='ltr'>porum</span> <span class='ocrx_word' id='word_1_104' title='bbox 321 864 576 909; x_wconf 73' lang='lat' dir='ltr'>maturitates,</span> <span class='ocrx_word' id='word_1_105' title='bbox 611 862 844 900; x_wconf 88' lang='lat' dir='ltr'>mutationes</span> <span class='ocrx_word' id='word_1_106' title='bbox 874 862 1237 913; x_wconf 79' lang='lat' dir='ltr'>vicissitudinesque</span> <span class='ocrx_word' id='word_1_107' title='bbox 1270 862 1556 912; x_wconf 74' lang='lat' dir='ltr'>cognovissent,</span> 
     </span>
     <span class='ocr_line' id='line_1_13' title="bbox 147 919 1556 970; baseline -0.001 -13"><span class='ocrx_word' id='word_1_108' title='bbox 147 919 329 970; x_wconf 87' lang='lat' dir='ltr'>suspicati</span> <span class='ocrx_word' id='word_1_109' title='bbox 352 925 482 957; x_wconf 80' lang='lat' dir='ltr'>essent</span> <span class='ocrx_word' id='word_1_110' title='bbox 509 919 675 969; x_wconf 87' lang='lat' dir='ltr'>aliquam</span> <span class='ocrx_word' id='word_1_111' title='bbox 703 919 948 957; x_wconf 84' lang='lat' dir='ltr'>excellentem</span> <span class='ocrx_word' id='word_1_112' title='bbox 970 931 1058 957; x_wconf 90' lang='lat' dir='ltr'>esse</span> <span class='ocrx_word' id='word_1_113' title='bbox 1086 923 1422 969; x_wconf 85' lang='lat' dir='ltr'>praestantemque</span> <span class='ocrx_word' id='word_1_114' title='bbox 1442 923 1556 956; x_wconf 85' lang='lat' dir='ltr'>natu—</span> 
     </span>
     <span class='ocr_line' id='line_1_14' title="bbox 145 974 1556 1026; baseline -0.001 -12"><span class='ocrx_word' id='word_1_115' title='bbox 145 988 245 1022; x_wconf 85' lang='lat' dir='ltr'>ram,</span> <span class='ocrx_word' id='word_1_116' title='bbox 283 988 378 1026; x_wconf 88' lang='lat' dir='ltr'>quae</span> <span class='ocrx_word' id='word_1_117' title='bbox 413 976 507 1013; x_wconf 85' lang='lat' dir='ltr'>haec</span> <span class='ocrx_word' id='word_1_118' title='bbox 541 975 711 1021; x_wconf 82' lang='lat' dir='ltr'>fecisset,</span> <span class='ocrx_word' id='word_1_119' title='bbox 747 980 937 1021; x_wconf 84' lang='lat' dir='ltr'>moveret,</span> <span class='ocrx_word' id='word_1_120' title='bbox 976 980 1144 1025; x_wconf 85' lang='lat' dir='ltr'>regeret,</span> <span class='ocrx_word' id='word_1_121' title='bbox 1181 974 1423 1025; x_wconf 80' lang='lat' dir='ltr'>gubernaret.</span> <span class='ocrx_word' id='word_1_122' title='bbox 1482 974 1556 1020; x_wconf 87' lang='lat' dir='ltr'>Qui</span> 
     </span>
     <span class='ocr_line' id='line_1_15' title="bbox 146 1030 1557 1081; baseline -0.001 -12"><span class='ocrx_word' id='word_1_123' title='bbox 146 1032 295 1070; x_wconf 84' lang='lat' dir='ltr'>etiamsi</span> <span class='ocrx_word' id='word_1_124' title='bbox 322 1032 500 1070; x_wconf 83' lang='lat' dir='ltr'>aberrant</span> <span class='ocrx_word' id='word_1_125' title='bbox 528 1031 763 1077; x_wconf 87' lang='lat' dir='ltr'>coniectura,</span> <span class='ocrx_word' id='word_1_126' title='bbox 795 1031 903 1069; x_wconf 80' lang='lat' dir='ltr'>video</span> <span class='ocrx_word' id='word_1_127' title='bbox 927 1036 1076 1077; x_wconf 86' lang='lat' dir='ltr'>tamen,</span> <span class='ocrx_word' id='word_1_128' title='bbox 1107 1030 1197 1081; x_wconf 90' lang='lat' dir='ltr'>quid</span> <span class='ocrx_word' id='word_1_129' title='bbox 1227 1035 1450 1080; x_wconf 85' lang='lat' dir='ltr'>sequantur.</span> <span class='ocrx_word' id='word_1_130' title='bbox 1499 1030 1557 1068; x_wconf 89' lang='lat' dir='ltr'>Tu</span> 
     </span>
     <span class='ocr_line' id='line_1_16' title="bbox 146 1083 1557 1138; baseline -0.002 -12"><span class='ocrx_word' id='word_1_131' title='bbox 146 1088 250 1138; x_wconf 92' lang='lat' dir='ltr'>quod</span> <span class='ocrx_word' id='word_1_132' title='bbox 274 1083 548 1138; x_wconf 48' lang='lat' dir='ltr'>opus‘tandem</span> <span class='ocrx_word' id='word_1_133' title='bbox 577 1098 761 1136; x_wconf 86' lang='lat' dir='ltr'>magnum</span> <span class='ocrx_word' id='word_1_134' title='bbox 785 1092 819 1125; x_wconf 87' lang='lat' dir='ltr'>et</span> <span class='ocrx_word' id='word_1_135' title='bbox 848 1087 1045 1137; x_wconf 87' lang='lat' dir='ltr'>egregium</span> <span class='ocrx_word' id='word_1_136' title='bbox 1074 1087 1212 1133; x_wconf 87' lang='lat' dir='ltr'>habes,</span> <span class='ocrx_word' id='word_1_137' title='bbox 1242 1087 1346 1137; x_wconf 89' lang='lat' dir='ltr'>quod</span> <span class='ocrx_word' id='word_1_138' title='bbox 1377 1087 1557 1124; x_wconf 83' lang='lat' dir='ltr'>effectum</span> 
     </span>
     <span class='ocr_line' id='line_1_17' title="bbox 146 1140 1555 1194; baseline -0.001 -13"><span class='ocrx_word' id='word_1_139' title='bbox 146 1143 271 1182; x_wconf 85' lang='lat' dir='ltr'>divina</span> <span class='ocrx_word' id='word_1_140' title='bbox 299 1149 427 1182; x_wconf 88' lang='lat' dir='ltr'>mente</span> <span class='ocrx_word' id='word_1_141' title='bbox 457 1144 646 1190; x_wconf 83' lang='lat' dir='ltr'>videatur,</span> <span class='ocrx_word' id='word_1_142' title='bbox 674 1156 716 1182; x_wconf 81' lang='lat' dir='ltr'>ex</span> <span class='ocrx_word' id='word_1_143' title='bbox 740 1155 816 1194; x_wconf 90' lang='lat' dir='ltr'>quo</span> <span class='ocrx_word' id='word_1_144' title='bbox 839 1156 925 1181; x_wconf 88' lang='lat' dir='ltr'>esse</span> <span class='ocrx_word' id='word_1_145' title='bbox 954 1143 1048 1181; x_wconf 91' lang='lat' dir='ltr'>deos</span> <span class='ocrx_word' id='word_1_146' title='bbox 1079 1140 1306 1193; x_wconf 73' lang='lat' dir='ltr'>suspicere?</span> <span class='ocrx_word' id='word_1_147' title='bbox 1347 1141 1555 1187; x_wconf 86' lang='lat' dir='ltr'>Habebam,</span> 
     </span>
     <span class='ocr_line' id='line_1_18' title="bbox 146 1197 1557 1250; baseline -0.001 -13"><span class='ocrx_word' id='word_1_148' title='bbox 146 1199 283 1250; x_wconf 86' lang='lat' dir='ltr'>inquis,</span> <span class='ocrx_word' id='word_1_149' title='bbox 306 1200 342 1237; x_wconf 89' lang='lat' dir='ltr'>in</span> <span class='ocrx_word' id='word_1_150' title='bbox 365 1200 493 1238; x_wconf 86' lang='lat' dir='ltr'>animo</span> <span class='ocrx_word' id='word_1_151' title='bbox 515 1199 670 1237; x_wconf 89' lang='lat' dir='ltr'>insitam</span> <span class='ocrx_word' id='word_1_152' title='bbox 688 1199 1002 1237; x_wconf 79' lang='lat' dir='ltr'>informationem</span> <span class='ocrx_word' id='word_1_153' title='bbox 1021 1199 1212 1249; x_wconf 88' lang='lat' dir='ltr'>quandam</span> <span class='ocrx_word' id='word_1_154' title='bbox 1237 1198 1308 1236; x_wconf 83' lang='lat' dir='ltr'>dei.</span> <span class='ocrx_word' id='word_1_155' title='bbox 1345 1198 1393 1236; x_wconf 88' lang='lat' dir='ltr'>Et</span> <span class='ocrx_word' id='word_1_156' title='bbox 1408 1197 1557 1235; x_wconf 84' lang='lat' dir='ltr'>barbati</span> 
     </span>
     <span class='ocr_line' id='line_1_19' title="bbox 147 1251 1554 1306; baseline -0.002 -12"><span class='ocrx_word' id='word_1_157' title='bbox 147 1256 301 1306; x_wconf 88' lang='lat' dir='ltr'>quidem</span> <span class='ocrx_word' id='word_1_158' title='bbox 330 1256 448 1302; x_wconf 81' lang='lat' dir='ltr'>Iovis,</span> <span class='ocrx_word' id='word_1_159' title='bbox 478 1256 642 1305; x_wconf 82' lang='lat' dir='ltr'>galeatae</span> <span class='ocrx_word' id='word_1_160' title='bbox 668 1255 875 1293; x_wconf 87' lang='lat' dir='ltr'>Minervae:</span> <span class='ocrx_word' id='word_1_161' title='bbox 905 1267 999 1293; x_wconf 92' lang='lat' dir='ltr'>num</span> <span class='ocrx_word' id='word_1_162' title='bbox 1027 1254 1143 1305; x_wconf 85' lang='lat' dir='ltr'>igitur</span> <span class='ocrx_word' id='word_1_163' title='bbox 1171 1267 1256 1292; x_wconf 87' lang='lat' dir='ltr'>esse</span> <span class='ocrx_word' id='word_1_164' title='bbox 1287 1254 1383 1293; x_wconf 85' lang='lat' dir='ltr'>tales</span> <span class='ocrx_word' id='word_1_165' title='bbox 1411 1251 1554 1305; x_wconf 73' lang='lat' dir='ltr'>putas?</span> 
     </span>
     <span class='ocr_line' id='line_1_20' title="bbox 146 1309 1553 1362; baseline -0.002 -12"><span class='ocrx_word' id='word_1_166' title='bbox 146 1311 299 1358; x_wconf 77' lang='lat' dir='ltr'>Quanto</span> <span class='ocrx_word' id='word_1_167' title='bbox 322 1312 460 1350; x_wconf 88' lang='lat' dir='ltr'>melius</span> <span class='ocrx_word' id='word_1_168' title='bbox 481 1312 575 1349; x_wconf 85' lang='lat' dir='ltr'>haec</span> <span class='ocrx_word' id='word_1_169' title='bbox 595 1312 728 1362; x_wconf 86' lang='lat' dir='ltr'>vulgus</span> <span class='ocrx_word' id='word_1_170' title='bbox 746 1311 1029 1362; x_wconf 88' lang='lat' dir='ltr'>imperitorum,</span> <span class='ocrx_word' id='word_1_171' title='bbox 1051 1311 1115 1362; x_wconf 90' lang='lat' dir='ltr'>qui</span> <span class='ocrx_word' id='word_1_172' title='bbox 1138 1323 1219 1349; x_wconf 90' lang='lat' dir='ltr'>non</span> <span class='ocrx_word' id='word_1_173' title='bbox 1238 1310 1409 1349; x_wconf 85' lang='lat' dir='ltr'>membra</span> <span class='ocrx_word' id='word_1_174' title='bbox 1427 1309 1553 1348; x_wconf 91' lang='lat' dir='ltr'>solum</span> 
     </span>
     <span class='ocr_line' id='line_1_21' title="bbox 144 1365 1554 1414; baseline -0.002 -8"><span class='ocrx_word' id='word_1_175' title='bbox 144 1368 314 1406; x_wconf 87' lang='lat' dir='ltr'>hominis</span> <span class='ocrx_word' id='word_1_176' title='bbox 336 1368 406 1406; x_wconf 90' lang='lat' dir='ltr'>deo</span> <span class='ocrx_word' id='word_1_177' title='bbox 428 1368 622 1414; x_wconf 85' lang='lat' dir='ltr'>tribuunt,</span> <span class='ocrx_word' id='word_1_178' title='bbox 646 1368 712 1406; x_wconf 87' lang='lat' dir='ltr'>sed</span> <span class='ocrx_word' id='word_1_179' title='bbox 734 1381 850 1406; x_wconf 89' lang='lat' dir='ltr'>usum</span> <span class='ocrx_word' id='word_1_180' title='bbox 872 1367 987 1406; x_wconf 87' lang='lat' dir='ltr'>etiam</span> <span class='ocrx_word' id='word_1_181' title='bbox 1009 1367 1292 1406; x_wconf 83' lang='lat' dir='ltr'>membrorum.</span> <span class='ocrx_word' id='word_1_182' title='bbox 1334 1367 1431 1405; x_wconf 84' lang='lat' dir='ltr'>Dant</span> <span class='ocrx_word' id='word_1_183' title='bbox 1453 1365 1554 1404; x_wconf 89' lang='lat' dir='ltr'>enim</span> 
     </span>
     <span class='ocr_line' id='line_1_22' title="bbox 144 1421 1555 1475; baseline -0.001 -13"><span class='ocrx_word' id='word_1_184' title='bbox 144 1436 288 1470; x_wconf 84' lang='lat' dir='ltr'>arcum,</span> <span class='ocrx_word' id='word_1_185' title='bbox 312 1425 481 1475; x_wconf 89' lang='lat' dir='ltr'>sagittas,</span> <span class='ocrx_word' id='word_1_186' title='bbox 502 1425 664 1470; x_wconf 85' lang='lat' dir='ltr'>hastam,</span> <span class='ocrx_word' id='word_1_187' title='bbox 688 1424 875 1475; x_wconf 76' lang='lat' dir='ltr'>clypeum,</span> <span class='ocrx_word' id='word_1_188' title='bbox 898 1424 1103 1467; x_wconf 81' lang='lat' dir='ltr'>fuscinam,</span> <span class='ocrx_word' id='word_1_189' title='bbox 1127 1424 1284 1469; x_wconf 84' lang='lat' dir='ltr'>fulmen,</span> <span class='ocrx_word' id='word_1_190' title='bbox 1305 1428 1341 1460; x_wconf 90' lang='lat' dir='ltr'>et</span> <span class='ocrx_word' id='word_1_191' title='bbox 1363 1423 1407 1468; x_wconf 88' lang='lat' dir='ltr'>si,</span> <span class='ocrx_word' id='word_1_192' title='bbox 1436 1421 1555 1460; x_wconf 87' lang='lat' dir='ltr'>actio—</span> 
     </span>
     <span class='ocr_line' id='line_1_23' title="bbox 144 1478 1555 1530; baseline -0.001 -13"><span class='ocrx_word' id='word_1_193' title='bbox 144 1492 213 1518; x_wconf 90' lang='lat' dir='ltr'>nes</span> <span class='ocrx_word' id='word_1_194' title='bbox 241 1493 336 1530; x_wconf 88' lang='lat' dir='ltr'>quae</span> <span class='ocrx_word' id='word_1_195' title='bbox 364 1480 440 1518; x_wconf 88' lang='lat' dir='ltr'>sint</span> <span class='ocrx_word' id='word_1_196' title='bbox 470 1481 631 1518; x_wconf 89' lang='lat' dir='ltr'>deorum</span> <span class='ocrx_word' id='word_1_197' title='bbox 665 1492 745 1518; x_wconf 91' lang='lat' dir='ltr'>non</span> <span class='ocrx_word' id='word_1_198' title='bbox 773 1480 920 1526; x_wconf 87' lang='lat' dir='ltr'>vident,</span> <span class='ocrx_word' id='word_1_199' title='bbox 956 1480 1051 1518; x_wconf 88' lang='lat' dir='ltr'>nibil</span> <span class='ocrx_word' id='word_1_200' title='bbox 1080 1482 1256 1529; x_wconf 80' lang='lat' dir='ltr'>agentem</span> <span class='ocrx_word' id='word_1_201' title='bbox 1285 1483 1413 1516; x_wconf 89' lang='lat' dir='ltr'>tamen</span> <span class='ocrx_word' id='word_1_202' title='bbox 1441 1478 1555 1516; x_wconf 88' lang='lat' dir='ltr'>deum</span> 
     </span>
     <span class='ocr_line' id='line_1_24' title="bbox 144 1534 1554 1587; baseline -0.001 -14"><span class='ocrx_word' id='word_1_203' title='bbox 144 1547 225 1574; x_wconf 87' lang='lat' dir='ltr'>non</span> <span class='ocrx_word' id='word_1_204' title='bbox 242 1542 386 1586; x_wconf 88' lang='lat' dir='ltr'>queunt</span> <span class='ocrx_word' id='word_1_205' title='bbox 402 1537 580 1586; x_wconf 82' lang='lat' dir='ltr'>cogitare.</span> <span class='ocrx_word' id='word_1_206' title='bbox 610 1536 699 1586; x_wconf 91' lang='lat' dir='ltr'>Ipsi,</span> <span class='ocrx_word' id='word_1_207' title='bbox 718 1537 781 1587; x_wconf 89' lang='lat' dir='ltr'>qui</span> <span class='ocrx_word' id='word_1_208' title='bbox 798 1536 1020 1583; x_wconf 88' lang='lat' dir='ltr'>irridentur,</span> <span class='ocrx_word' id='word_1_209' title='bbox 1037 1535 1214 1586; x_wconf 77' lang='lat' dir='ltr'>Aegyptii</span> <span class='ocrx_word' id='word_1_210' title='bbox 1230 1534 1372 1573; x_wconf 86' lang='lat' dir='ltr'>nullam</span> <span class='ocrx_word' id='word_1_211' title='bbox 1391 1534 1554 1573; x_wconf 87' lang='lat' dir='ltr'>belluam</span> 
     </span>
     <span class='ocr_line' id='line_1_25' title="bbox 147 1592 1554 1642; baseline -0.001 -12"><span class='ocrx_word' id='word_1_212' title='bbox 147 1592 221 1630; x_wconf 91' lang='lat' dir='ltr'>nisi</span> <span class='ocrx_word' id='word_1_213' title='bbox 244 1592 293 1630; x_wconf 91' lang='lat' dir='ltr'>ob</span> <span class='ocrx_word' id='word_1_214' title='bbox 316 1592 481 1642; x_wconf 87' lang='lat' dir='ltr'>aliquam</span> <span class='ocrx_word' id='word_1_215' title='bbox 503 1592 714 1635; x_wconf 83' lang='lat' dir='ltr'>utilitatem,</span> <span class='ocrx_word' id='word_1_216' title='bbox 739 1605 852 1642; x_wconf 86' lang='lat' dir='ltr'>quam</span> <span class='ocrx_word' id='word_1_217' title='bbox 873 1605 918 1630; x_wconf 82' lang='lat' dir='ltr'>ex</span> <span class='ocrx_word' id='word_1_218' title='bbox 937 1605 979 1630; x_wconf 84' lang='lat' dir='ltr'>ea</span> <span class='ocrx_word' id='word_1_219' title='bbox 998 1596 1190 1642; x_wconf 84' lang='lat' dir='ltr'>caperent,</span> <span class='ocrx_word' id='word_1_220' title='bbox 1213 1595 1554 1636; x_wconf 67' lang='lat' dir='ltr'>consecraverunt,</span> 
     </span>
    </p>
   </div>
   <div class='ocr_carea' id='block_1_3' title="bbox 1585 1314 1640 1346">
    <p class='ocr_par' dir='ltr' id='par_1_9' title="bbox 1585 1314 1640 1346">
     <span class='ocr_line' id='line_1_26' title="bbox 1585 1314 1640 1346; baseline 0 0"><span class='ocrx_word' id='word_1_221' title='bbox 1585 1314 1640 1346; x_wconf 87' lang='lat'>101</span> 
     </span>
    </p>
   </div>
   <div class='ocr_carea' id='block_1_4' title="bbox 138 1715 810 2645">
    <p class='ocr_par' dir='ltr' id='par_1_10' title="bbox 138 1715 810 2284">
     <span class='ocr_line' id='line_1_27' title="bbox 146 1715 810 1746; baseline 0 0"><span class='ocrx_word' id='word_1_222' title='bbox 146 1726 182 1746; x_wconf 90' lang='lat' dir='ltr'>es</span> <span class='ocrx_word' id='word_1_223' title='bbox 212 1715 282 1746; x_wconf 82' lang='lat' dir='ltr'>sein</span> <span class='ocrx_word' id='word_1_224' title='bbox 312 1715 444 1746; x_wconf 88' lang='lat' dir='ltr'>sollten.</span> <span class='ocrx_word' id='word_1_225' title='bbox 484 1715 553 1746; x_wconf 88' lang='lat' dir='ltr'>Der</span> <span class='ocrx_word' id='word_1_226' title='bbox 582 1715 690 1746; x_wconf 83' lang='lat' dir='ltr'>Ablat.</span> <span class='ocrx_word' id='word_1_227' title='bbox 722 1715 810 1746; x_wconf 82' lang='lat' dir='ltr'>nicht</span> 
     </span>
     <span class='ocr_line' id='line_1_28' title="bbox 145 1758 807 1800; baseline 0 -9"><span class='ocrx_word' id='word_1_228' title='bbox 145 1758 807 1800; x_wconf 78' lang='lat' dir='ltr'>desVergleichungsgegenstandes,s0n-</span> 
     </span>
     <span class='ocr_line' id='line_1_29' title="bbox 145 1804 809 1845; baseline 0 -9"><span class='ocrx_word' id='word_1_229' title='bbox 145 1805 225 1835; x_wconf 85' lang='lat' dir='ltr'>dern</span> <span class='ocrx_word' id='word_1_230' title='bbox 255 1805 313 1836; x_wconf 92' lang='lat' dir='ltr'>des</span> <span class='ocrx_word' id='word_1_231' title='bbox 343 1804 487 1845; x_wconf 85' lang='lat' dir='ltr'>Masses,</span> <span class='ocrx_word' id='word_1_232' title='bbox 521 1805 582 1836; x_wconf 87' lang='lat' dir='ltr'>wie</span> <span class='ocrx_word' id='word_1_233' title='bbox 615 1805 668 1836; x_wconf 83' lang='lat' dir='ltr'>sol</span> <span class='ocrx_word' id='word_1_234' title='bbox 692 1805 809 1836; x_wconf 78' lang='lat' dir='ltr'>multis</span> 
     </span>
     <span class='ocr_line' id='line_1_30' title="bbox 138 1848 807 1892; baseline -0.001 -12"><span class='ocrx_word' id='word_1_235' title='bbox 138 1850 298 1892; x_wconf 78' lang='lat' dir='ltr'>partibus</span> <span class='ocrx_word' id='word_1_236' title='bbox 316 1852 425 1881; x_wconf 75' lang='lat' dir='ltr'>maior</span> <span class='ocrx_word' id='word_1_237' title='bbox 441 1860 541 1891; x_wconf 85' lang='lat' dir='ltr'>quam</span> <span class='ocrx_word' id='word_1_238' title='bbox 565 1853 657 1881; x_wconf 79' lang='lat' dir='ltr'>terra</span> <span class='ocrx_word' id='word_1_239' title='bbox 675 1848 727 1889; x_wconf 87' lang='lat' dir='ltr'>(ll,</span> <span class='ocrx_word' id='word_1_240' title='bbox 754 1848 807 1889; x_wconf 81' lang='lat'>36,</span> 
     </span>
     <span class='ocr_line' id='line_1_31' title="bbox 143 1892 809 1936; baseline 0.002 -12"><span class='ocrx_word' id='word_1_241' title='bbox 143 1893 222 1934; x_wconf 85' lang='grc'>92),</span> <span class='ocrx_word' id='word_1_242' title='bbox 254 1892 359 1925; x_wconf 83' lang='lat' dir='ltr'>Siculi</span> <span class='ocrx_word' id='word_1_243' title='bbox 383 1905 633 1936; x_wconf 72' lang='lat' dir='ltr'>nonnumquam</span> <span class='ocrx_word' id='word_1_244' title='bbox 659 1904 727 1925; x_wconf 80' lang='lat' dir='ltr'>uuo</span> <span class='ocrx_word' id='word_1_245' title='bbox 755 1894 809 1925; x_wconf 79' lang='lat' dir='ltr'>(lie</span> 
     </span>
     <span class='ocr_line' id='line_1_32' title="bbox 141 1939 809 1980; baseline -0.001 -10"><span class='ocrx_word' id='word_1_246' title='bbox 141 1939 329 1980; x_wconf 78' lang='lat' dir='ltr'>longiorem</span> <span class='ocrx_word' id='word_1_247' title='bbox 350 1949 500 1970; x_wconf 81' lang='lat' dir='ltr'>mensem</span> <span class='ocrx_word' id='word_1_248' title='bbox 512 1940 656 1980; x_wconf 76' lang='lat' dir='ltr'>faciunt</span> <span class='ocrx_word' id='word_1_249' title='bbox 678 1941 740 1970; x_wconf 82' lang='lat' dir='ltr'>aut</span> <span class='ocrx_word' id='word_1_250' title='bbox 759 1940 809 1971; x_wconf 84' lang='lat' dir='ltr'>bi-</span> 
     </span>
     <span class='ocr_line' id='line_1_33' title="bbox 141 1982 805 2024; baseline -0.002 -9"><span class='ocrx_word' id='word_1_251' title='bbox 141 1983 217 2015; x_wconf 86' lang='lat' dir='ltr'>duo.</span> <span class='ocrx_word' id='word_1_252' title='bbox 248 1983 452 2024; x_wconf 59' lang='lat' dir='ltr'>Ve1·1‘.ll,52,</span> <span class='ocrx_word' id='word_1_253' title='bbox 465 1982 537 2015; x_wconf 84' lang='lat'>129.</span> <span class='ocrx_word' id='word_1_254' title='bbox 557 1983 649 2015; x_wconf 83' lang='lat' dir='ltr'>Orat.</span> <span class='ocrx_word' id='word_1_255' title='bbox 661 1984 713 2023; x_wconf 81' lang='lat'>51,</span> <span class='ocrx_word' id='word_1_256' title='bbox 727 1983 805 2014; x_wconf 78' lang='lat'>173:</span> 
     </span>
     <span class='ocr_line' id='line_1_34' title="bbox 141 2028 807 2071; baseline 0 -11"><span class='ocrx_word' id='word_1_257' title='bbox 141 2038 258 2061; x_wconf 78' lang='lat' dir='ltr'>versus</span> <span class='ocrx_word' id='word_1_258' title='bbox 275 2039 343 2060; x_wconf 75' lang='lat' dir='ltr'>vna</span> <span class='ocrx_word' id='word_1_259' title='bbox 359 2028 487 2071; x_wconf 75' lang='lat' dir='ltr'>syllaba</span> <span class='ocrx_word' id='word_1_260' title='bbox 504 2030 636 2061; x_wconf 76' lang='lat' dir='ltr'>brevior</span> <span class='ocrx_word' id='word_1_261' title='bbox 658 2031 720 2060; x_wconf 80' lang='lat' dir='ltr'>aut</span> <span class='ocrx_word' id='word_1_262' title='bbox 735 2028 807 2060; x_wconf 80' lang='lat' dir='ltr'>lon-</span> 
     </span>
     <span class='ocr_line' id='line_1_35' title="bbox 138 2074 807 2115; baseline -0.001 -10"><span class='ocrx_word' id='word_1_263' title='bbox 138 2076 226 2115; x_wconf 77' lang='lat' dir='ltr'>gior.</span> <span class='ocrx_word' id='word_1_264' title='bbox 244 2092 281 2096; x_wconf 81' lang='lat'>-</span> <span class='ocrx_word' id='word_1_265' title='bbox 317 2074 400 2105; x_wconf 87' lang='lat' dir='ltr'>Dass</span> <span class='ocrx_word' id='word_1_266' title='bbox 415 2074 517 2105; x_wconf 79' lang='lat' dir='ltr'>alium</span> <span class='ocrx_word' id='word_1_267' title='bbox 532 2074 620 2105; x_wconf 82' lang='lat' dir='ltr'>nicht</span> <span class='ocrx_word' id='word_1_268' title='bbox 636 2074 693 2104; x_wconf 83' lang='lat' dir='ltr'>mit</span> <span class='ocrx_word' id='word_1_269' title='bbox 708 2084 807 2105; x_wconf 80' lang='lat' dir='ltr'>usum</span> 
     </span>
     <span class='ocr_line' id='line_1_36' title="bbox 142 2118 807 2159; baseline 0.002 -10"><span class='ocrx_word' id='word_1_270' title='bbox 142 2129 183 2149; x_wconf 91' lang='lat' dir='ltr'>zu</span> <span class='ocrx_word' id='word_1_271' title='bbox 200 2118 397 2159; x_wconf 86' lang='lat' dir='ltr'>verbinden,</span> <span class='ocrx_word' id='word_1_272' title='bbox 421 2119 563 2150; x_wconf 85' lang='lat' dir='ltr'>sondern</span> <span class='ocrx_word' id='word_1_273' title='bbox 589 2129 651 2149; x_wconf 82' lang='lat' dir='ltr'>von</span> <span class='ocrx_word' id='word_1_274' title='bbox 676 2118 807 2150; x_wconf 85' lang='lat' dir='ltr'>deside-</span> 
     </span>
     <span class='ocr_line' id='line_1_37' title="bbox 140 2163 807 2205; baseline 0 -11"><span class='ocrx_word' id='word_1_275' title='bbox 140 2166 220 2195; x_wconf 79' lang='lat' dir='ltr'>rant</span> <span class='ocrx_word' id='word_1_276' title='bbox 234 2164 412 2204; x_wconf 65' lang='lat' dir='ltr'>abh&#39;zingig,</span> <span class='ocrx_word' id='word_1_277' title='bbox 436 2164 500 2194; x_wconf 88' lang='lat' dir='ltr'>und</span> <span class='ocrx_word' id='word_1_278' title='bbox 524 2163 669 2205; x_wconf 63' lang='lat' dir='ltr'>digitum</span> <span class='ocrx_word' id='word_1_279' title='bbox 694 2164 807 2194; x_wconf 88' lang='lat' dir='ltr'>hinzu-</span> 
     </span>
     <span class='ocr_line' id='line_1_38' title="bbox 142 2208 805 2250; baseline 0 -11"><span class='ocrx_word' id='word_1_280' title='bbox 142 2208 314 2239; x_wconf 87' lang='lat' dir='ltr'>zudenken</span> <span class='ocrx_word' id='word_1_281' title='bbox 344 2209 407 2250; x_wconf 87' lang='grc'>501,</span> <span class='ocrx_word' id='word_1_282' title='bbox 444 2208 581 2239; x_wconf 87' lang='lat' dir='ltr'>braucht</span> <span class='ocrx_word' id='word_1_283' title='bbox 618 2209 713 2240; x_wconf 88' lang='lat' dir='ltr'>kaum</span> <span class='ocrx_word' id='word_1_284' title='bbox 750 2218 805 2239; x_wconf 85' lang='grc'>00-</span> 
     </span>
     <span class='ocr_line' id='line_1_39' title="bbox 141 2254 471 2284; baseline 0 0"><span class='ocrx_word' id='word_1_285' title='bbox 141 2254 250 2284; x_wconf 87' lang='lat' dir='ltr'>innert</span> <span class='ocrx_word' id='word_1_286' title='bbox 268 2264 309 2284; x_wconf 92' lang='lat' dir='ltr'>zu</span> <span class='ocrx_word' id='word_1_287' title='bbox 326 2254 471 2284; x_wconf 73' lang='lat' dir='ltr'>werden.</span> 
     </span>
    </p>

    <p class='ocr_par' dir='ltr' id='par_1_11' title="bbox 142 2291 808 2645">
     <span class='ocr_line' id='line_1_40' title="bbox 186 2291 806 2340; baseline -0.002 -10"><span class='ocrx_word' id='word_1_288' title='bbox 186 2291 255 2330; x_wconf 74' lang='grc'>36.</span> <span class='ocrx_word' id='word_1_289' title='bbox 298 2298 370 2329; x_wconf 84' lang='lat'>100.</span> <span class='ocrx_word' id='word_1_290' title='bbox 411 2297 456 2329; x_wconf 77' lang='lat' dir='ltr'>Et</span> <span class='ocrx_word' id='word_1_291' title='bbox 486 2309 543 2329; x_wconf 80' lang='lat' dir='ltr'>eos</span> <span class='ocrx_word' id='word_1_292' title='bbox 579 2298 806 2340; x_wconf 67' lang='lat' dir='ltr'>vituperabas.</span> 
     </span>
     <span class='ocr_line' id='line_1_41' title="bbox 142 2342 808 2383; baseline -0.002 -9"><span class='ocrx_word' id='word_1_293' title='bbox 142 2343 232 2374; x_wconf 89' lang='lat' dir='ltr'>Oben</span> <span class='ocrx_word' id='word_1_294' title='bbox 257 2353 283 2374; x_wconf 92' lang='grc'>0.</span> <span class='ocrx_word' id='word_1_295' title='bbox 312 2342 373 2382; x_wconf 84' lang='grc'>20,</span> <span class='ocrx_word' id='word_1_296' title='bbox 404 2342 445 2373; x_wconf 84' lang='grc'>53</span> <span class='ocrx_word' id='word_1_297' title='bbox 471 2353 517 2383; x_wconf 89' lang='lat' dir='ltr'>sq.</span> <span class='ocrx_word' id='word_1_298' title='bbox 544 2361 589 2364; x_wconf 96' lang='lat'><strong>—</strong></span> <span class='ocrx_word' id='word_1_299' title='bbox 629 2342 672 2374; x_wconf 71' lang='lat' dir='ltr'>Et</span> <span class='ocrx_word' id='word_1_300' title='bbox 693 2342 746 2373; x_wconf 82' lang='lat' dir='ltr'>l&#39;iir</span> <span class='ocrx_word' id='word_1_301' title='bbox 775 2346 808 2374; x_wconf 78' lang='lat' dir='ltr'>el</span> 
     </span>
     <span class='ocr_line' id='line_1_42' title="bbox 142 2386 807 2428; baseline -0.002 -9"><span class='ocrx_word' id='word_1_302' title='bbox 142 2391 251 2420; x_wconf 73' lang='lat' dir='ltr'>tamen</span> <span class='ocrx_word' id='word_1_303' title='bbox 280 2388 361 2418; x_wconf 70' lang='lat' dir='ltr'>odet·</span> <span class='ocrx_word' id='word_1_304' title='bbox 382 2388 445 2418; x_wconf 88' lang='lat' dir='ltr'>wie</span> <span class='ocrx_word' id='word_1_305' title='bbox 476 2386 551 2419; x_wconf 75' lang='grc' dir='ltr'>εἶτα</span> <span class='ocrx_word' id='word_1_306' title='bbox 580 2388 620 2418; x_wconf 90' lang='grc'>110</span> <span class='ocrx_word' id='word_1_307' title='bbox 645 2387 718 2428; x_wconf 66' lang='lat' dir='ltr'>Gn,</span> <span class='ocrx_word' id='word_1_308' title='bbox 749 2388 807 2419; x_wconf 88' lang='lat' dir='ltr'>mit</span> 
     </span>
     <span class='ocr_line' id='line_1_43' title="bbox 142 2432 808 2472; baseline 0 -9"><span class='ocrx_word' id='word_1_309' title='bbox 142 2433 213 2464; x_wconf 85' lang='lat' dir='ltr'>dem</span> <span class='ocrx_word' id='word_1_310' title='bbox 238 2433 412 2464; x_wconf 82' lang='lat' dir='ltr'>Ausdruck</span> <span class='ocrx_word' id='word_1_311' title='bbox 435 2433 622 2472; x_wconf 84' lang='lat' dir='ltr'>unwilliger</span> <span class='ocrx_word' id='word_1_312' title='bbox 645 2432 808 2464; x_wconf 82' lang='lat' dir='ltr'>Verwun—</span> 
     </span>
     <span class='ocr_line' id='line_1_44' title="bbox 143 2477 803 2519; baseline 0 -11"><span class='ocrx_word' id='word_1_313' title='bbox 143 2477 276 2518; x_wconf 80' lang='lat' dir='ltr'>derung.</span> <span class='ocrx_word' id='word_1_314' title='bbox 310 2477 392 2509; x_wconf 89' lang='lat' dir='ltr'>Phil.</span> <span class='ocrx_word' id='word_1_315' title='bbox 410 2477 434 2508; x_wconf 92' lang='grc'>1.</span> <span class='ocrx_word' id='word_1_316' title='bbox 454 2477 490 2517; x_wconf 84' lang='grc'>8,</span> <span class='ocrx_word' id='word_1_317' title='bbox 513 2477 567 2508; x_wconf 74' lang='grc' dir='ltr'>19ε</span> <span class='ocrx_word' id='word_1_318' title='bbox 596 2477 701 2517; x_wconf 78' lang='lat' dir='ltr'>Quid?</span> <span class='ocrx_word' id='word_1_319' title='bbox 724 2478 803 2519; x_wconf 76' lang='lat' dir='ltr'>lege,</span> 
     </span>
     <span class='ocr_line' id='line_1_45' title="bbox 144 2522 806 2565; baseline -0.002 -11"><span class='ocrx_word' id='word_1_320' title='bbox 144 2532 226 2564; x_wconf 81' lang='lat' dir='ltr'>quae</span> <span class='ocrx_word' id='word_1_321' title='bbox 244 2522 463 2565; x_wconf 72' lang='lat' dir='ltr'>promulgata</span> <span class='ocrx_word' id='word_1_322' title='bbox 486 2525 539 2554; x_wconf 76' lang='lat' dir='ltr'>est</span> <span class='ocrx_word' id='word_1_323' title='bbox 561 2522 601 2554; x_wconf 86' lang='lat' dir='ltr'>de</span> <span class='ocrx_word' id='word_1_324' title='bbox 626 2525 726 2554; x_wconf 72' lang='lat' dir='ltr'>tertia</span> <span class='ocrx_word' id='word_1_325' title='bbox 749 2522 806 2553; x_wconf 86' lang='lat' dir='ltr'>de-</span> 
     </span>
     <span class='ocr_line' id='line_1_46' title="bbox 144 2567 805 2609; baseline 0.002 -12"><span class='ocrx_word' id='word_1_326' title='bbox 144 2568 245 2608; x_wconf 78' lang='lat' dir='ltr'>curia,</span> <span class='ocrx_word' id='word_1_327' title='bbox 257 2578 366 2600; x_wconf 79' lang='lat' dir='ltr'>nonne</span> <span class='ocrx_word' id='word_1_328' title='bbox 380 2577 494 2599; x_wconf 80' lang='lat' dir='ltr'>omnes</span> <span class='ocrx_word' id='word_1_329' title='bbox 508 2567 701 2599; x_wconf 78' lang='lat' dir='ltr'>iudiciariae</span> <span class='ocrx_word' id='word_1_330' title='bbox 714 2568 805 2609; x_wconf 72' lang='lat' dir='ltr'>leges</span> 
     </span>
     <span class='ocr_line' id='line_1_47' title="bbox 147 2609 806 2645; baseline 0.002 -3"><span class='ocrx_word' id='word_1_331' title='bbox 147 2609 302 2643; x_wconf 76' lang='lat' dir='ltr'>Caesaris</span> <span class='ocrx_word' id='word_1_332' title='bbox 319 2612 568 2645; x_wconf 79' lang='lat' dir='ltr'>dissolvuntur?</span> <span class='ocrx_word' id='word_1_333' title='bbox 594 2612 639 2644; x_wconf 81' lang='lat' dir='ltr'>Et</span> <span class='ocrx_word' id='word_1_334' title='bbox 655 2623 713 2644; x_wconf 75' lang='lat' dir='ltr'>vos</span> <span class='ocrx_word' id='word_1_335' title='bbox 730 2614 806 2643; x_wconf 78' lang='lat' dir='ltr'>actu</span> 
     </span>
    </p>
   </div>
   <div class='ocr_carea' id='block_1_5' title="bbox 879 1713 1556 2653">
    <p class='ocr_par' dir='ltr' id='par_1_12' title="bbox 881 1713 1554 1890">
     <span class='ocr_line' id='line_1_48' title="bbox 886 1713 1554 1756; baseline -0.004 -9"><span class='ocrx_word' id='word_1_336' title='bbox 886 1715 1040 1747; x_wconf 75' lang='lat' dir='ltr'>Caesaris</span> <span class='ocrx_word' id='word_1_337' title='bbox 1065 1714 1264 1756; x_wconf 76' lang='lat' dir='ltr'>defenditis,</span> <span class='ocrx_word' id='word_1_338' title='bbox 1290 1716 1347 1755; x_wconf 84' lang='lat' dir='ltr'>qui</span> <span class='ocrx_word' id='word_1_339' title='bbox 1368 1713 1459 1755; x_wconf 77' lang='lat' dir='ltr'>leges</span> <span class='ocrx_word' id='word_1_340' title='bbox 1483 1715 1554 1745; x_wconf 84' lang='lat' dir='ltr'>eius</span> 
     </span>
     <span class='ocr_line' id='line_1_49' title="bbox 883 1757 1554 1798; baseline -0.004 -7"><span class='ocrx_word' id='word_1_341' title='bbox 883 1761 1060 1792; x_wconf 72' lang='lat' dir='ltr'>evertitis?</span> <span class='ocrx_word' id='word_1_342' title='bbox 1089 1759 1184 1790; x_wconf 82' lang='lat' dir='ltr'>Mehr</span> <span class='ocrx_word' id='word_1_343' title='bbox 1202 1759 1307 1798; x_wconf 76' lang='lat' dir='ltr'>dei-gl.</span> <span class='ocrx_word' id='word_1_344' title='bbox 1326 1769 1352 1789; x_wconf 88' lang='lat' dir='ltr'>s.</span> <span class='ocrx_word' id='word_1_345' title='bbox 1371 1758 1423 1789; x_wconf 85' lang='lat' dir='ltr'>bei</span> <span class='ocrx_word' id='word_1_346' title='bbox 1441 1757 1554 1789; x_wconf 82' lang='lat' dir='ltr'>Horat.</span> 
     </span>
     <span class='ocr_line' id='line_1_50' title="bbox 882 1802 1554 1845; baseline -0.004 -9"><span class='ocrx_word' id='word_1_347' title='bbox 882 1804 1063 1836; x_wconf 89' lang='lat' dir='ltr'>Tursellin.</span> <span class='ocrx_word' id='word_1_348' title='bbox 1083 1805 1121 1835; x_wconf 90' lang='lat' dir='ltr'>de</span> <span class='ocrx_word' id='word_1_349' title='bbox 1136 1803 1253 1845; x_wconf 83' lang='lat' dir='ltr'>partic.</span> <span class='ocrx_word' id='word_1_350' title='bbox 1273 1813 1303 1845; x_wconf 89' lang='lat' dir='ltr'>p.</span> <span class='ocrx_word' id='word_1_351' title='bbox 1319 1802 1383 1834; x_wconf 77' lang='lat'>286</span> <span class='ocrx_word' id='word_1_352' title='bbox 1398 1802 1554 1833; x_wconf 84' lang='lat' dir='ltr'>Schwarz</span> 
     </span>
     <span class='ocr_line' id='line_1_51' title="bbox 881 1847 1346 1890; baseline -0.004 -10"><span class='ocrx_word' id='word_1_353' title='bbox 881 1861 912 1881; x_wconf 94' lang='grc'>0.</span> <span class='ocrx_word' id='word_1_354' title='bbox 932 1850 1036 1880; x_wconf 84' lang='lat' dir='ltr'>Hand.</span> <span class='ocrx_word' id='word_1_355' title='bbox 1057 1848 1157 1880; x_wconf 85' lang='lat' dir='ltr'>Turs.</span> <span class='ocrx_word' id='word_1_356' title='bbox 1176 1847 1203 1879; x_wconf 90' lang='lat' dir='ltr'>ll</span> <span class='ocrx_word' id='word_1_357' title='bbox 1220 1859 1249 1890; x_wconf 87' lang='lat' dir='ltr'>p.</span> <span class='ocrx_word' id='word_1_358' title='bbox 1270 1847 1346 1879; x_wconf 83' lang='lat'>492.</span> 
     </span>
    </p>

    <p class='ocr_par' dir='ltr' id='par_1_13' title="bbox 879 1891 1556 2599">
     <span class='ocr_line' id='line_1_52' title="bbox 927 1891 1553 1932; baseline -0.005 -6"><span class='ocrx_word' id='word_1_359' title='bbox 927 1896 1091 1926; x_wconf 71' lang='lat' dir='ltr'>aberrant</span> <span class='ocrx_word' id='word_1_360' title='bbox 1116 1895 1319 1925; x_wconf 76' lang='lat' dir='ltr'>coniectura.</span> <span class='ocrx_word' id='word_1_361' title='bbox 1354 1892 1430 1932; x_wconf 78' lang='lat' dir='ltr'>Vgl.</span> <span class='ocrx_word' id='word_1_362' title='bbox 1456 1891 1553 1924; x_wconf 88' lang='lat' dir='ltr'>Verr.</span> 
     </span>
     <span class='ocr_line' id='line_1_53' title="bbox 880 1938 1556 1978; baseline -0.004 -8"><span class='ocrx_word' id='word_1_363' title='bbox 880 1938 938 1978; x_wconf 71' lang='lat' dir='ltr'>HI,</span> <span class='ocrx_word' id='word_1_364' title='bbox 964 1939 1023 1976; x_wconf 77' lang='lat'>67,</span> <span class='ocrx_word' id='word_1_365' title='bbox 1052 1939 1132 1969; x_wconf 74' lang='lat'>156:</span> <span class='ocrx_word' id='word_1_366' title='bbox 1158 1939 1209 1969; x_wconf 85' lang='lat' dir='ltr'>lu&#39;c</span> <span class='ocrx_word' id='word_1_367' title='bbox 1226 1938 1436 1969; x_wconf 70' lang='lat' dir='ltr'>vehementer</span> <span class='ocrx_word' id='word_1_368' title='bbox 1460 1939 1556 1969; x_wconf 79' lang='lat' dir='ltr'>errat</span> 
     </span>
     <span class='ocr_line' id='line_1_54' title="bbox 885 1982 1555 2024; baseline -0.006 -8"><span class='ocrx_word' id='word_1_369' title='bbox 885 1983 1131 2024; x_wconf 74' lang='lat' dir='ltr'>Timarchides,</span> <span class='ocrx_word' id='word_1_370' title='bbox 1163 1983 1225 2014; x_wconf 84' lang='lat' dir='ltr'>sod</span> <span class='ocrx_word' id='word_1_371' title='bbox 1247 1985 1343 2015; x_wconf 78' lang='lat' dir='ltr'>errat</span> <span class='ocrx_word' id='word_1_372' title='bbox 1370 1982 1555 2014; x_wconf 76' lang='lat' dir='ltr'>domestica</span> 
     </span>
     <span class='ocr_line' id='line_1_55' title="bbox 881 2026 1552 2067; baseline -0.007 -6"><span class='ocrx_word' id='word_1_373' title='bbox 881 2031 1081 2061; x_wconf 75' lang='lat' dir='ltr'>coniectura.</span> <span class='ocrx_word' id='word_1_374' title='bbox 1108 2029 1148 2059; x_wconf 87' lang='lat' dir='ltr'>ad</span> <span class='ocrx_word' id='word_1_375' title='bbox 1173 2027 1276 2059; x_wconf 84' lang='lat' dir='ltr'>Attio.</span> <span class='ocrx_word' id='word_1_376' title='bbox 1301 2026 1399 2067; x_wconf 86' lang='lat' dir='ltr'>XIV,</span> <span class='ocrx_word' id='word_1_377' title='bbox 1430 2026 1491 2065; x_wconf 85' lang='lat'>22,</span> <span class='ocrx_word' id='word_1_378' title='bbox 1519 2026 1552 2057; x_wconf 83' lang='lat'>1:</span> 
     </span>
     <span class='ocr_line' id='line_1_56' title="bbox 880 2073 1551 2106; baseline -0.003 -2"><span class='ocrx_word' id='word_1_379' title='bbox 880 2084 998 2106; x_wconf 74' lang='lat' dir='ltr'>vereor</span> <span class='ocrx_word' id='word_1_380' title='bbox 1014 2085 1056 2105; x_wconf 81' lang='lat' dir='ltr'>ne</span> <span class='ocrx_word' id='word_1_381' title='bbox 1073 2073 1160 2104; x_wconf 77' lang='lat' dir='ltr'>nihil</span> <span class='ocrx_word' id='word_1_382' title='bbox 1176 2075 1371 2104; x_wconf 79' lang='lat' dir='ltr'>coniectura</span> <span class='ocrx_word' id='word_1_383' title='bbox 1388 2073 1551 2103; x_wconf 71' lang='lat' dir='ltr'>aberrem.</span> 
     </span>
     <span class='ocr_line' id='line_1_57' title="bbox 881 2116 1554 2150; baseline -0.007 0"><span class='ocrx_word' id='word_1_384' title='bbox 881 2119 937 2150; x_wconf 90' lang='lat' dir='ltr'>Bei</span> <span class='ocrx_word' id='word_1_385' title='bbox 966 2119 1037 2150; x_wconf 87' lang='lat' dir='ltr'>dem</span> <span class='ocrx_word' id='word_1_386' title='bbox 1067 2120 1230 2150; x_wconf 77' lang='lat' dir='ltr'>aberrare</span> <span class='ocrx_word' id='word_1_387' title='bbox 1264 2117 1308 2148; x_wconf 88' lang='lat' dir='ltr'>ist</span> <span class='ocrx_word' id='word_1_388' title='bbox 1342 2116 1504 2147; x_wconf 85' lang='lat' dir='ltr'>natiirlich</span> <span class='ocrx_word' id='word_1_389' title='bbox 1533 2125 1554 2146; x_wconf 85' lang='grc' dir='ltr'><em>α</em></span> 
     </span>
     <span class='ocr_line' id='line_1_58' title="bbox 882 2160 1552 2206; baseline -0.007 -11"><span class='ocrx_word' id='word_1_390' title='bbox 882 2174 967 2204; x_wconf 74' lang='lat' dir='ltr'>vero,</span> <span class='ocrx_word' id='word_1_391' title='bbox 985 2174 1006 2194; x_wconf 85' lang='grc' dir='ltr'><em>α</em></span> <span class='ocrx_word' id='word_1_392' title='bbox 1021 2164 1201 2206; x_wconf 79' lang='lat' dir='ltr'>proposito</span> <span class='ocrx_word' id='word_1_393' title='bbox 1220 2162 1300 2192; x_wconf 84' lang='lat' dir='ltr'>oder</span> <span class='ocrx_word' id='word_1_394' title='bbox 1314 2161 1418 2200; x_wconf 79' lang='lat' dir='ltr'>dergl.</span> <span class='ocrx_word' id='word_1_395' title='bbox 1437 2160 1552 2191; x_wconf 87' lang='lat' dir='ltr'>hinzu-</span> 
     </span>
     <span class='ocr_line' id='line_1_59' title="bbox 881 2204 1552 2239; baseline -0.006 0"><span class='ocrx_word' id='word_1_396' title='bbox 881 2208 1063 2239; x_wconf 88' lang='lat' dir='ltr'>zudenken.</span> <span class='ocrx_word' id='word_1_397' title='bbox 1093 2207 1224 2238; x_wconf 87' lang='lat' dir='ltr'>Grober</span> <span class='ocrx_word' id='word_1_398' title='bbox 1238 2205 1480 2236; x_wconf 85' lang='lat' dir='ltr'>Missverstand</span> <span class='ocrx_word' id='word_1_399' title='bbox 1496 2204 1552 2235; x_wconf 87' lang='lat' dir='ltr'>des</span> 
     </span>
     <span class='ocr_line' id='line_1_60' title="bbox 880 2249 1553 2288; baseline -0.006 -4"><span class='ocrx_word' id='word_1_400' title='bbox 880 2252 1074 2284; x_wconf 86' lang='lat' dir='ltr'>Ansdrucks</span> <span class='ocrx_word' id='word_1_401' title='bbox 1094 2252 1149 2282; x_wconf 89' lang='lat' dir='ltr'>hat</span> <span class='ocrx_word' id='word_1_402' title='bbox 1166 2250 1367 2288; x_wconf 83' lang='lat' dir='ltr'>veranlasst,</span> <span class='ocrx_word' id='word_1_403' title='bbox 1387 2250 1438 2281; x_wconf 85' lang='lat' dir='ltr'>die</span> <span class='ocrx_word' id='word_1_404' title='bbox 1449 2249 1553 2281; x_wconf 82' lang='lat' dir='ltr'>Prae-</span> 
     </span>
     <span class='ocr_line' id='line_1_61' title="bbox 880 2295 1553 2340; baseline -0.004 -12"><span class='ocrx_word' id='word_1_405' title='bbox 880 2298 1022 2340; x_wconf 86' lang='lat' dir='ltr'>position</span> <span class='ocrx_word' id='word_1_406' title='bbox 1033 2308 1054 2328; x_wconf 87' lang='lat' dir='ltr'>a</span> <span class='ocrx_word' id='word_1_407' title='bbox 1063 2307 1124 2327; x_wconf 74' lang='lat' dir='ltr'>vor</span> <span class='ocrx_word' id='word_1_408' title='bbox 1133 2298 1326 2328; x_wconf 72' lang='lat' dir='ltr'>coniectura</span> <span class='ocrx_word' id='word_1_409' title='bbox 1336 2295 1553 2326; x_wconf 79' lang='lat' dir='ltr'>hinzuzuset-</span> 
     </span>
     <span class='ocr_line' id='line_1_62' title="bbox 882 2339 1552 2381; baseline -0.006 -8"><span class='ocrx_word' id='word_1_410' title='bbox 882 2353 953 2381; x_wconf 89' lang='lat' dir='ltr'>zen,</span> <span class='ocrx_word' id='word_1_411' title='bbox 972 2342 1078 2373; x_wconf 85' lang='lat' dir='ltr'>wobei</span> <span class='ocrx_word' id='word_1_412' title='bbox 1098 2352 1169 2372; x_wconf 86' lang='lat' dir='ltr'>man</span> <span class='ocrx_word' id='word_1_413' title='bbox 1192 2341 1259 2371; x_wconf 85' lang='lat' dir='ltr'>sich</span> <span class='ocrx_word' id='word_1_414' title='bbox 1278 2341 1362 2371; x_wconf 86' lang='lat' dir='ltr'>deun</span> <span class='ocrx_word' id='word_1_415' title='bbox 1381 2339 1552 2379; x_wconf 76' lang='lat' dir='ltr'>einbildet,</span> 
     </span>
     <span class='ocr_line' id='line_1_63' title="bbox 881 2384 1551 2419; baseline -0.007 0"><span class='ocrx_word' id='word_1_416' title='bbox 881 2389 1074 2419; x_wconf 70' lang='lat' dir='ltr'>coniectura</span> <span class='ocrx_word' id='word_1_417' title='bbox 1107 2387 1217 2418; x_wconf 76' lang='lat' dir='ltr'>kiinne</span> <span class='ocrx_word' id='word_1_418' title='bbox 1251 2386 1333 2416; x_wconf 85' lang='lat' dir='ltr'>auch</span> <span class='ocrx_word' id='word_1_419' title='bbox 1366 2384 1453 2415; x_wconf 86' lang='lat' dir='ltr'>wohl</span> <span class='ocrx_word' id='word_1_420' title='bbox 1486 2384 1551 2414; x_wconf 83' lang='lat' dir='ltr'>die</span> 
     </span>
     <span class='ocr_line' id='line_1_64' title="bbox 881 2428 1552 2473; baseline -0.007 -10"><span class='ocrx_word' id='word_1_421' title='bbox 881 2433 1082 2473; x_wconf 82' lang='lat' dir='ltr'>gesuchte</span> <span class='ocrx_word' id='word_1_422' title='bbox 1132 2430 1356 2463; x_wconf 66' lang='lat' dir='ltr'>W&#39;ahrbeit</span> <span class='ocrx_word' id='word_1_423' title='bbox 1405 2428 1552 2468; x_wconf 82' lang='lat' dir='ltr'>selbst,</span> 
     </span>
     <span class='ocr_line' id='line_1_65' title="bbox 881 2473 1554 2512; baseline -0.009 -3"><span class='ocrx_word' id='word_1_424' title='bbox 881 2478 961 2509; x_wconf 87' lang='lat' dir='ltr'>oder</span> <span class='ocrx_word' id='word_1_425' title='bbox 983 2478 1046 2508; x_wconf 82' lang='lat' dir='ltr'>wie</span> <span class='ocrx_word' id='word_1_426' title='bbox 1070 2477 1130 2508; x_wconf 88' lang='lat' dir='ltr'>der</span> <span class='ocrx_word' id='word_1_427' title='bbox 1155 2479 1294 2506; x_wconf 75' lang='lat' dir='ltr'>neueste</span> <span class='ocrx_word' id='word_1_428' title='bbox 1320 2473 1554 2512; x_wconf 78' lang='lat' dir='ltr'>Vertheidiger</span> 
     </span>
     <span class='ocr_line' id='line_1_66' title="bbox 880 2519 1552 2562; baseline -0.009 -8"><span class='ocrx_word' id='word_1_429' title='bbox 880 2523 991 2554; x_wconf 83' lang='lat' dir='ltr'>dieser</span> <span class='ocrx_word' id='word_1_430' title='bbox 1008 2521 1165 2561; x_wconf 83' lang='lat' dir='ltr'>Meinung</span> <span class='ocrx_word' id='word_1_431' title='bbox 1184 2524 1273 2560; x_wconf 76' lang='lat' dir='ltr'>sagt.</span> <span class='ocrx_word' id='word_1_432' title='bbox 1290 2520 1375 2562; x_wconf 75' lang='lat' dir='ltr'>finis</span> <span class='ocrx_word' id='word_1_433' title='bbox 1400 2528 1463 2561; x_wconf 82' lang='lat' dir='ltr'>quo</span> <span class='ocrx_word' id='word_1_434' title='bbox 1482 2519 1552 2549; x_wconf 74' lang='lat' dir='ltr'>ten-</span> 
     </span>
     <span class='ocr_line' id='line_1_67' title="bbox 879 2567 1091 2599; baseline -0.009 0"><span class='ocrx_word' id='word_1_435' title='bbox 879 2567 991 2599; x_wconf 81' lang='lat' dir='ltr'>dimus</span> <span class='ocrx_word' id='word_1_436' title='bbox 1009 2568 1091 2598; x_wconf 84' lang='lat' dir='ltr'>sein.</span> 
     </span>
    </p>

    <p class='ocr_par' dir='ltr' id='par_1_14' title="bbox 926 2607 1551 2653">
     <span class='ocr_line' id='line_1_68' title="bbox 926 2607 1551 2653; baseline -0.008 -10"><span class='ocrx_word' id='word_1_437' title='bbox 926 2612 998 2643; x_wconf 85' lang='lat'>101.</span> <span class='ocrx_word' id='word_1_438' title='bbox 1026 2613 1065 2642; x_wconf 76' lang='lat' dir='ltr'>ol)</span> <span class='ocrx_word' id='word_1_439' title='bbox 1082 2611 1232 2653; x_wconf 76' lang='lat' dir='ltr'>aliquam</span> <span class='ocrx_word' id='word_1_440' title='bbox 1250 2610 1440 2642; x_wconf 68' lang='lat' dir='ltr'>utilitatem.</span> <span class='ocrx_word' id='word_1_441' title='bbox 1470 2607 1551 2639; x_wconf 79' lang='lat' dir='ltr'>Eine</span> 
     </span>
    </p>
   </div>
   <div class='ocr_carea' id='block_1_6' title="bbox 1242 2666 1284 2696">
    <p class='ocr_par' dir='ltr' id='par_1_15' title="bbox 1242 2666 1284 2696">
     <span class='ocr_line' id='line_1_69' title="bbox 1242 2666 1284 2696; baseline 0 -14"><span class='ocrx_word' id='word_1_442' title='bbox 1242 2666 1284 2696; x_wconf 53' lang='lat'>6.</span> 
     </span>
    </p>
   </div>
  </div>
 </body>
</html>
