<?xml version="1.0" encoding="UTF-8"?>
<!DOCTYPE html PUBLIC "-//W3C//DTD XHTML 1.0 Transitional//EN"
    "http://www.w3.org/TR/xhtml1/DTD/xhtml1-transitional.dtd">
<html xmlns="http://www.w3.org/1999/xhtml" xml:lang="en" lang="en">
 <head>
  <title>
</title>
<meta http-equiv="Content-Type" content="text/html;charset=utf-8" />
  <meta name='ocr-system' content='tesseract 3.04.00' />
  <meta name='ocr-capabilities' content='ocr_page ocr_carea ocr_par ocr_line ocrx_word'/>
</head>
<body>
  <div class='ocr_page' id='page_1' title='image "./tusculanarumdisp00ciceuoft_0185.png"; bbox 0 0 1684 2819; ppageno 0'>
   <div class='ocr_carea' id='block_1_1' title="bbox 558 147 1549 189">
    <p class='ocr_par' dir='ltr' id='par_1_1' title="bbox 558 147 1549 189">
     <span class='ocr_line' id='line_1_1' title="bbox 558 147 1549 189; baseline 0.01 -11"><span class='ocrx_word' id='word_1_1' title='bbox 558 147 713 179; x_wconf 74' lang='lat' dir='ltr'>Lissssa</span> <span class='ocrx_word' id='word_1_2' title='bbox 731 147 787 180; x_wconf 81' lang='lat'>111.</span> <span class='ocrx_word' id='word_1_3' title='bbox 816 148 871 189; x_wconf 82' lang='lat'>33,</span> <span class='ocrx_word' id='word_1_4' title='bbox 892 148 948 180; x_wconf 75' lang='lat' dir='ltr'>so.</span> <span class='ocrx_word' id='word_1_5' title='bbox 969 148 1023 180; x_wconf 82' lang='lat'>81.</span> <span class='ocrx_word' id='word_1_6' title='bbox 1075 147 1130 180; x_wconf 84' lang='lat'>34.</span> <span class='ocrx_word' id='word_1_7' title='bbox 1470 148 1549 187; x_wconf 83' lang='lat'>159</span> 
     </span>
    </p>
   </div>
   <div class='ocr_carea' id='block_1_2' title="bbox 139 261 1623 1730">
    <p class='ocr_par' dir='ltr' id='par_1_2' title="bbox 146 261 1551 598">
     <span class='ocr_line' id='line_1_2' title="bbox 149 261 1550 315; baseline 0.001 -13"><span class='ocrx_word' id='word_1_8' title='bbox 149 276 244 315; x_wconf 92' lang='lat' dir='ltr'>opus</span> <span class='ocrx_word' id='word_1_9' title='bbox 267 269 326 301; x_wconf 86' lang='lat' dir='ltr'>est</span> <span class='ocrx_word' id='word_1_10' title='bbox 355 261 520 314; x_wconf 87' lang='lat' dir='ltr'>probare</span> <span class='ocrx_word' id='word_1_11' title='bbox 543 261 759 309; x_wconf 87' lang='lat' dir='ltr'>maerenti,</span> <span class='ocrx_word' id='word_1_12' title='bbox 793 263 899 302; x_wconf 88' lang='lat' dir='ltr'>illum</span> <span class='ocrx_word' id='word_1_13' title='bbox 931 276 1002 302; x_wconf 91' lang='lat' dir='ltr'>suo</span> <span class='ocrx_word' id='word_1_14' title='bbox 1033 263 1174 303; x_wconf 76' lang='lat' dir='ltr'>iudicio</span> <span class='ocrx_word' id='word_1_15' title='bbox 1197 269 1259 312; x_wconf 85' lang='lat' dir='ltr'>et,</span> <span class='ocrx_word' id='word_1_16' title='bbox 1296 262 1397 315; x_wconf 86' lang='lat' dir='ltr'>quod</span> <span class='ocrx_word' id='word_1_17' title='bbox 1430 276 1473 303; x_wconf 93' lang='lat' dir='ltr'>se</span> <span class='ocrx_word' id='word_1_18' title='bbox 1494 264 1550 303; x_wconf 83' lang='lat' dir='ltr'>ita</span> 
     </span>
     <span class='ocr_line' id='line_1_3' title="bbox 147 318 1551 373; baseline 0.001 -15"><span class='ocrx_word' id='word_1_19' title='bbox 147 325 257 372; x_wconf 85' lang='lat' dir='ltr'>putet</span> <span class='ocrx_word' id='word_1_20' title='bbox 277 325 458 371; x_wconf 80' lang='lat' dir='ltr'>oportere</span> <span class='ocrx_word' id='word_1_21' title='bbox 481 318 610 357; x_wconf 79' lang='lat' dir='ltr'>facere</span> <span class='ocrx_word' id='word_1_22' title='bbox 625 348 634 366; x_wconf 89' lang='lat'>,</span> <span class='ocrx_word' id='word_1_23' title='bbox 666 331 861 359; x_wconf 87' lang='lat' dir='ltr'>maerere.</span> <span class='ocrx_word' id='word_1_24' title='bbox 902 319 1093 359; x_wconf 88' lang='lat' dir='ltr'>Nimirum</span> <span class='ocrx_word' id='word_1_25' title='bbox 1126 319 1246 373; x_wconf 87' lang='lat' dir='ltr'>igitur</span> <span class='ocrx_word' id='word_1_26' title='bbox 1265 325 1308 359; x_wconf 87' lang='lat' dir='ltr'>ut</span> <span class='ocrx_word' id='word_1_27' title='bbox 1336 319 1377 358; x_wconf 88' lang='lat' dir='ltr'>in</span> <span class='ocrx_word' id='word_1_28' title='bbox 1399 320 1551 360; x_wconf 82' lang='lat' dir='ltr'><strong>caussis</strong></span> 
     </span>
     <span class='ocr_line' id='line_1_4' title="bbox 148 374 1551 430; baseline 0.001 -17"><span class='ocrx_word' id='word_1_29' title='bbox 148 389 224 414; x_wconf 91' lang='lat' dir='ltr'>non</span> <span class='ocrx_word' id='word_1_30' title='bbox 247 387 402 427; x_wconf 83' lang='lat' dir='ltr'><strong>semper</strong></span> <span class='ocrx_word' id='word_1_31' title='bbox 423 374 570 414; x_wconf 89' lang='lat' dir='ltr'>utimur</span> <span class='ocrx_word' id='word_1_32' title='bbox 598 375 734 414; x_wconf 86' lang='lat' dir='ltr'>eodem</span> <span class='ocrx_word' id='word_1_33' title='bbox 764 382 866 415; x_wconf 86' lang='lat' dir='ltr'>statu</span> <span class='ocrx_word' id='word_1_34' title='bbox 899 376 973 423; x_wconf 83' lang='lat' dir='ltr'>(sic</span> <span class='ocrx_word' id='word_1_35' title='bbox 997 376 1100 415; x_wconf 89' lang='lat' dir='ltr'>enim</span> <span class='ocrx_word' id='word_1_36' title='bbox 1130 375 1369 430; x_wconf 80' lang='lat' dir='ltr'>appellamus</span> <span class='ocrx_word' id='word_1_37' title='bbox 1393 383 1551 415; x_wconf 86' lang='lat' dir='ltr'>contro-</span> 
     </span>
     <span class='ocr_line' id='line_1_5' title="bbox 146 430 1547 485; baseline 0.001 -15"><span class='ocrx_word' id='word_1_38' title='bbox 146 430 365 471; x_wconf 87' lang='lat' dir='ltr'>versiarum</span> <span class='ocrx_word' id='word_1_39' title='bbox 388 438 570 484; x_wconf 83' lang='lat' dir='ltr'>genera),</span> <span class='ocrx_word' id='word_1_40' title='bbox 606 432 673 471; x_wconf 88' lang='lat' dir='ltr'>sed</span> <span class='ocrx_word' id='word_1_41' title='bbox 696 433 743 471; x_wconf 90' lang='lat' dir='ltr'>ad</span> <span class='ocrx_word' id='word_1_42' title='bbox 766 439 935 485; x_wconf 87' lang='lat' dir='ltr'>tempus,</span> <span class='ocrx_word' id='word_1_43' title='bbox 961 433 1008 472; x_wconf 88' lang='lat' dir='ltr'>ad</span> <span class='ocrx_word' id='word_1_44' title='bbox 1030 433 1330 473; x_wconf 84' lang='lat' dir='ltr'>controversiae</span> <span class='ocrx_word' id='word_1_45' title='bbox 1351 439 1547 481; x_wconf 88' lang='lat' dir='ltr'>naturam,</span> 
     </span>
     <span class='ocr_line' id='line_1_6' title="bbox 146 487 1550 542; baseline 0.002 -16"><span class='ocrx_word' id='word_1_46' title='bbox 146 487 192 527; x_wconf 88' lang='lat' dir='ltr'>ad</span> <span class='ocrx_word' id='word_1_47' title='bbox 209 501 418 540; x_wconf 79' lang='lat' dir='ltr'>personam</span> <span class='ocrx_word' id='word_1_48' title='bbox 438 489 800 528; x_wconf 78' lang='lat' dir='ltr'>accommodamus:</span> <span class='ocrx_word' id='word_1_49' title='bbox 822 490 932 529; x_wconf 85' lang='lat' dir='ltr'>sicin</span> <span class='ocrx_word' id='word_1_50' title='bbox 953 489 1202 542; x_wconf 81' lang='lat' dir='ltr'>aegritudine</span> <span class='ocrx_word' id='word_1_51' title='bbox 1219 489 1415 538; x_wconf 88' lang='lat' dir='ltr'>lenienda,</span> <span class='ocrx_word' id='word_1_52' title='bbox 1437 503 1550 542; x_wconf 87' lang='lat' dir='ltr'>quam</span> 
     </span>
     <span class='ocr_line' id='line_1_7' title="bbox 147 544 1269 598; baseline 0.001 -14"><span class='ocrx_word' id='word_1_53' title='bbox 147 544 310 596; x_wconf 90' lang='lat' dir='ltr'>quisque</span> <span class='ocrx_word' id='word_1_54' title='bbox 333 545 575 584; x_wconf 82' lang='lat' dir='ltr'>curationem</span> <span class='ocrx_word' id='word_1_55' title='bbox 600 545 774 597; x_wconf 82' lang='lat' dir='ltr'>recipere</span> <span class='ocrx_word' id='word_1_56' title='bbox 795 546 934 598; x_wconf 83' lang='lat' dir='ltr'>possit,</span> <span class='ocrx_word' id='word_1_57' title='bbox 960 546 1171 586; x_wconf 88' lang='lat' dir='ltr'>videndum</span> <span class='ocrx_word' id='word_1_58' title='bbox 1195 553 1269 586; x_wconf 88' lang='lat' dir='ltr'>est.</span> 
     </span>
    </p>

    <p class='ocr_par' dir='ltr' id='par_1_3' title="bbox 139 600 1617 1391">
     <span class='ocr_line' id='line_1_8' title="bbox 260 600 1617 655; baseline 0 -15"><span class='ocrx_word' id='word_1_59' title='bbox 260 600 335 640; x_wconf 76' lang='lat' dir='ltr'>Sed</span> <span class='ocrx_word' id='word_1_60' title='bbox 368 601 501 641; x_wconf 84' lang='lat' dir='ltr'>neseio</span> <span class='ocrx_word' id='word_1_61' title='bbox 533 615 607 653; x_wconf 89' lang='lat' dir='ltr'>quo</span> <span class='ocrx_word' id='word_1_62' title='bbox 638 609 750 654; x_wconf 80' lang='lat' dir='ltr'>paeto</span> <span class='ocrx_word' id='word_1_63' title='bbox 773 601 819 641; x_wconf 84' lang='lat' dir='ltr'>ab</span> <span class='ocrx_word' id='word_1_64' title='bbox 843 616 913 649; x_wconf 87' lang='lat' dir='ltr'>eo,</span> <span class='ocrx_word' id='word_1_65' title='bbox 949 602 1051 654; x_wconf 65' lang='lat' dir='ltr'>quo‘d</span> <span class='ocrx_word' id='word_1_66' title='bbox 1074 608 1160 642; x_wconf 89' lang='lat' dir='ltr'>erat</span> <span class='ocrx_word' id='word_1_67' title='bbox 1182 616 1203 642; x_wconf 91' lang='lat' dir='ltr'>a</span> <span class='ocrx_word' id='word_1_68' title='bbox 1226 610 1264 642; x_wconf 88' lang='lat' dir='ltr'>te</span> <span class='ocrx_word' id='word_1_69' title='bbox 1287 602 1547 655; x_wconf 87' lang='lat' dir='ltr'>propositum,</span> <span class='ocrx_word' id='word_1_70' title='bbox 1573 609 1617 641; x_wconf 79' lang='lat'>80</span> 
     </span>
     <span class='ocr_line' id='line_1_9' title="bbox 146 657 1552 711; baseline 0.001 -14"><span class='ocrx_word' id='word_1_71' title='bbox 146 657 349 698; x_wconf 86' lang='lat' dir='ltr'>aberravit</span> <span class='ocrx_word' id='word_1_72' title='bbox 371 657 512 697; x_wconf 84' lang='lat' dir='ltr'>oratio.</span> <span class='ocrx_word' id='word_1_73' title='bbox 548 658 607 697; x_wconf 88' lang='lat' dir='ltr'>Tu</span> <span class='ocrx_word' id='word_1_74' title='bbox 630 658 731 696; x_wconf 88' lang='lat' dir='ltr'>enim</span> <span class='ocrx_word' id='word_1_75' title='bbox 755 659 802 697; x_wconf 90' lang='lat' dir='ltr'>de</span> <span class='ocrx_word' id='word_1_76' title='bbox 825 658 1002 711; x_wconf 80' lang='lat' dir='ltr'>sapiente</span> <span class='ocrx_word' id='word_1_77' title='bbox 1026 658 1270 711; x_wconf 78' lang='lat' dir='ltr'>quaesieras,</span> <span class='ocrx_word' id='word_1_78' title='bbox 1296 659 1358 699; x_wconf 87' lang='lat' dir='ltr'>cui</span> <span class='ocrx_word' id='word_1_79' title='bbox 1381 665 1448 698; x_wconf 85' lang='lat' dir='ltr'>aut</span> <span class='ocrx_word' id='word_1_80' title='bbox 1468 673 1552 698; x_wconf 88' lang='lat' dir='ltr'>ma-</span> 
     </span>
     <span class='ocr_line' id='line_1_10' title="bbox 145 714 1549 769; baseline 0.001 -16"><span class='ocrx_word' id='word_1_81' title='bbox 145 714 224 754; x_wconf 89' lang='lat' dir='ltr'>lum</span> <span class='ocrx_word' id='word_1_82' title='bbox 247 714 377 754; x_wconf 89' lang='lat' dir='ltr'>videri</span> <span class='ocrx_word' id='word_1_83' title='bbox 400 714 548 753; x_wconf 88' lang='lat' dir='ltr'>nullum</span> <span class='ocrx_word' id='word_1_84' title='bbox 572 720 723 766; x_wconf 86' lang='lat' dir='ltr'>potest,</span> <span class='ocrx_word' id='word_1_85' title='bbox 750 714 851 766; x_wconf 87' lang='lat' dir='ltr'>quod</span> <span class='ocrx_word' id='word_1_86' title='bbox 872 722 988 754; x_wconf 79' lang='lat' dir='ltr'>vacet</span> <span class='ocrx_word' id='word_1_87' title='bbox 1009 715 1272 768; x_wconf 80' lang='lat' dir='ltr'>turpitudine,</span> <span class='ocrx_word' id='word_1_88' title='bbox 1298 722 1366 755; x_wconf 83' lang='lat' dir='ltr'>aut</span> <span class='ocrx_word' id='word_1_89' title='bbox 1386 715 1439 755; x_wconf 89' lang='lat' dir='ltr'>ita</span> <span class='ocrx_word' id='word_1_90' title='bbox 1462 729 1549 769; x_wconf 91' lang='lat' dir='ltr'>par-</span> 
     </span>
     <span class='ocr_line' id='line_1_11' title="bbox 144 769 1552 825; baseline 0.001 -15"><span class='ocrx_word' id='word_1_91' title='bbox 144 785 235 810; x_wconf 91' lang='lat' dir='ltr'>vum</span> <span class='ocrx_word' id='word_1_92' title='bbox 266 771 435 818; x_wconf 89' lang='lat' dir='ltr'>malum,</span> <span class='ocrx_word' id='word_1_93' title='bbox 470 776 513 809; x_wconf 89' lang='lat' dir='ltr'>ut</span> <span class='ocrx_word' id='word_1_94' title='bbox 542 769 580 808; x_wconf 85' lang='lat' dir='ltr'>id</span> <span class='ocrx_word' id='word_1_95' title='bbox 612 769 802 810; x_wconf 76' lang='lat' dir='ltr'>obruatur</span> <span class='ocrx_word' id='word_1_96' title='bbox 831 771 1023 824; x_wconf 88' lang='lat' dir='ltr'>sapientia</span> <span class='ocrx_word' id='word_1_97' title='bbox 1056 771 1204 823; x_wconf 83' lang='lat' dir='ltr'>vixque</span> <span class='ocrx_word' id='word_1_98' title='bbox 1236 778 1445 825; x_wconf 81' lang='lat' dir='ltr'>appareat3</span> <span class='ocrx_word' id='word_1_99' title='bbox 1487 771 1552 824; x_wconf 91' lang='lat' dir='ltr'>qui</span> 
     </span>
     <span class='ocr_line' id='line_1_12' title="bbox 144 826 1550 882; baseline 0.001 -16"><span class='ocrx_word' id='word_1_100' title='bbox 144 827 240 866; x_wconf 88' lang='lat' dir='ltr'>nihil</span> <span class='ocrx_word' id='word_1_101' title='bbox 268 826 450 879; x_wconf 89' lang='lat' dir='ltr'>opinione</span> <span class='ocrx_word' id='word_1_102' title='bbox 474 826 631 879; x_wconf 89' lang='lat' dir='ltr'>affingat</span> <span class='ocrx_word' id='word_1_103' title='bbox 652 833 904 880; x_wconf 86' lang='lat' dir='ltr'>assumatque</span> <span class='ocrx_word' id='word_1_104' title='bbox 926 828 973 867; x_wconf 93' lang='lat' dir='ltr'>ad</span> <span class='ocrx_word' id='word_1_105' title='bbox 996 827 1302 882; x_wconf 79' lang='lat' dir='ltr'>aegritudinem,</span> <span class='ocrx_word' id='word_1_106' title='bbox 1328 841 1401 867; x_wconf 84' lang='lat' dir='ltr'>nec</span> <span class='ocrx_word' id='word_1_107' title='bbox 1422 828 1459 867; x_wconf 91' lang='lat' dir='ltr'>id</span> <span class='ocrx_word' id='word_1_108' title='bbox 1482 842 1550 880; x_wconf 92' lang='lat' dir='ltr'>pu-</span> 
     </span>
     <span class='ocr_line' id='line_1_13' title="bbox 143 884 1549 937; baseline 0 -14"><span class='ocrx_word' id='word_1_109' title='bbox 143 891 199 923; x_wconf 88' lang='lat' dir='ltr'>tet</span> <span class='ocrx_word' id='word_1_110' title='bbox 221 897 308 923; x_wconf 89' lang='lat' dir='ltr'>esse</span> <span class='ocrx_word' id='word_1_111' title='bbox 330 889 479 922; x_wconf 83' lang='lat' dir='ltr'>rectum</span> <span class='ocrx_word' id='word_1_112' title='bbox 494 912 503 930; x_wconf 91' lang='lat'>,</span> <span class='ocrx_word' id='word_1_113' title='bbox 539 895 581 922; x_wconf 90' lang='lat' dir='ltr'>se</span> <span class='ocrx_word' id='word_1_114' title='bbox 604 897 716 935; x_wconf 83' lang='lat' dir='ltr'>quam</span> <span class='ocrx_word' id='word_1_115' title='bbox 740 884 913 924; x_wconf 81' lang='lat' dir='ltr'>maxime</span> <span class='ocrx_word' id='word_1_116' title='bbox 936 884 1159 925; x_wconf 76' lang='lat' dir='ltr'>excruciari</span> <span class='ocrx_word' id='word_1_117' title='bbox 1188 886 1372 937; x_wconf 80' lang='lat' dir='ltr'>luctuque</span> <span class='ocrx_word' id='word_1_118' title='bbox 1396 884 1549 932; x_wconf 75' lang='lat' dir='ltr'>confici,</span> 
     </span>
     <span class='ocr_line' id='line_1_14' title="bbox 144 938 1552 992; baseline 0 -13"><span class='ocrx_word' id='word_1_119' title='bbox 144 954 219 992; x_wconf 93' lang='lat' dir='ltr'>quo</span> <span class='ocrx_word' id='word_1_120' title='bbox 255 940 412 992; x_wconf 89' lang='lat' dir='ltr'>pravius</span> <span class='ocrx_word' id='word_1_121' title='bbox 442 938 540 978; x_wconf 86' lang='lat' dir='ltr'>nihil</span> <span class='ocrx_word' id='word_1_122' title='bbox 572 952 658 979; x_wconf 89' lang='lat' dir='ltr'>esse</span> <span class='ocrx_word' id='word_1_123' title='bbox 690 941 827 992; x_wconf 81' lang='lat' dir='ltr'>possit.</span> <span class='ocrx_word' id='word_1_124' title='bbox 873 941 1041 981; x_wconf 86' lang='lat' dir='ltr'>Edoeuit</span> <span class='ocrx_word' id='word_1_125' title='bbox 1071 949 1202 981; x_wconf 85' lang='lat' dir='ltr'>tamen</span> <span class='ocrx_word' id='word_1_126' title='bbox 1224 942 1351 988; x_wconf 80' lang='lat' dir='ltr'>ratio,</span> <span class='ocrx_word' id='word_1_127' title='bbox 1386 948 1429 980; x_wconf 87' lang='lat' dir='ltr'>ut</span> <span class='ocrx_word' id='word_1_128' title='bbox 1458 940 1552 980; x_wconf 88' lang='lat' dir='ltr'>mihi</span> 
     </span>
     <span class='ocr_line' id='line_1_15' title="bbox 144 996 1553 1051; baseline 0.001 -15"><span class='ocrx_word' id='word_1_129' title='bbox 144 997 297 1049; x_wconf 82' lang='lat' dir='ltr'>quidem</span> <span class='ocrx_word' id='word_1_130' title='bbox 320 996 478 1035; x_wconf 85' lang='lat' dir='ltr'>videtur</span> <span class='ocrx_word' id='word_1_131' title='bbox 494 1026 503 1044; x_wconf 87' lang='lat'>,</span> <span class='ocrx_word' id='word_1_132' title='bbox 531 1011 649 1048; x_wconf 89' lang='lat' dir='ltr'>quum</span> <span class='ocrx_word' id='word_1_133' title='bbox 674 996 745 1036; x_wconf 79' lang='lat' dir='ltr'>hoc</span> <span class='ocrx_word' id='word_1_134' title='bbox 766 998 891 1050; x_wconf 88' lang='lat' dir='ltr'>ipsum</span> <span class='ocrx_word' id='word_1_135' title='bbox 915 998 1072 1051; x_wconf 90' lang='lat' dir='ltr'>proprie</span> <span class='ocrx_word' id='word_1_136' title='bbox 1096 1012 1173 1038; x_wconf 90' lang='lat' dir='ltr'>non</span> <span class='ocrx_word' id='word_1_137' title='bbox 1197 1005 1456 1050; x_wconf 88' lang='lat' dir='ltr'>quaereretur</span> <span class='ocrx_word' id='word_1_138' title='bbox 1478 998 1553 1037; x_wconf 79' lang='lat' dir='ltr'>hoe</span> 
     </span>
     <span class='ocr_line' id='line_1_16' title="bbox 143 1053 1550 1108; baseline 0.001 -16"><span class='ocrx_word' id='word_1_139' title='bbox 143 1060 341 1106; x_wconf 88' lang='lat' dir='ltr'>tempore,</span> <span class='ocrx_word' id='word_1_140' title='bbox 379 1067 471 1092; x_wconf 92' lang='lat' dir='ltr'>num</span> <span class='ocrx_word' id='word_1_141' title='bbox 505 1053 595 1105; x_wconf 90' lang='lat' dir='ltr'>quid</span> <span class='ocrx_word' id='word_1_142' title='bbox 626 1061 731 1094; x_wconf 85' lang='lat' dir='ltr'>esset</span> <span class='ocrx_word' id='word_1_143' title='bbox 754 1054 918 1103; x_wconf 89' lang='lat' dir='ltr'>malum,</span> <span class='ocrx_word' id='word_1_144' title='bbox 956 1054 1032 1094; x_wconf 92' lang='lat' dir='ltr'>nisi</span> <span class='ocrx_word' id='word_1_145' title='bbox 1066 1055 1166 1108; x_wconf 91' lang='lat' dir='ltr'>quod</span> <span class='ocrx_word' id='word_1_146' title='bbox 1197 1055 1300 1095; x_wconf 90' lang='lat' dir='ltr'>idem</span> <span class='ocrx_word' id='word_1_147' title='bbox 1331 1054 1405 1094; x_wconf 83' lang='lat' dir='ltr'>dici</span> <span class='ocrx_word' id='word_1_148' title='bbox 1437 1061 1550 1107; x_wconf 88' lang='lat' dir='ltr'>turpe</span> 
     </span>
     <span class='ocr_line' id='line_1_17' title="bbox 143 1109 1549 1164; baseline 0.001 -14"><span class='ocrx_word' id='word_1_149' title='bbox 143 1117 296 1162; x_wconf 84' lang='lat' dir='ltr'>posset3</span> <span class='ocrx_word' id='word_1_150' title='bbox 342 1116 473 1156; x_wconf 85' lang='lat' dir='ltr'>tamen</span> <span class='ocrx_word' id='word_1_151' title='bbox 505 1116 548 1149; x_wconf 82' lang='lat' dir='ltr'>ut</span> <span class='ocrx_word' id='word_1_152' title='bbox 579 1109 827 1161; x_wconf 85' lang='lat' dir='ltr'>videremus,</span> <span class='ocrx_word' id='word_1_153' title='bbox 873 1111 1053 1164; x_wconf 84' lang='lat' dir='ltr'>quicquid</span> <span class='ocrx_word' id='word_1_154' title='bbox 1087 1118 1194 1152; x_wconf 87' lang='lat' dir='ltr'>esset</span> <span class='ocrx_word' id='word_1_155' title='bbox 1229 1111 1270 1151; x_wconf 89' lang='lat' dir='ltr'>in</span> <span class='ocrx_word' id='word_1_156' title='bbox 1302 1110 1549 1164; x_wconf 82' lang='lat' dir='ltr'>aegritudine</span> 
     </span>
     <span class='ocr_line' id='line_1_18' title="bbox 142 1166 1549 1220; baseline 0.002 -15"><span class='ocrx_word' id='word_1_157' title='bbox 142 1166 257 1215; x_wconf 88' lang='lat' dir='ltr'>mali,</span> <span class='ocrx_word' id='word_1_158' title='bbox 283 1166 321 1205; x_wconf 91' lang='lat' dir='ltr'>id</span> <span class='ocrx_word' id='word_1_159' title='bbox 345 1180 422 1205; x_wconf 93' lang='lat' dir='ltr'>non</span> <span class='ocrx_word' id='word_1_160' title='bbox 446 1166 628 1206; x_wconf 87' lang='lat' dir='ltr'>naturale</span> <span class='ocrx_word' id='word_1_161' title='bbox 651 1180 763 1216; x_wconf 92' lang='lat' dir='ltr'>esse,</span> <span class='ocrx_word' id='word_1_162' title='bbox 789 1169 856 1207; x_wconf 87' lang='lat' dir='ltr'>sed</span> <span class='ocrx_word' id='word_1_163' title='bbox 880 1168 1103 1208; x_wconf 81' lang='lat' dir='ltr'>voluntario</span> <span class='ocrx_word' id='word_1_164' title='bbox 1125 1167 1270 1208; x_wconf 79' lang='lat' dir='ltr'>iudicio</span> <span class='ocrx_word' id='word_1_165' title='bbox 1294 1175 1333 1208; x_wconf 90' lang='lat' dir='ltr'>et</span> <span class='ocrx_word' id='word_1_166' title='bbox 1355 1168 1549 1220; x_wconf 89' lang='lat' dir='ltr'>opinionis</span> 
     </span>
     <span class='ocr_line' id='line_1_19' title="bbox 143 1223 1611 1277; baseline 0.002 -16"><span class='ocrx_word' id='word_1_167' title='bbox 143 1236 280 1262; x_wconf 89' lang='lat' dir='ltr'>errore</span> <span class='ocrx_word' id='word_1_168' title='bbox 314 1229 572 1262; x_wconf 79' lang='lat' dir='ltr'>contractum.</span> <span class='ocrx_word' id='word_1_169' title='bbox 637 1223 863 1263; x_wconf 87' lang='lat' dir='ltr'>Tractatum</span> <span class='ocrx_word' id='word_1_170' title='bbox 897 1232 956 1264; x_wconf 88' lang='lat' dir='ltr'>est</span> <span class='ocrx_word' id='word_1_171' title='bbox 986 1231 1116 1265; x_wconf 85' lang='lat' dir='ltr'>autem</span> <span class='ocrx_word' id='word_1_172' title='bbox 1148 1238 1170 1265; x_wconf 88' lang='lat' dir='ltr'>a</span> <span class='ocrx_word' id='word_1_173' title='bbox 1201 1224 1313 1265; x_wconf 90' lang='lat' dir='ltr'>nobis</span> <span class='ocrx_word' id='word_1_174' title='bbox 1345 1224 1384 1263; x_wconf 90' lang='lat' dir='ltr'>id</span> <span class='ocrx_word' id='word_1_175' title='bbox 1427 1238 1552 1277; x_wconf 89' lang='lat' dir='ltr'>genus</span> <span class='ocrx_word' id='word_1_176' title='bbox 1574 1233 1611 1265; x_wconf 80' lang='lat' dir='ltr'>Sl</span> 
     </span>
     <span class='ocr_line' id='line_1_20' title="bbox 142 1279 1551 1332; baseline 0.002 -14"><span class='ocrx_word' id='word_1_177' title='bbox 142 1279 422 1332; x_wconf 84' lang='lat' dir='ltr'>aegritudinis,</span> <span class='ocrx_word' id='word_1_178' title='bbox 456 1280 556 1331; x_wconf 90' lang='lat' dir='ltr'>quod</span> <span class='ocrx_word' id='word_1_179' title='bbox 580 1294 699 1320; x_wconf 88' lang='lat' dir='ltr'>unum</span> <span class='ocrx_word' id='word_1_180' title='bbox 721 1287 780 1320; x_wconf 86' lang='lat' dir='ltr'>est</span> <span class='ocrx_word' id='word_1_181' title='bbox 804 1280 978 1321; x_wconf 90' lang='lat' dir='ltr'>omnium</span> <span class='ocrx_word' id='word_1_182' title='bbox 1001 1282 1216 1321; x_wconf 85' lang='lat' dir='ltr'>maximum</span> <span class='ocrx_word' id='word_1_183' title='bbox 1231 1311 1240 1329; x_wconf 99' lang='lat'>,</span> <span class='ocrx_word' id='word_1_184' title='bbox 1267 1288 1305 1320; x_wconf 87' lang='lat' dir='ltr'>ut</span> <span class='ocrx_word' id='word_1_185' title='bbox 1329 1294 1376 1320; x_wconf 90' lang='lat' dir='ltr'>eo</span> <span class='ocrx_word' id='word_1_186' title='bbox 1400 1280 1551 1321; x_wconf 88' lang='lat' dir='ltr'>sublato</span> 
     </span>
     <span class='ocr_line' id='line_1_21' title="bbox 139 1336 1520 1391; baseline 0.001 -17"><span class='ocrx_word' id='word_1_187' title='bbox 139 1336 380 1388; x_wconf 84' lang='lat' dir='ltr'>reliquorum</span> <span class='ocrx_word' id='word_1_188' title='bbox 403 1336 576 1376; x_wconf 86' lang='lat' dir='ltr'>1e111edia</span> <span class='ocrx_word' id='word_1_189' title='bbox 598 1349 647 1376; x_wconf 89' lang='lat' dir='ltr'>ne</span> <span class='ocrx_word' id='word_1_190' title='bbox 669 1351 812 1390; x_wconf 89' lang='lat' dir='ltr'>magno</span> <span class='ocrx_word' id='word_1_191' title='bbox 835 1351 953 1391; x_wconf 91' lang='lat' dir='ltr'>opere</span> <span class='ocrx_word' id='word_1_192' title='bbox 976 1338 1198 1391; x_wconf 87' lang='lat' dir='ltr'>quaerenda</span> <span class='ocrx_word' id='word_1_193' title='bbox 1221 1338 1520 1377; x_wconf 86' lang='lat' dir='ltr'>arbitraremur.</span> 
     </span>
    </p>

    <p class='ocr_par' dir='ltr' id='par_1_4' title="bbox 139 1392 1623 1730">
     <span class='ocr_line' id='line_1_22' title="bbox 256 1392 1623 1449; baseline 0.002 -18"><span class='ocrx_word' id='word_1_194' title='bbox 256 1392 354 1432; x_wconf 91' lang='lat' dir='ltr'>Sunt</span> <span class='ocrx_word' id='word_1_195' title='bbox 375 1393 476 1432; x_wconf 90' lang='lat' dir='ltr'>enim</span> <span class='ocrx_word' id='word_1_196' title='bbox 501 1400 630 1441; x_wconf 83' lang='lat' dir='ltr'>certa,</span> <span class='ocrx_word' id='word_1_197' title='bbox 657 1408 756 1446; x_wconf 89' lang='lat' dir='ltr'>quae</span> <span class='ocrx_word' id='word_1_198' title='bbox 780 1395 824 1433; x_wconf 86' lang='lat' dir='ltr'>de</span> <span class='ocrx_word' id='word_1_199' title='bbox 848 1402 1098 1449; x_wconf 81' lang='lat' dir='ltr'>paupertate,</span> <span class='ocrx_word' id='word_1_200' title='bbox 1124 1402 1256 1443; x_wconf 85' lang='lat' dir='ltr'>certa,</span> <span class='ocrx_word' id='word_1_201' title='bbox 1281 1407 1379 1447; x_wconf 87' lang='lat' dir='ltr'>quae</span> <span class='ocrx_word' id='word_1_202' title='bbox 1403 1395 1448 1433; x_wconf 85' lang='lat' dir='ltr'>de</span> <span class='ocrx_word' id='word_1_203' title='bbox 1470 1394 1551 1434; x_wconf 90' lang='lat' dir='ltr'>vita</span> <span class='ocrx_word' id='word_1_204' title='bbox 1564 1394 1623 1439; x_wconf 84' lang='lat'>34</span> 
     </span>
     <span class='ocr_line' id='line_1_23' title="bbox 139 1448 1549 1515; baseline 0.001 -27"><span class='ocrx_word' id='word_1_205' title='bbox 139 1448 375 1488; x_wconf 87' lang='lat' dir='ltr'>inhonorata</span> <span class='ocrx_word' id='word_1_206' title='bbox 409 1456 448 1489; x_wconf 93' lang='lat' dir='ltr'>et</span> <span class='ocrx_word' id='word_1_207' title='bbox 477 1450 646 1503; x_wconf 88' lang='lat' dir='ltr'>ingloria</span> <span class='ocrx_word' id='word_1_208' title='bbox 679 1450 754 1490; x_wconf 74' lang='lat' dir='ltr'>dici</span> <span class='ocrx_word' id='word_1_209' title='bbox 777 1451 956 1501; x_wconf 84' lang='lat' dir='ltr'>soleant,</span> <span class='ocrx_word' id='word_1_210' title='bbox 992 1452 1202 1515; x_wconf 80' lang='lat' dir='ltr'>separatim</span> <span class='ocrx_word' id='word_1_211' title='bbox 1237 1457 1368 1490; x_wconf 83' lang='lat' dir='ltr'>certae</span> <span class='ocrx_word' id='word_1_212' title='bbox 1391 1450 1549 1490; x_wconf 80' lang='lat' dir='ltr'>scholae</span> 
     </span>
     <span class='ocr_line' id='line_1_24' title="bbox 141 1505 1544 1560; baseline 0.001 -15"><span class='ocrx_word' id='word_1_213' title='bbox 141 1512 231 1545; x_wconf 90' lang='lat' dir='ltr'>sunt</span> <span class='ocrx_word' id='word_1_214' title='bbox 254 1506 299 1545; x_wconf 90' lang='lat' dir='ltr'>de</span> <span class='ocrx_word' id='word_1_215' title='bbox 325 1505 486 1555; x_wconf 84' lang='lat' dir='ltr'>exsilio,</span> <span class='ocrx_word' id='word_1_216' title='bbox 512 1507 558 1546; x_wconf 93' lang='lat' dir='ltr'>de</span> <span class='ocrx_word' id='word_1_217' title='bbox 580 1506 743 1546; x_wconf 87' lang='lat' dir='ltr'>interitu</span> <span class='ocrx_word' id='word_1_218' title='bbox 765 1508 931 1560; x_wconf 69' lang='lat' dir='ltr'>pamiae,</span> <span class='ocrx_word' id='word_1_219' title='bbox 957 1509 1003 1548; x_wconf 91' lang='lat' dir='ltr'>de</span> <span class='ocrx_word' id='word_1_220' title='bbox 1026 1508 1235 1556; x_wconf 87' lang='lat' dir='ltr'>servitute,</span> <span class='ocrx_word' id='word_1_221' title='bbox 1262 1508 1308 1546; x_wconf 93' lang='lat' dir='ltr'>de</span> <span class='ocrx_word' id='word_1_222' title='bbox 1331 1506 1544 1556; x_wconf 88' lang='lat' dir='ltr'>debilitate,</span> 
     </span>
     <span class='ocr_line' id='line_1_25' title="bbox 141 1562 1551 1617; baseline 0.002 -17"><span class='ocrx_word' id='word_1_223' title='bbox 141 1562 186 1600; x_wconf 89' lang='lat' dir='ltr'>de</span> <span class='ocrx_word' id='word_1_224' title='bbox 209 1562 414 1609; x_wconf 77' lang='lat' dir='ltr'>caecitate,</span> <span class='ocrx_word' id='word_1_225' title='bbox 449 1562 495 1601; x_wconf 89' lang='lat' dir='ltr'>de</span> <span class='ocrx_word' id='word_1_226' title='bbox 518 1563 623 1602; x_wconf 88' lang='lat' dir='ltr'>omni</span> <span class='ocrx_word' id='word_1_227' title='bbox 647 1577 753 1611; x_wconf 81' lang='lat' dir='ltr'>casu,</span> <span class='ocrx_word' id='word_1_228' title='bbox 787 1563 827 1603; x_wconf 90' lang='lat' dir='ltr'>in</span> <span class='ocrx_word' id='word_1_229' title='bbox 851 1578 925 1616; x_wconf 91' lang='lat' dir='ltr'>quo</span> <span class='ocrx_word' id='word_1_230' title='bbox 948 1578 1092 1604; x_wconf 92' lang='lat' dir='ltr'>nomen</span> <span class='ocrx_word' id='word_1_231' title='bbox 1114 1565 1205 1617; x_wconf 90' lang='lat' dir='ltr'>poni</span> <span class='ocrx_word' id='word_1_232' title='bbox 1227 1564 1330 1603; x_wconf 85' lang='lat' dir='ltr'>solet</span> <span class='ocrx_word' id='word_1_233' title='bbox 1351 1563 1551 1603; x_wconf 84' lang='lat' dir='ltr'>calamita-</span> 
     </span>
     <span class='ocr_line' id='line_1_26' title="bbox 140 1617 1550 1673; baseline 0.002 -17"><span class='ocrx_word' id='word_1_234' title='bbox 140 1617 205 1657; x_wconf 84' lang='lat' dir='ltr'>tis</span> <span class='ocrx_word' id='word_1_235' title='bbox 251 1618 357 1657; x_wconf 76' lang='lat' dir='ltr'>Haec</span> <span class='ocrx_word' id='word_1_236' title='bbox 382 1618 522 1657; x_wconf 80' lang='lat' dir='ltr'>Graeci</span> <span class='ocrx_word' id='word_1_237' title='bbox 550 1619 591 1657; x_wconf 89' lang='lat' dir='ltr'>in</span> <span class='ocrx_word' id='word_1_238' title='bbox 614 1619 790 1672; x_wconf 88' lang='lat' dir='ltr'>singulas</span> <span class='ocrx_word' id='word_1_239' title='bbox 814 1620 968 1660; x_wconf 83' lang='lat' dir='ltr'>scholas</span> <span class='ocrx_word' id='word_1_240' title='bbox 1002 1628 1041 1660; x_wconf 88' lang='lat' dir='ltr'>et</span> <span class='ocrx_word' id='word_1_241' title='bbox 1061 1623 1102 1660; x_wconf 92' lang='lat' dir='ltr'>in</span> <span class='ocrx_word' id='word_1_242' title='bbox 1124 1619 1303 1673; x_wconf 91' lang='lat' dir='ltr'>singulos</span> <span class='ocrx_word' id='word_1_243' title='bbox 1326 1619 1447 1659; x_wconf 86' lang='lat' dir='ltr'>libros</span> <span class='ocrx_word' id='word_1_244' title='bbox 1471 1619 1550 1659; x_wconf 89' lang='lat' dir='ltr'>dis-</span> 
     </span>
     <span class='ocr_line' id='line_1_27' title="bbox 140 1674 1549 1730; baseline 0.003 -17"><span class='ocrx_word' id='word_1_245' title='bbox 140 1674 335 1727; x_wconf 66' lang='lat' dir='ltr'>pertiunt,</span> <span class='ocrx_word' id='word_1_246' title='bbox 361 1687 458 1727; x_wconf 93' lang='lat' dir='ltr'>opus</span> <span class='ocrx_word' id='word_1_247' title='bbox 481 1675 582 1714; x_wconf 88' lang='lat' dir='ltr'>enim</span> <span class='ocrx_word' id='word_1_248' title='bbox 607 1683 824 1727; x_wconf 78' lang='lat' dir='ltr'>quaerunt3</span> <span class='ocrx_word' id='word_1_249' title='bbox 852 1691 1085 1730; x_wconf 90' lang='lat' dir='ltr'>quamquam</span> <span class='ocrx_word' id='word_1_250' title='bbox 1108 1677 1245 1730; x_wconf 86' lang='lat' dir='ltr'>plenae</span> <span class='ocrx_word' id='word_1_251' title='bbox 1263 1676 1549 1729; x_wconf 85' lang='lat' dir='ltr'>disputationes</span> 
     </span>
    </p>
   </div>
   <div class='ocr_carea' id='block_1_3' title="bbox 139 1810 811 1944">
    <p class='ocr_par' dir='ltr' id='par_1_5' title="bbox 139 1810 811 1944">
     <span class='ocr_line' id='line_1_28' title="bbox 140 1810 811 1852; baseline 0.006 -11"><span class='ocrx_word' id='word_1_252' title='bbox 140 1811 192 1842; x_wconf 86' lang='lat' dir='ltr'>die</span> <span class='ocrx_word' id='word_1_253' title='bbox 211 1810 428 1852; x_wconf 84' lang='lat' dir='ltr'>Anwendung</span> <span class='ocrx_word' id='word_1_254' title='bbox 453 1812 504 1843; x_wconf 83' lang='lat' dir='ltr'>hei</span> <span class='ocrx_word' id='word_1_255' title='bbox 524 1811 646 1844; x_wconf 83' lang='lat' dir='ltr'>Verbis</span> <span class='ocrx_word' id='word_1_256' title='bbox 672 1824 704 1845; x_wconf 92' lang='lat' dir='ltr'>u.</span> <span class='ocrx_word' id='word_1_257' title='bbox 724 1813 811 1844; x_wconf 90' lang='lat' dir='ltr'>Sub-</span> 
     </span>
     <span class='ocr_line' id='line_1_29' title="bbox 139 1855 760 1895; baseline 0.003 -8"><span class='ocrx_word' id='word_1_258' title='bbox 139 1861 241 1888; x_wconf 83' lang='lat' dir='ltr'>stant.</span> <span class='ocrx_word' id='word_1_259' title='bbox 263 1855 389 1894; x_wconf 76' lang='lat' dir='ltr'>s.1.4‚</span> <span class='ocrx_word' id='word_1_260' title='bbox 411 1858 429 1888; x_wconf 83' lang='lat'>8</span> <span class='ocrx_word' id='word_1_261' title='bbox 450 1868 480 1888; x_wconf 93' lang='lat' dir='ltr'>u.</span> <span class='ocrx_word' id='word_1_262' title='bbox 502 1857 558 1888; x_wconf 87' lang='grc' dir='ltr'>ΙΙΙ.</span> <span class='ocrx_word' id='word_1_263' title='bbox 579 1859 611 1895; x_wconf 86' lang='grc'>5,</span> <span class='ocrx_word' id='word_1_264' title='bbox 635 1858 687 1889; x_wconf 88' lang='grc'>11.</span> <span class='ocrx_word' id='word_1_265' title='bbox 757 1867 760 1868; x_wconf 69' lang='grc'>’</span> 
     </span>
     <span class='ocr_line' id='line_1_30' title="bbox 186 1902 807 1944; baseline 0.005 -12"><span class='ocrx_word' id='word_1_266' title='bbox 186 1902 303 1933; x_wconf 81' lang='lat' dir='ltr'>eodem</span> <span class='ocrx_word' id='word_1_267' title='bbox 329 1905 442 1933; x_wconf 75' lang='lat' dir='ltr'>statu.</span> <span class='ocrx_word' id='word_1_268' title='bbox 503 1902 653 1943; x_wconf 74' lang='lat' dir='ltr'>Status,</span> <span class='ocrx_word' id='word_1_269' title='bbox 688 1904 807 1944; x_wconf 82' lang='lat' dir='ltr'>jurist.</span> 
     </span>
    </p>
   </div>
   <div class='ocr_carea' id='block_1_4' title="bbox 881 1814 1554 1946">
    <p class='ocr_par' dir='ltr' id='par_1_6' title="bbox 881 1814 1554 1946">
     <span class='ocr_line' id='line_1_31' title="bbox 928 1814 1554 1854; baseline 0 -9"><span class='ocrx_word' id='word_1_270' title='bbox 928 1818 1047 1845; x_wconf 76' lang='lat' dir='ltr'>tamen</span> <span class='ocrx_word' id='word_1_271' title='bbox 1066 1818 1108 1845; x_wconf 81' lang='lat' dir='ltr'>ut</span> <span class='ocrx_word' id='word_1_272' title='bbox 1131 1814 1348 1854; x_wconf 69' lang='lat' dir='ltr'>videremus,</span> <span class='ocrx_word' id='word_1_273' title='bbox 1377 1824 1442 1845; x_wconf 88' lang='lat' dir='ltr'>von</span> <span class='ocrx_word' id='word_1_274' title='bbox 1459 1814 1554 1845; x_wconf 86' lang='lat' dir='ltr'>Edo-</span> 
     </span>
     <span class='ocr_line' id='line_1_32' title="bbox 881 1859 1553 1900; baseline 0.001 -10"><span class='ocrx_word' id='word_1_275' title='bbox 881 1862 954 1891; x_wconf 78' lang='lat' dir='ltr'>cuz‘t</span> <span class='ocrx_word' id='word_1_276' title='bbox 972 1863 1090 1891; x_wconf 78' lang='lat' dir='ltr'>tamen</span> <span class='ocrx_word' id='word_1_277' title='bbox 1109 1861 1206 1891; x_wconf 76' lang='lat' dir='ltr'>ratio</span> <span class='ocrx_word' id='word_1_278' title='bbox 1233 1859 1417 1899; x_wconf 75' lang='lat' dir='ltr'>abh&#39;angig:</span> <span class='ocrx_word' id='word_1_279' title='bbox 1450 1860 1553 1900; x_wconf 81' lang='lat' dir='ltr'>„eine</span> 
     </span>
     <span class='ocr_line' id='line_1_33' title="bbox 881 1904 1553 1946; baseline 0 -10"><span class='ocrx_word' id='word_1_280' title='bbox 881 1904 1114 1946; x_wconf 80' lang='lat' dir='ltr'>folgeriehtige</span> <span class='ocrx_word' id='word_1_281' title='bbox 1142 1905 1370 1945; x_wconf 81' lang='lat' dir='ltr'>Betrachtung</span> <span class='ocrx_word' id='word_1_282' title='bbox 1402 1905 1460 1936; x_wconf 81' lang='lat' dir='ltr'>hat</span> <span class='ocrx_word' id='word_1_283' title='bbox 1492 1915 1553 1936; x_wconf 90' lang='lat' dir='ltr'>uns</span> 
     </span>
    </p>
   </div>
   <div class='ocr_carea' id='block_1_5' title="bbox 0 0 12 2365">
    <p class='ocr_par' dir='ltr' id='par_1_7' title="bbox 0 0 12 2365">
     <span class='ocr_line' id='line_1_34' title="bbox 0 0 12 2365; baseline 0 0"><span class='ocrx_word' id='word_1_284' title='bbox 0 0 12 2365; x_wconf 95' lang='lat' dir='ltr'> </span> 
     </span>
    </p>
   </div>
   <div class='ocr_carea' id='block_1_6' title="bbox 1 2520 9 2736">
    <p class='ocr_par' dir='ltr' id='par_1_8' title="bbox 1 2520 9 2736">
     <span class='ocr_line' id='line_1_35' title="bbox 1 2520 9 2736; textangle 90"><span class='ocrx_word' id='word_1_285' title='bbox 2 2680 9 2736; x_wconf 55' lang='lat'>⁴..—</span> <span class='ocrx_word' id='word_1_286' title='bbox 1 2520 9 2674; x_wconf 46' lang='lat' dir='ltr'>—F-v-z-s</span> 
     </span>
    </p>
   </div>
   <div class='ocr_carea' id='block_1_7' title="bbox 135 1946 811 2625">
    <p class='ocr_par' dir='ltr' id='par_1_9' title="bbox 135 1946 811 2215">
     <span class='ocr_line' id='line_1_36' title="bbox 138 1946 809 1988; baseline 0.006 -11"><span class='ocrx_word' id='word_1_287' title='bbox 138 1951 236 1978; x_wconf 89' lang='lat' dir='ltr'>term.</span> <span class='ocrx_word' id='word_1_288' title='bbox 266 1947 375 1979; x_wconf 79' lang='lat' dir='ltr'>techa.</span> <span class='ocrx_word' id='word_1_289' title='bbox 402 1962 447 1972; x_wconf 83' lang='lat'><strong><em>=</em></strong></span> <span class='ocrx_word' id='word_1_290' title='bbox 466 1950 688 1988; x_wconf 71' lang='lat' dir='ltr'>constitutio,</span> <span class='ocrx_word' id='word_1_291' title='bbox 721 1946 809 1980; x_wconf 78' lang='grc' dir='ltr'><em>στά-</em></span> 
     </span>
     <span class='ocr_line' id='line_1_37' title="bbox 140 1992 811 2029; baseline 0.006 -7"><span class='ocrx_word' id='word_1_292' title='bbox 140 2001 205 2029; x_wconf 83' lang='grc' dir='ltr'><em>σις,</em></span> <span class='ocrx_word' id='word_1_293' title='bbox 227 1992 281 2023; x_wconf 89' lang='lat' dir='ltr'>die</span> <span class='ocrx_word' id='word_1_294' title='bbox 299 1993 543 2025; x_wconf 83' lang='lat' dir='ltr'>verschiedene</span> <span class='ocrx_word' id='word_1_295' title='bbox 557 1993 620 2025; x_wconf 85' lang='lat' dir='ltr'>Art</span> <span class='ocrx_word' id='word_1_296' title='bbox 639 1995 704 2025; x_wconf 89' lang='lat' dir='ltr'>und</span> <span class='ocrx_word' id='word_1_297' title='bbox 714 1994 811 2026; x_wconf 84' lang='lat' dir='ltr'>Wei-</span> 
     </span>
     <span class='ocr_line' id='line_1_38' title="bbox 138 2037 811 2077; baseline 0.004 -9"><span class='ocrx_word' id='word_1_298' title='bbox 138 2047 187 2077; x_wconf 89' lang='lat' dir='ltr'>se,</span> <span class='ocrx_word' id='word_1_299' title='bbox 206 2037 269 2068; x_wconf 84' lang='lat' dir='ltr'>wie</span> <span class='ocrx_word' id='word_1_300' title='bbox 289 2037 362 2069; x_wconf 84' lang='lat' dir='ltr'>eine</span> <span class='ocrx_word' id='word_1_301' title='bbox 381 2037 607 2071; x_wconf 83' lang='lat' dir='ltr'>Rechtssaehe</span> <span class='ocrx_word' id='word_1_302' title='bbox 627 2039 811 2072; x_wconf 85' lang='lat' dir='ltr'>behandelt</span> 
     </span>
     <span class='ocr_line' id='line_1_39' title="bbox 135 2083 809 2127; baseline 0.003 -13"><span class='ocrx_word' id='word_1_303' title='bbox 135 2083 244 2122; x_wconf 86' lang='lat' dir='ltr'>wird,</span> <span class='ocrx_word' id='word_1_304' title='bbox 282 2083 375 2124; x_wconf 86' lang='lat' dir='ltr'>eigtl.</span> <span class='ocrx_word' id='word_1_305' title='bbox 404 2084 463 2115; x_wconf 88' lang='lat' dir='ltr'>der</span> <span class='ocrx_word' id='word_1_306' title='bbox 489 2084 718 2127; x_wconf 87' lang='lat' dir='ltr'>Standpunkt‚</span> <span class='ocrx_word' id='word_1_307' title='bbox 745 2096 809 2117; x_wconf 90' lang='lat' dir='ltr'>von</span> 
     </span>
     <span class='ocr_line' id='line_1_40' title="bbox 138 2128 807 2171; baseline 0.006 -12"><span class='ocrx_word' id='word_1_308' title='bbox 138 2128 210 2159; x_wconf 83' lang='lat' dir='ltr'>dem</span> <span class='ocrx_word' id='word_1_309' title='bbox 229 2138 303 2160; x_wconf 88' lang='lat' dir='ltr'>man</span> <span class='ocrx_word' id='word_1_310' title='bbox 333 2128 429 2160; x_wconf 85' lang='lat' dir='ltr'>dabei</span> <span class='ocrx_word' id='word_1_311' title='bbox 447 2131 601 2170; x_wconf 84' lang='lat' dir='ltr'>ausgeht.</span> <span class='ocrx_word' id='word_1_312' title='bbox 637 2129 714 2171; x_wconf 78' lang='lat' dir='ltr'>Vgl.</span> <span class='ocrx_word' id='word_1_313' title='bbox 736 2130 807 2163; x_wconf 85' lang='lat' dir='ltr'>Cic.</span> 
     </span>
     <span class='ocr_line' id='line_1_41' title="bbox 138 2172 375 2215; baseline 0.004 -11"><span class='ocrx_word' id='word_1_314' title='bbox 138 2172 222 2215; x_wconf 89' lang='lat' dir='ltr'>Top.</span> <span class='ocrx_word' id='word_1_315' title='bbox 244 2174 300 2213; x_wconf 81' lang='lat'>25,</span> <span class='ocrx_word' id='word_1_316' title='bbox 321 2174 375 2205; x_wconf 83' lang='lat'>93.</span> 
     </span>
    </p>

    <p class='ocr_par' dir='ltr' id='par_1_10' title="bbox 136 2219 811 2534">
     <span class='ocr_line' id='line_1_42' title="bbox 185 2219 811 2253; baseline 0.006 -4"><span class='ocrx_word' id='word_1_317' title='bbox 185 2219 240 2250; x_wconf 78' lang='lat'>80.</span> <span class='ocrx_word' id='word_1_318' title='bbox 269 2220 312 2250; x_wconf 84' lang='lat' dir='ltr'>ab</span> <span class='ocrx_word' id='word_1_319' title='bbox 331 2230 370 2251; x_wconf 85' lang='lat' dir='ltr'>eo</span> <span class='ocrx_word' id='word_1_320' title='bbox 387 2237 431 2243; x_wconf 90' lang='lat'>—</span> <span class='ocrx_word' id='word_1_321' title='bbox 446 2221 639 2252; x_wconf 79' lang='lat' dir='ltr'>aberravit.</span> <span class='ocrx_word' id='word_1_322' title='bbox 668 2220 736 2253; x_wconf 86' lang='lat' dir='ltr'>Das</span> <span class='ocrx_word' id='word_1_323' title='bbox 755 2233 811 2253; x_wconf 88' lang='lat' dir='ltr'>ur-</span> 
     </span>
     <span class='ocr_line' id='line_1_43' title="bbox 137 2263 808 2306; baseline 0.007 -12"><span class='ocrx_word' id='word_1_324' title='bbox 137 2264 349 2305; x_wconf 77' lang='lat' dir='ltr'>spriingliehe</span> <span class='ocrx_word' id='word_1_325' title='bbox 373 2263 499 2297; x_wconf 84' lang='lat' dir='ltr'>Thema</span> <span class='ocrx_word' id='word_1_326' title='bbox 526 2267 567 2306; x_wconf 91' lang='lat' dir='ltr'>(s.</span> <span class='ocrx_word' id='word_1_327' title='bbox 588 2267 629 2304; x_wconf 78' lang='lat'>4,</span> <span class='ocrx_word' id='word_1_328' title='bbox 652 2267 686 2306; x_wconf 71' lang='lat'>7)</span> <span class='ocrx_word' id='word_1_329' title='bbox 713 2277 808 2299; x_wconf 84' lang='lat' dir='ltr'>war:</span> 
     </span>
     <span class='ocr_line' id='line_1_44' title="bbox 142 2308 810 2354; baseline 0.003 -12"><span class='ocrx_word' id='word_1_330' title='bbox 142 2308 269 2342; x_wconf 73' lang='lat' dir='ltr'>Utrum</span> <span class='ocrx_word' id='word_1_331' title='bbox 288 2310 398 2342; x_wconf 75' lang='lat' dir='ltr'>cadat</span> <span class='ocrx_word' id='word_1_332' title='bbox 422 2313 457 2341; x_wconf 79' lang='lat' dir='ltr'>z&#39;n</span> <span class='ocrx_word' id='word_1_333' title='bbox 476 2314 673 2352; x_wconf 74' lang='lat' dir='ltr'>sapientem</span> <span class='ocrx_word' id='word_1_334' title='bbox 692 2315 810 2354; x_wconf 73' lang='lat' dir='ltr'>aegri-</span> 
     </span>
     <span class='ocr_line' id='line_1_45' title="bbox 137 2355 808 2390; baseline 0.004 -4"><span class='ocrx_word' id='word_1_335' title='bbox 137 2355 223 2386; x_wconf 85' lang='lat' dir='ltr'>tudo</span> <span class='ocrx_word' id='word_1_336' title='bbox 241 2365 358 2386; x_wconf 82' lang='lat' dir='ltr'>necne.</span> <span class='ocrx_word' id='word_1_337' title='bbox 396 2355 514 2387; x_wconf 82' lang='lat' dir='ltr'>Cicero</span> <span class='ocrx_word' id='word_1_338' title='bbox 542 2357 598 2388; x_wconf 86' lang='lat' dir='ltr'>hat</span> <span class='ocrx_word' id='word_1_339' title='bbox 624 2357 706 2389; x_wconf 90' lang='lat' dir='ltr'>aber</span> <span class='ocrx_word' id='word_1_340' title='bbox 724 2359 808 2390; x_wconf 87' lang='lat' dir='ltr'>nach</span> 
     </span>
     <span class='ocr_line' id='line_1_46' title="bbox 136 2398 810 2443; baseline 0.007 -13"><span class='ocrx_word' id='word_1_341' title='bbox 136 2398 344 2441; x_wconf 82' lang='lat' dir='ltr'>Erledigung</span> <span class='ocrx_word' id='word_1_342' title='bbox 363 2401 476 2433; x_wconf 87' lang='lat' dir='ltr'>dieser</span> <span class='ocrx_word' id='word_1_343' title='bbox 492 2401 602 2443; x_wconf 70' lang='lat' dir='ltr'>Frage.</span> <span class='ocrx_word' id='word_1_344' title='bbox 621 2403 706 2434; x_wconf 85' lang='lat' dir='ltr'>auch</span> <span class='ocrx_word' id='word_1_345' title='bbox 725 2403 810 2435; x_wconf 87' lang='lat' dir='ltr'>iiber</span> 
     </span>
     <span class='ocr_line' id='line_1_47' title="bbox 139 2444 809 2490; baseline 0.007 -15"><span class='ocrx_word' id='word_1_346' title='bbox 139 2445 191 2476; x_wconf 88' lang='lat' dir='ltr'>die</span> <span class='ocrx_word' id='word_1_347' title='bbox 221 2444 391 2478; x_wconf 81' lang='lat' dir='ltr'>Ursachen</span> <span class='ocrx_word' id='word_1_348' title='bbox 418 2447 484 2478; x_wconf 89' lang='lat' dir='ltr'>und</span> <span class='ocrx_word' id='word_1_349' title='bbox 510 2448 563 2479; x_wconf 86' lang='lat' dir='ltr'>die</span> <span class='ocrx_word' id='word_1_350' title='bbox 591 2448 809 2490; x_wconf 79' lang='lat' dir='ltr'>Behaudlung</span> 
     </span>
     <span class='ocr_line' id='line_1_48' title="bbox 140 2489 646 2534; baseline 0.01 -14"><span class='ocrx_word' id='word_1_351' title='bbox 140 2489 198 2521; x_wconf 86' lang='lat' dir='ltr'>der</span> <span class='ocrx_word' id='word_1_352' title='bbox 215 2491 408 2532; x_wconf 74' lang='lat' dir='ltr'>aegritudo</span> <span class='ocrx_word' id='word_1_353' title='bbox 427 2493 646 2534; x_wconf 87' lang='lat' dir='ltr'>gesprochen</span> 
     </span>
    </p>

    <p class='ocr_par' dir='ltr' id='par_1_11' title="bbox 139 2535 809 2625">
     <span class='ocr_line' id='line_1_49' title="bbox 184 2535 809 2579; baseline 0.008 -13"><span class='ocrx_word' id='word_1_354' title='bbox 184 2535 226 2566; x_wconf 85' lang='lat' dir='ltr'>de</span> <span class='ocrx_word' id='word_1_355' title='bbox 241 2538 403 2578; x_wconf 75' lang='lat' dir='ltr'>sapwnte</span> <span class='ocrx_word' id='word_1_356' title='bbox 420 2548 585 2578; x_wconf 70' lang='lat' dir='ltr'>quaes-zer</span> <span class='ocrx_word' id='word_1_357' title='bbox 587 2550 644 2579; x_wconf 83' lang='lat' dir='ltr'>as</span> <span class='ocrx_word' id='word_1_358' title='bbox 674 2539 749 2570; x_wconf 87' lang='lat' dir='ltr'>hier</span> <span class='ocrx_word' id='word_1_359' title='bbox 765 2554 809 2566; x_wconf 63' lang='grc' dir='ltr'><strong><em>π</em></strong></span> 
     </span>
     <span class='ocr_line' id='line_1_50' title="bbox 139 2579 601 2625; baseline 0.011 -14"><span class='ocrx_word' id='word_1_360' title='bbox 139 2579 181 2612; x_wconf 83' lang='lat' dir='ltr'>de</span> <span class='ocrx_word' id='word_1_361' title='bbox 197 2590 274 2623; x_wconf 80' lang='lat' dir='ltr'>sap.</span> <span class='ocrx_word' id='word_1_362' title='bbox 295 2584 601 2625; x_wconf 65' lang='lat' dir='ltr'>interrogaveras.</span> 
     </span>
    </p>
   </div>
   <div class='ocr_carea' id='block_1_8' title="bbox 880 1950 1555 2084">
    <p class='ocr_par' dir='ltr' id='par_1_12' title="bbox 880 1950 1555 2084">
     <span class='ocr_line' id='line_1_51' title="bbox 881 1950 1369 1990; baseline 0 -9"><span class='ocrx_word' id='word_1_363' title='bbox 881 1961 922 1981; x_wconf 91' lang='lat' dir='ltr'>zu</span> <span class='ocrx_word' id='word_1_364' title='bbox 942 1951 1001 1982; x_wconf 87' lang='lat' dir='ltr'>der</span> <span class='ocrx_word' id='word_1_365' title='bbox 1017 1950 1174 1982; x_wconf 84' lang='lat' dir='ltr'>Einsicht</span> <span class='ocrx_word' id='word_1_366' title='bbox 1191 1950 1369 1990; x_wconf 75' lang='lat' dir='ltr'>gefiihrt“.</span> 
     </span>
     <span class='ocr_line' id='line_1_52' title="bbox 927 2006 1554 2049; baseline 0.002 -11"><span class='ocrx_word' id='word_1_367' title='bbox 927 2007 982 2038; x_wconf 84' lang='lat'>81.</span> <span class='ocrx_word' id='word_1_368' title='bbox 1009 2007 1047 2038; x_wconf 77' lang='lat' dir='ltr'>id</span> <span class='ocrx_word' id='word_1_369' title='bbox 1059 2016 1173 2048; x_wconf 76' lang='lat' dir='ltr'>genus</span> <span class='ocrx_word' id='word_1_370' title='bbox 1192 2009 1321 2049; x_wconf 79' lang='lat' dir='ltr'>aegrz&#39;t.</span> <span class='ocrx_word' id='word_1_371' title='bbox 1357 2006 1429 2038; x_wconf 84' lang='lat' dir='ltr'>Cic.</span> <span class='ocrx_word' id='word_1_372' title='bbox 1449 2007 1554 2039; x_wconf 89' lang='lat' dir='ltr'>meint</span> 
     </span>
     <span class='ocr_line' id='line_1_53' title="bbox 880 2052 1555 2084; baseline 0 -1"><span class='ocrx_word' id='word_1_373' title='bbox 880 2052 1065 2084; x_wconf 84' lang='lat' dir='ltr'>besonders</span> <span class='ocrx_word' id='word_1_374' title='bbox 1093 2052 1146 2084; x_wconf 88' lang='lat' dir='ltr'>die</span> <span class='ocrx_word' id='word_1_375' title='bbox 1174 2052 1444 2084; x_wconf 85' lang='lat' dir='ltr'>Bekiimmerniss</span> <span class='ocrx_word' id='word_1_376' title='bbox 1471 2053 1555 2084; x_wconf 89' lang='lat' dir='ltr'>iiber</span> 
     </span>
    </p>
   </div>
   <div class='ocr_carea' id='block_1_9' title="bbox 880 2097 1552 2185">
    <p class='ocr_par' dir='ltr' id='par_1_13' title="bbox 880 2097 1552 2185">
     <span class='ocr_line' id='line_1_54' title="bbox 880 2097 1552 2139; baseline 0.003 -11"><span class='ocrx_word' id='word_1_377' title='bbox 880 2098 941 2129; x_wconf 87' lang='lat' dir='ltr'>den</span> <span class='ocrx_word' id='word_1_378' title='bbox 953 2097 1024 2129; x_wconf 90' lang='lat' dir='ltr'>Tod</span> <span class='ocrx_word' id='word_1_379' title='bbox 1038 2097 1435 2139; x_wconf 82' lang='lat' dir='ltr'>unsererAngeh‘drigen.</span> <span class='ocrx_word' id='word_1_380' title='bbox 1459 2097 1552 2139; x_wconf 83' lang='lat' dir='ltr'>(vgl.</span> 
     </span>
     <span class='ocr_line' id='line_1_55' title="bbox 880 2142 1167 2185; baseline 0 -11"><span class='ocrx_word' id='word_1_381' title='bbox 880 2142 958 2185; x_wconf 82' lang='lat' dir='ltr'>Cap.</span> <span class='ocrx_word' id='word_1_382' title='bbox 976 2143 1019 2175; x_wconf 86' lang='lat'>26</span> <span class='ocrx_word' id='word_1_383' title='bbox 1037 2155 1070 2175; x_wconf 93' lang='lat' dir='ltr'>u.</span> <span class='ocrx_word' id='word_1_384' title='bbox 1091 2143 1167 2184; x_wconf 84' lang='lat'>27.)</span> 
     </span>
    </p>
   </div>
   <div class='ocr_carea' id='block_1_10' title="bbox 878 2196 1551 2286">
    <p class='ocr_par' dir='ltr' id='par_1_14' title="bbox 878 2196 1551 2286">
     <span class='ocr_line' id='line_1_56' title="bbox 925 2196 1551 2242; baseline 0.002 -12"><span class='ocrx_word' id='word_1_385' title='bbox 925 2196 989 2234; x_wconf 82' lang='lat'>34.</span> <span class='ocrx_word' id='word_1_386' title='bbox 1025 2199 1167 2231; x_wconf 77' lang='lat' dir='ltr'>scholae</span> <span class='ocrx_word' id='word_1_387' title='bbox 1193 2216 1236 2222; x_wconf 90' lang='lat'>—-</span> <span class='ocrx_word' id='word_1_388' title='bbox 1263 2199 1551 2242; x_wconf 71' lang='lat' dir='ltr'>disputationes,-</span> 
     </span>
     <span class='ocr_line' id='line_1_57' title="bbox 878 2244 1190 2286; baseline 0.003 -11"><span class='ocrx_word' id='word_1_389' title='bbox 878 2244 946 2286; x_wconf 88' lang='lat' dir='ltr'>vgl.</span> <span class='ocrx_word' id='word_1_390' title='bbox 968 2244 994 2275; x_wconf 91' lang='lat' dir='ltr'>l.</span> <span class='ocrx_word' id='word_1_391' title='bbox 1014 2245 1048 2285; x_wconf 80' lang='lat'>4,</span> <span class='ocrx_word' id='word_1_392' title='bbox 1066 2245 1084 2275; x_wconf 86' lang='lat'>7</span> <span class='ocrx_word' id='word_1_393' title='bbox 1102 2255 1137 2276; x_wconf 87' lang='lat' dir='ltr'>u.</span> <span class='ocrx_word' id='word_1_394' title='bbox 1158 2244 1190 2276; x_wconf 85' lang='lat' dir='ltr'>S.</span> 
     </span>
    </p>
   </div>
   <div class='ocr_carea' id='block_1_11' title="bbox 878 2301 1553 2514">
    <p class='ocr_par' dir='ltr' id='par_1_15' title="bbox 878 2301 1553 2514">
     <span class='ocr_line' id='line_1_58' title="bbox 926 2301 1553 2342; baseline 0 -10"><span class='ocrx_word' id='word_1_395' title='bbox 926 2310 1014 2342; x_wconf 80' lang='lat' dir='ltr'>opus</span> <span class='ocrx_word' id='word_1_396' title='bbox 1047 2303 1138 2332; x_wconf 83' lang='lat' dir='ltr'>enim</span> <span class='ocrx_word' id='word_1_397' title='bbox 1174 2305 1375 2342; x_wconf 77' lang='lat' dir='ltr'>quaerunt,</span> <span class='ocrx_word' id='word_1_398' title='bbox 1418 2301 1553 2333; x_wconf 85' lang='lat' dir='ltr'>scherz-</span> 
     </span>
     <span class='ocr_line' id='line_1_59' title="bbox 878 2346 1551 2386; baseline 0.001 -9"><span class='ocrx_word' id='word_1_399' title='bbox 878 2346 973 2378; x_wconf 82' lang='lat' dir='ltr'>haft:</span> <span class='ocrx_word' id='word_1_400' title='bbox 1018 2346 1103 2386; x_wconf 77' lang='lat' dir='ltr'>„sie</span> <span class='ocrx_word' id='word_1_401' title='bbox 1128 2346 1252 2378; x_wconf 85' lang='lat' dir='ltr'>suchen</span> <span class='ocrx_word' id='word_1_402' title='bbox 1277 2346 1432 2378; x_wconf 84' lang='lat' dir='ltr'>Arbeit“</span> <span class='ocrx_word' id='word_1_403' title='bbox 1472 2346 1551 2386; x_wconf 87' lang='lat' dir='ltr'>(wie</span> 
     </span>
     <span class='ocr_line' id='line_1_60' title="bbox 879 2390 1550 2434; baseline -0.001 -11"><span class='ocrx_word' id='word_1_404' title='bbox 879 2390 1120 2433; x_wconf 73' lang='lat' dir='ltr'>Tagelb&#39;hner).</span> <span class='ocrx_word' id='word_1_405' title='bbox 1162 2390 1224 2423; x_wconf 85' lang='lat' dir='ltr'>Mit</span> <span class='ocrx_word' id='word_1_406' title='bbox 1249 2402 1466 2434; x_wconf 75' lang='lat' dir='ltr'>quamquam</span> <span class='ocrx_word' id='word_1_407' title='bbox 1485 2396 1550 2422; x_wconf 88' lang='lat' dir='ltr'>etc.</span> 
     </span>
     <span class='ocr_line' id='line_1_61' title="bbox 878 2436 1551 2469; baseline -0.001 -1"><span class='ocrx_word' id='word_1_408' title='bbox 878 2437 1013 2469; x_wconf 85' lang='lat' dir='ltr'>mildert</span> <span class='ocrx_word' id='word_1_409' title='bbox 1046 2436 1166 2469; x_wconf 89' lang='lat' dir='ltr'>Cicero</span> <span class='ocrx_word' id='word_1_410' title='bbox 1201 2436 1401 2469; x_wconf 85' lang='lat' dir='ltr'>einlenkeud</span> <span class='ocrx_word' id='word_1_411' title='bbox 1437 2436 1551 2468; x_wconf 88' lang='lat' dir='ltr'>diesen</span> 
     </span>
     <span class='ocr_line' id='line_1_62' title="bbox 879 2482 1128 2514; baseline 0.004 -1"><span class='ocrx_word' id='word_1_412' title='bbox 879 2482 1012 2514; x_wconf 85' lang='lat' dir='ltr'>kleinen</span> <span class='ocrx_word' id='word_1_413' title='bbox 1031 2482 1128 2514; x_wconf 84' lang='lat' dir='ltr'>Hieh.</span> 
     </span>
    </p>
   </div>
   <div class='ocr_carea' id='block_1_12' title="bbox 879 2538 1553 2616">
    <p class='ocr_par' dir='ltr' id='par_1_16' title="bbox 879 2538 1553 2616">
     <span class='ocr_line' id='line_1_63' title="bbox 920 2538 1553 2582; baseline -0.005 -11"><span class='ocrx_word' id='word_1_414' title='bbox 920 2539 1048 2582; x_wconf 81' lang='lat' dir='ltr'>plenae</span> <span class='ocrx_word' id='word_1_415' title='bbox 1061 2539 1308 2571; x_wconf 74' lang='lat' dir='ltr'>delectationis</span> <span class='ocrx_word' id='word_1_416' title='bbox 1328 2538 1435 2579; x_wconf 88' lang='lat' dir='ltr'>„sehr</span> <span class='ocrx_word' id='word_1_417' title='bbox 1448 2538 1553 2569; x_wconf 87' lang='lat' dir='ltr'>inter—</span> 
     </span>
     <span class='ocr_line' id='line_1_64' title="bbox 879 2585 1036 2616; baseline 0 0"><span class='ocrx_word' id='word_1_418' title='bbox 879 2585 1036 2616; x_wconf 79' lang='lat' dir='ltr'>essant“.</span> 
     </span>
    </p>
   </div>
  </div>
 </body>
</html>
