1684 2819
77 1420 233 1454 -autem
262 1415 400 1455 melius
433 1421 640 1455 extremo:

634 167 998 208 LIBER1.41,99.
1466 168 1515 207 61

107 291 274 325 mortem
306 284 344 323 in
369 296 435 324 eas
459 297 570 332 oras,
608 296 726 336 quas,
763 282 827 336 qui
851 296 871 323 e
894 283 974 323 vita
996 288 1281 329 excesserunt,
1315 281 1515 322 incolunt·

107 341 143 380 id
167 340 287 380 multo
317 339 392 379 iam
423 339 576 380 beatius
600 347 673 380 est.
710 339 842 388 Tene,
879 353 995 392 quum
1018 338 1096 378 ab
1078 338 1161 391 115,
1196 338 1261 402 qui
1282 351 1325 378 se
1346 338 1520 378 iudicum

107 410 271 436 numero
290 395 422 436 haberi
441 396 594 445 volunt,
621 395 816 445 evaseris,
842 396 887 435 ad
876 409 975 448 eos
992 396 1146 445 venire,
1171 394 1351 449 quivere
1370 395 1518 436 iudices

106 453 367 507 apfflz‘lLentur,
400 453 589 503 Minoem,
624 439 977 501 Rhadamanthum,
1001 452 1191 501 Aeacum,
1216 451 1516 505 Triptolemum,

106 510 400 562 convenireque
422 522 490 549 eos
506 541 516 560 ,
549 509 613 563 qui
635 509 740 550 iuste
770 516 809 549 et
830 523 915 549 cum
938 510 1012 549 fide
1035 508 1240 548 vixerint?
1271 508 1377 549 Haec
1407 522 1520 562 pere-

105 565 276 619 grinatio
307 566 517 606 mediocris
546 566 658 606 vobis
680 566 806 606 videri
838 565 994 619 potest?
1034 565 1084 606 Ut
1104 579 1201 605 vero
1234 565 1401 618 colloqui
1431 580 1520 606 cum

107 622 278 676 Orpheo,
302 623 481 672 Musaeo,
507 622 692 671 Homero,
719 622 890 662 Hesiodo
912 621 1043 671 liceat,
1070 621 1203 674 quanti
1226 623 1383 662 tandem
1401 622 1520 664 aesti-

106 679 249 719 matis?
290 679 479 732 Equidem
511 692 627 732 saepe
658 678 806 727 emori,
842 677 876 717 si
898 678 983 718 fieri
1006 684 1162 731 posset,
1188 677 1354 727 vellem,
1389 686 1432 719 ut
1454 693 1515 729 ea,

105 749 206 788 quae
238 736 346 784 dico,
383 736 476 775 1111111
509 735 645 774 liceret
674 734 871 774 invenire.
918 733 1072 784 Quanta
1095 734 1355 774 delectatione
1387 743 1519 776 autem

105 793 296 840 afficerer,
321 805 439 843 quum
461 791 706 831 Palamedem
721 821 731 839 ,
766 804 883 843 quum
905 789 1064 830 Aiacem
1078 822 1088 841 ,
1114 804 1231 843 quum
1254 790 1352 831 alios
1374 791 1519 832 iudicio

104 848 238 900 iniquo
255 848 547 888 circumventos
562 847 840 887 convenirem!
869 846 1081 887 Tentarem
1100 847 1217 886 etiam
1235 848 1376 887 summi
1393 849 1515 903 regis,

103 903 169 956 qui
191 903 385 944 maximas
408 904 541 958 copias
564 904 676 944 duxit
699 904 746 944 ad
769 904 947 953 Troiam,
981 911 1018 944 et
1041 904 1145 945 Ulixi
1169 903 1403 957 Sisyphique
1425 919 1518 959 pru-

103 961 298 1010 dentiam,
334 973 406 1000 nec
429 961 476 1001 ob
500 974 583 1001 eam
606 973 713 1011 rem,
749 975 867 1014 quum
897 961 992 1000 haec
1017 961 1295 1014 exquirerem,
1331 961 1435 1001 sicut
1456 962 1519 1002 hic

104 1017 291 1058 faciebam
308 1049 318 1067 ,
354 1017 481 1071 capite
504 1019 726 1058 damnarer.
771 1017 830 1057 Ne
853 1031 924 1059 vos
947 1017 1125 1070 quidem,
1160 1017 1308 1058 iudices
1324 1048 1334 1067 ,
1366 1017 1418 1068 ii,
1453 1019 1519 1071 qui

103 1087 165 1113 me
197 1074 446 1125 absolvistis,
482 1082 647 1115 mortem
680 1074 906 1115 timueritis.
956 1074 1041 1114 Nec
1068 1075 1171 1114 enim
1204 1074 1383 1127 cuiquam
1414 1074 1579 1117 11011099

103 1131 195 1170 111311
218 1131 422 1184 quicquam
445 1132 605 1172 evenire
633 1138 783 1184 potest,
821 1144 893 1171 nec
913 1131 1008 1171 vivo
1030 1145 1103 1171 nec
1124 1138 1303 1180 mortuo,
1339 1144 1412 1171 nec
1433 1147 1518 1172 um-

104 1201 216 1240 quam
247 1190 330 1228 01115
353 1201 417 1228 res
440 1202 463 1228 a.
492 1187 565 1228 (1115
596 1187 884 1228 immortalibus
908 1188 1183 1241 negligentur,
1218 1201 1290 1228 nec
1318 1187 1412 1228 mihi
1443 1189 1519 1242 ipsi

103 1244 176 1283 hoc
198 1243 336 1284 accidit
358 1244 535 1285 fortuito.
577 1244 660 1285 Nec
682 1259 779 1285 vero
802 1258 876 1299 ego
907 1244 980 1295 iis,
1015 1258 1036 1284 a
1059 1244 1196 1297 quibus
1219 1251 1428 1286 accusatus
1451 1253 1518 1285 aut

102 1314 124 1340 3
147 1299 286 1353 quihus
304 1302 592 1346 ,condemnatus
615 1316 717 1351 sum,
743 1301 866 1342 babeo
890 1302 993 1354 quod
1015 1313 1288 1350 succenseam,
1314 1301 1389 1341 nisi
1413 1303 1516 1354 quod

101 1357 197 1397 mihi
218 1370 361 1398 nocere
383 1371 424 1398 se
444 1358 748 1398 crediderunt.“
782 1359 832 1398 Et
854 1358 949 1398 haec
971 1358 1126 1411 quidem
1145 1359 1218 1398 hoc
1236 1358 1366 1397 modo.
1406 1358 1511 1399 Nihil

687 1414 799 1465 „Sed
831 1423 983 1469 tempus
1016 1422 1098 1462 est,
1133 1415 1282 1467 inquit,
1317 1414 1391 1454 iam
1426 1415 1515 1456 hinc

102 1470 209 1511 abire
233 1484 316 1520 me,
352 1478 394 1511 ut
414 1472 584 1521 moriar,
620 1486 714 1522 vos,
749 1479 791 1511 ut
815 1473 933 1512 vitam
964 1472 1105 1526 agatis.
1152 1471 1288 1511 Utrum
1312 1478 1443 1512 autem
1466 1473 1517 1513 sit

846 1614 947 1645 durch
965 1613 1211 1645 dessenffiinke
1228 1614 1260 1644 in
1276 1614 1338 1645 den
1349 1612 1522 1645 Verdacht

846 1660 906 1690 der
930 1658 1149 1690 Verriitherei
1176 1659 1241 1690 und
1266 1660 1381 1691 wurde
1416 1659 1521 1691 daher

844 1715 908 1735 von
943 1706 1006 1736 den
1035 1703 1202 1736 Griechen
1235 1715 1296 1736 vor
1323 1704 1428 1746 Troja
1462 1716 1520 1745 ge-

845 1751 994 1791 steinigt.
1504 1750 1507 1751 ⁷

147 1613 203 1644 98.
228 1613 316 1645 Tene
329 1632 372 1636 —-
392 1616 507 1645 venire
527 1614 640 1654 „XVas
656 1615 775 1645 ineinst

103 1659 145 1690 du
165 1659 264 1698 dazu,
286 1659 365 1689 dass
382 1660 479 1689 ——?“
499 1674 545 1684 Ξ
562 1659 686 1691 Nonne
705 1660 776 1690 lae-

105 1709 178 1735 tum
201 1707 264 1743 est,
289 1708 322 1735 te
338 1721 383 1726 —
396 1707 513 1736 vem're
526 1709 591 1736 etc.
612 1704 775 1736 Aehnlich

104 1750 143 1781 11.
164 1750 198 1787 9,
219 1749 257 1780 21
276 1761 282 1780 :
307 1750 393 1790 Heu,
414 1750 625 1791 virginalem
644 1761 698 1781 me
716 1760 777 1782 ore

98 1796 286 1836 ploratum
320 1795 439 1826 edere!
472 1805 523 1825 wo
558 1795 628 1827 sich
663 1806 776 1827 nonnev

103 1840 286 1882 Indignum
307 1843 361 1871 est
383 1841 550 1881 erganzen
571 1841 663 1872 liisst.

152 1902 422 1944 Triptolemum.
461 1902 529 1933 Der
555 1901 685 1933 Glaube
712 1903 771 1933 des

103 1948 267 1980 attischen
280 1946 398 1987 Volks,
415 1948 491 1979 dass
506 1948 588 1980 auch
604 1947 661 1979 Tr.
674 1947 775 1979 Rich-

102 1999 154 2025 ter
188 1993 221 2024 in
262 1993 323 2024 der
354 1992 542 2025 Unterwelt
582 1994 652 2034 sei,
695 1994 774 2034 ging

100 2038 338 2070 wahrscheinl.
359 2049 422 2070 von
450 2039 511 2069 den
536 2039 677 2070 eleusin.
697 2038 774 2081 My-

101 2084 226 2116 sterien
255 2094 328 2115 aus.
363 2083 422 2116 Tr.
451 2085 565 2115 wnrde
594 2084 685 2116 nicht
711 2095 774 2116 nur

102 2130 152 2162 als
172 2130 369 2170 Begriinder
386 2129 443 2161 des
460 2129 670 2170 Ackerbans,
699 2140 773 2161 5011-

100 2176 181 2207 (lern
201 2175 284 2206 auch
305 2176 355 2206 als
371 2173 597 2216 Gesetzgeber
617 2175 675 2217 (35
682 2184 773 2218 σμο-

102 2217 231 2265 ([όρος)
272 2221 337 2252 und
376 2221 553 2262 gerechter
588 2220 773 2252 Herrschei

100 2266 248 2298 verehrt.

146 2334 242 2363 vero,
262 2323 335 2355 hier
353 2323 544 2363 steigernd:
569 2324 646 2365 „ja‚
667 2323 755 2364 gar‘
763 2348 770 2363 ,

100 2368 164 2399 wie
190 2367 247 2400 IV.
278 2368 342 2409 32,
368 2368 430 2400 68:
467 2368 575 2400 Totus
602 2379 681 2400 vero
708 2371 774 2400 iste

103 2424 207 2446 amor
234 2417 358 2446 tantae
383 2414 540 2446 levitatis
567 2417 619 2446 est
640 2426 704 2453 —,·
733 2414 771 2445 de

103 2470 172 2501 rep.
194 2459 220 2492 I.
243 2460 282 2491 3:
308 2459 382 2491 Nec
401 2470 481 2491 vero
509 2462 579 2491 iam
608 2470 682 2491 meo
711 2470 772 2492 710-

103 2508 194 2536 mz'ne
211 2506 373 2536 abstz'ncn
379 2509 403 2537 t.

149 2566 374 2607 Palamedes,
402 2568 461 2599 der
478 2566 689 2608 Ronigssohn
708 2578 771 2599 von

105 2609 240 2652 Eubssa,
260 2613 317 2644 des
337 2611 476 2656 Ulysses
493 2608 676 2652 Tod'l'eind,
698 2613 772 2644 kam

890 1807 989 1838 Alam
999 1806 1057 1837 der
1066 1804 1294 1847 Telamonier,
1306 1806 1367 1837 den
1379 1804 1517 1848 Ulysses

843 1861 896 1882 um
923 1852 976 1882 die
1003 1851 1189 1883 Erbschaft
1214 1852 1273 1883 der
1299 1850 1433 1883 VVaffen
1460 1851 1516 1882 des

843 1897 991 1928 Achilles
1026 1898 1188 1937 brachte,
1216 1897 1331 1928 wurde
1370 1896 1517 1928 dariiber

844 1943 1056 1983 wahnsinnig
1073 1943 1139 1974 und
1159 1943 1222 1983 gab
1241 1943 1310 1974 sich
1330 1942 1435 1974 selbst
1453 1943 1516 1974 den

843 1987 928 2019 Tod.
954 1987 1055 2020 Ovid.
1076 1987 1157 2020 Met.
1178 1987 1253 2020 XII.
1277 1988 1343 2019 619
1360 2006 1399 2011 —
1417 1986 1513 2020 Xllt.

893 2089 1005 2122 Ulfoez:
1048 2088 1179 2130 lVegen
1211 2090 1323 2122 dieser
1351 2089 1450 2121 Forin
1486 2101 1514 2122 s,

842 2134 964 2178 Zumpt
982 2134 998 2177 ξ
1019 2135 1057 2166 61
1081 2140 1169 2167 extr.

890 2192 1087 2234 Sisyphus,
1124 2190 1233 2234 Ho'nig
1264 2203 1327 2224 von
1360 2191 1514 2233 Horinth,

844 2237 936 2268 erlitt
961 2238 1014 2268 die
1040 2236 1153 2269 Strafe
1188 2238 1221 2269 in
1247 2238 1307 2269 der
1332 2236 1517 2281 Unterwelt

844 2283 945 2324 (oben
964 2284 997 2323 5,
1021 2283 1092 2325 10),
1112 2283 1189 2314 weil
1208 2284 1326 2315 erden
1345 2282 1438 2315 Raub
1458 2284 1517 2314 der

843 2328 972 2368 Aegina
998 2328 1102 2359 durch
1123 2328 1256 2371 Jupiter
1273 2329 1431 2360 entdeckt
1449 2329 1515 2359 und

844 2372 1058 2405 ibreanater
1067 2373 1198 2416 Asopns
1210 2375 1388 2406 verrathen
1400 2375 1491 2405 hatte
1505 2386 1513 2415 ς

843 2429 914 2451 war
932 2419 1120 2461 uberhaupt
1143 2420 1243 2452 durch
1265 2420 1357 2452 scine
1378 2420 1515 2451 Schlau-

843 2465 911 2496 heit
938 2465 1101 2496 beriihmt.

885 2521 938 2553 Ne
956 2532 1015 2553 vos
1033 2522 1172 2564 quidem
1187 2539 1231 2545 —
1247 2523 1459 2560 timum—itis,-
1484 2532 1512 2552 s.

843 2567 963 2609 Zumpt
978 2567 994 2607 ξ
1011 2567 1074 2598 529
1088 2567 1183 2599 Anni.
1204 2567 1337 2599 Ebenso
1352 2567 1408 2605 47,
1430 2566 1489 2597 112
1506 2579 1512 2597 :

842 2624 883 2644 ne
901 2613 1103 2653 reliqueris.
