1684 2819
75 275 129 315 43

160 172 236 211 loo
730 167 786 199 DE
812 166 994 200 orricus

270 270 343 310 Sed
366 269 412 308 ab
433 270 479 308 iis
504 268 696 320 partibus,
721 281 818 320 quae
838 274 930 308 sunt
951 269 1176 316 honestatis,
1198 282 1313 321 quem
1335 270 1381 309 ad
1405 271 1567 310 modum

63 338 125 370 152
156 328 281 368 officia
303 327 533 366 ducerentur
558 324 651 365 satis
674 325 895 377 expositum
923 325 1083 365 videtur.
1125 326 1272 366 Eorum
1300 333 1428 366 autem
1457 328 1566 379 ipso-

64 732 102 763 15

107 732 125 762 :3

153 398 253 431 rum,
278 396 375 435 quae
395 383 560 421 honesta
581 388 683 429 sunt,
706 387 837 433 potest
857 382 1025 421 incidere
1046 394 1160 434 saepe
1178 383 1374 422 contentio
1397 389 1434 423 et
1456 396 1566 423 com-

153 441 302 492 paratio
326 441 373 478 de
390 439 543 478 duobus
561 439 736 478 honestis
756 445 884 478 utrum
902 439 1118 485 honestius,
1140 438 1204 490 qui
1220 439 1329 478 loeus
1345 453 1366 479 a
1381 440 1566 480 Panaetio

153 503 212 536 est
239 496 553 548 praetermissus,
602 496 698 535 Nam
728 508 815 535 cum
852 496 980 535 omnis
1015 496 1201 535 honestas
1234 501 1363 535 manet
1396 509 1415 535 a
1444 497 1567 548 parti-

153 554 229 593 bus
251 558 451 604 quattuor,
479 565 642 604 quarum
664 565 740 592 una
763 553 813 591 sit
844 552 1094 603 cognitionis,
1122 552 1238 591 altera
1265 553 1567 600 communitatis,

155 610 263 649 tertia
281 609 621 660 magnanimitatis,
645 615 777 660 quarta
794 610 1085 656 moderationis,
1107 610 1179 648 hae
1200 608 1239 647 in
1256 609 1457 660 deligendo
1480 610 1569 648 offi-

155 667 213 705 cio
237 679 351 717 saepe
372 666 474 705 inter
496 680 536 704 se
559 672 834 717 comparentur
854 678 1015 705 necesse
1037 671 1107 705 est.

268 722 397 761 Placet
418 723 533 774 igitur
554 723 704 774 aptiora
726 736 812 761 esse
840 729 997 762 naturae
1024 736 1064 762 ea
1088 723 1231 769 officia,
1259 734 1357 773 quae
1384 735 1430 761 ex
1458 734 1568 761 com-

152 779 356 827 munitate,
384 792 499 831 quani
521 793 580 826 ea,
610 792 706 831 quae
727 793 771 818 ex
794 780 1014 831 cognitione
1037 780 1243 825 ducantur,
1273 779 1388 830 idque
1408 779 1484 818 hoc
1505 791 1568 818 ar-

153 842 337 887 gumento
372 836 592 875 confirmari
620 842 768 887 potest:
798 837 901 888 quod
932 837 961 875 si
993 836 1195 887 contigerit
1222 849 1263 874 ea
1292 835 1364 874 vita
1392 835 1569 886 sapienti,

152 898 195 931 ut
222 892 399 931 omnium
428 905 557 931 rerum
586 893 835 932 al'lluentihus
866 893 1008 944 copiis,
1046 893 1194 938 onmia,
1225 904 1320 943 quae
1347 892 1568 942 cognitione

153 949 267 999 digna
289 949 383 994 sint,
412 962 568 987 summo
592 949 670 987 otio
700 962 832 987 seeum
861 949 945 1000 ipse
968 950 1188 988 consideret
1210 955 1246 987 et
1268 948 1567 999 contempletur,

152 1011 293 1051 tamen,
316 1005 484 1043 solitudo
508 1005 540 1042 si
562 1010 665 1043 tanta
686 1005 746 1051 sit,
769 1011 810 1044 ut
831 1006 1031 1043 hominem
1055 1005 1182 1043 videre
1199 1017 1277 1043 non
1295 1005 1434 1055 possit,
1456 1017 1568 1044 exce—

153 1062 216 1099 dat
243 1074 262 1097 e
289 1061 373 1099 vita.
421 1061 685 1112 Princepsque
714 1061 890 1100 omnium
919 1062 1102 1100 virtutum
1132 1061 1190 1099 illa
1221 1061 1425 1112 sapientia,
1453 1073 1569 1112 quam

152 1112 316 1171 σοφιάν
339 1117 472 1156 Graeci
502 1123 640 1156 vocant
662 1141 715 1145 —-
737 1118 984 1168 prudentiam
1006 1118 1129 1164 enim,
1159 1130 1273 1169 quam
1296 1117 1426 1156 Graeci
1457 1113 1569 1172 φρό-

152 1186 273 1228 νησιν
294 1174 443 1220 dicunt,
471 1174 581 1212 aliam
604 1174 811 1225 quamdam
840 1175 1120 1225 intellegimus,
1150 1187 1247 1225 quae
1269 1180 1328 1213 est
1348 1186 1478 1212 rerum
1501 1186 1568 1212 ex-

151 1230 402 1281 petendarum
428 1230 774 1282 fugiemlarumque
796 1231 973 1269 seientia:
998 1231 1055 1269 illa
1078 1237 1206 1269 autem
1225 1230 1426 1282 sapientia,
1451 1243 1567 1282 quam

151 1286 366 1337 principem
390 1287 486 1333 dixi,
514 1299 644 1326 rerum
669 1295 727 1325 est
749 1287 964 1326 divinarum
986 1293 1023 1326 et
1043 1288 1300 1327 humanarum
1324 1287 1500 1333 scientia,
1529 1287 1568 1325 in

197 1414 264 1453 43.
278 1421 350 1452 152.
361 1424 610 1454 (·()ηιηη(]ιί[(ιίι’.ς
618 1435 627 1454 .·
637 1424 822 1454 eommuni—

151 1471 202 1499 Ias
211 1467 364 1498 bcdeutet
383 1467 481 1498 theils
491 1478 517 1497 s.
528 1477 558 1498 ν.
567 1478 595 1498 a.
607 1470 762 1509 avt-selas,
772 1468 823 1498 die

898 1424 1025 1460 omnia,
1056 1423 1136 1453 aher
1159 1423 1311 1463 (litaturis
1335 1432 1423 1452 inuss
1448 1422 1572 1461 gesti-i-

899 1469 979 1499 chen
998 1468 1143 1504 werden,
1163 1468 1202 1498 (la
1220 1471 1314 1498 sonst
1331 1477 1372 1497 zu
1391 1466 1463 1497 dem
1473 1466 1572 1498 Satze

151 1512 410 1551 Gemeinsehat't‚
430 1512 529 1543 theils
549 1513 609 1543 den
625 1512 728 1544 Trieb
743 1513 823 1544 nach

151 1556 412 1595 Gemeinschaft,
440 1557 670 1597 Gemeinsinn;
696 1558 726 1599 ξ.
750 1558 823 1589 157.

154 1604 226 1633 159.
262 1601 315 1640 111,
335 1602 364 1641 7,
384 1602 436 1633 24.
472 1603 524 1642 27,
547 1603 620 1634 100.

199 1647 272 1679 153.
297 1647 393 1687 Quod
403 1649 691 1689 .s·1‘0011t1],.‚{⁶·87‘i!(¹et.
710 1648 824 1680 Indie-

151 1704 236 1731 sem,
261 1703 325 1723 von
345 1692 411 1723 Cic.
431 1693 537 1725 selhst
555 1693 825 1734 hinzugefiigten,

150 1738 268 1770 Theile
284 1739 338 1769 hat
352 1738 664 1778 erdieArgumente
677 1739 825 1779 benutzt,

149 1784 206 1815 mit
224 1783 371 1814 welehen
397 1783 449 1813 die
467 1784 602 1815 Stoiker
620 1785 673 1815 die
692 1783 827 1826 Peripa-

150 1828 274 1860 tetikcr
292 1828 512 1869 bekiimpl'ten.
531 1829 582 1861 die
599 1830 671 1860 dein
691 1830 825 1861 theore-

150 1873 278 1904 tischcn
299 1872 408 1903 Leben
437 1884 498 1903 vor
516 1874 588 1905 dein
615 1875 825 1915 praktischen

151 1920 211 1948 den
229 1918 366 1957 Vorzug
383 1918 487 1956 gaben
509 1919 662 1957 (Aristot.
674 1920 739 1950 eth.
755 1919 824 1951 Nic.

150 1964 193 2004 λ’,
210 1962 229 1994 S
243 1963 311 2003 m.),
330 1963 410 1993 doeh
426 1963 497 1994 sind
513 1964 563 1994 ‹lie
580 1965 752 1995 einzelnen
764 1965 826 1995 ΛΓ-

149 2008 715 2049 gumenteniehtgehiiriggeordnet
735 2009 824 2049 (153)

149 2054 214 2084 und
243 2052 409 2084 mehrl'aeh
440 2054 540 2084 durch
574 2054 663 2086 nicht
695 2055 827 2086 hierher

151 2098 336 2137 Gehiiriges
356 2098 611 2130 unterbroehen.

195 2143 285 2186 qnod
303 2144 336 2174 sz'
350 2145 545 2185 contaegerit.
579 2144 740 2176 Dasselbe
759 2144 824 2176 Ar-

150 2193 301 2229 gument,
326 2199 379 2219 um
398 2199 437 2219 zu
458 2188 641 2232 beweisrm,
671 2191 748 2221 dass
767 2190 827 2221 ‹lcr

151 2234 284 2265 Mensch
315 2233 405 2265 nieht
431 2243 551 2265 ausser
579 2235 639 2266 der
672 2234 827 2267 (11811ιεί11-

150 2279 257 2310 schal't
277 2278 335 2309 mit
352 2278 508 2310 Anderen
529 2280 623 2311 leben
644 2280 762 2321 horunc,
783 2281 826 2312 ist

150 2325 230 2355 auch
251 2323 342 2355 Lael.
363 2323 414 2365 23,
431 2324 483 2355 87.
504 2325 544 2355 de
563 2325 616 2356 fin.
638 2324 688 2366 111,
703 2325 756 2367 20,
771 2326 824 2357 65.

149 2369 190 2409 V,
210 2369 263 2407 20,
282 2369 322 2399 57
341 2370 570 2408 angewendet.
618 2369 666 2401 Zu
688 2371 825 2402 iiber-se-

150 2416 209 2445 hen
230 2414 273 2445 ist
297 2414 410 2455 nieht„
441 2415 517 2445 dass
542 2415 654 2446 dieser
671 2416 750 2447 Satz
775 2417 825 2448 ci-

151 2459 294 2498 gentlieh
310 2459 368 2490 mit
381 2459 824 2504 ‹101-Solbstgeniigsamkeit,

151 2504 327 2543 Autarkie,
358 2504 416 2535 des
441 2505 607 2536 stoischeu
630 2506 767 2538 VVeisen
792 2507 824 2538 in

152 2549 393 2590 &Viderspruch
412 2551 511 2582 steht.

197 2596 318 2626 onmia.
352 2594 414 2626 Die
432 2595 530 2628 lidss.
549 2596 653 2628 haben
672 2600 824 2639 qumm'is

898 1517 937 1545 ut
963 1515 1111 1545 onmium
1134 1523 1161 1544 ν.
1181 1512 1256 1553 qsfl.
1276 1513 1380 1555 copiis
1403 1512 1461 1543 das
1486 1511 1573 1542 Ver-

899 1559 973 1590 bum
991 1558 1099 1589 sehlen
1118 1557 1244 1588 wiirde.
1295 1557 1378 1588 Dass
1397 1557 1477 1588 aber
1495 1556 1572 1595 Cic„

899 1605 962 1635 wie
981 1603 1102 1645 Zumpt
1120 1603 1312 1644 behauptet,
1338 1602 1439 1633 durch
1457 1612 1575 1644 quam-

899 1651 949 1680 vis
966 1649 1028 1680 den
1047 1648 1105 1679 mit
1127 1649 1160 1679 si
1183 1648 1382 1689 eontigerit,
1412 1650 1448 1678 11!
1470 1657 1572 1687 ange-

900 1694 1061 1735 l'angenen
1081 1693 1160 1725 Satz
1177 1693 1303 1724 wieder
1318 1692 1491 1724 aufnehme
1508 1692 1575 1723 und

900 1739 1040 1780 variire,
1060 1739 1103 1770 ist
1121 1737 1285 1769 ebenl'alls
1303 1737 1514 1777 undenkbar,
1533 1737 1572 1768 da

901 1785 974 1816 eine
992 1784 1161 1824 dei-artigi:
1180 1782 1492 1815 wiederausuahme
1513 1792 1575 1813 nur

898 1830 1039 1869 iniiglich
1055 1829 1109 1868 ist,
1128 1838 1223 1860 wenn
1234 1827 1461 1860 derGedauke
1473 1827 1574 1859 durch

899 1875 972 1906 eine
997 1874 1198 1905 Parenthese
1222 1873 1468 1905 unterbroehen
1492 1881 1573 1903 war.

944 1920 1175 1963 Princepsque
1214 1920 1364 1950 omnium
1397 1920 1572 1950 virtutum.

899 1964 965 1995 Cic.
985 1964 1101 1995 wollte
1131 1963 1312 1995 sortsahren
1342 1964 1492 1995 continet
1519 1973 1574 1993 so-

899 2011 1055 2041 cietatem
1087 2008 1226 2040 deornm
1261 2011 1322 2039 eet.
1379 2007 1488 2039 Dureh
1522 2007 1573 2038 die

900 2055 984 2085 zwei
1029 2054 1312 2094 eingeschobenen
1352 2052 1573 2084 Definitionen

900 2100 982 2130 wird
1001 2099 1060 2130 der
1078 2099 1270 2139 begonnene
1290 2098 1370 2129 Satz
1396 2097 1574 2130 uuterbro-

900 2145 991 2186 chen,
1008 2145 1073 2175 und
1086 2145 1154 2184 das,
1173 2144 1320 2175 wassein
1330 2142 1575 2175 zweiterTheil

901 2190 968 2221 sein
988 2190 1098 2230 sollte,
1118 2189 1308 2221 relativisch
1327 2198 1367 2220 an
1382 2188 1434 2220 die
1449 2187 1574 2220 Paren-

899 2236 994 2267 these
1011 2236 1281 2276 angeschlossen.
1316 2233 1478 2274 vgt.c,.37
1495 2233 1574 2266 z.A.

945 2283 1064 2324 σοφία
1092 2295 1136 2307 =
1164 2275 1349 2323 ἐπιστήμη
1380 2279 1462 2310 oder
1490 2277 1573 2310 ἔπι-

900 2323 1018 2369 στήμη
1037 2327 1110 2358 τῶν
1124 2328 1239 2358 θείων
1253 2326 1309 2356 καὶ
1326 2320 1574 2368 ἀνθρωπείων

899 2370 947 2411 (ll,
967 2371 995 2413 2,
1014 2372 1058 2410 5),
1079 2371 1123 2402 ist
1140 2372 1198 2402 das
1217 2369 1408 2408 Wisseu,
1427 2369 1573 2400 welches

899 2417 980 2447 nach
1010 2417 1070 2447 der
1093 2416 1201 2447 Lehre
1230 2415 1315 2446 aller
1343 2414 1574 2446 sokratischen

898 2461 1118 2503 Philosophen
1134 2461 1186 2492 die
1198 2459 1573 2501 GrundlagejederTu-

898 2507 982 2545 gend
1003 2507 1055 2538 ist.
1089 2506 1219 2537 S.Eiul.
1255 2505 1460 2537 Vonihmdie
1471 2503 1574 2545 Klug-

898 2552 976 2591 heit,
997 2548 1179 2596 φρόνησις
1194 2552 1286 2590 ((1.6),
1302 2561 1342 2582 zu
1359 2555 1510 2591 trenuen,
1529 2550 1574 2581 ist

898 2601 970 2628 erst
987 2597 1059 2628 eine
1078 2596 1258 2637 Neuerung
1275 2596 1335 2628 der
1352 2596 1496 2629 Stoiker.
