1684 2819
571 165 650 197 LIB.
667 164 690 197 Ι.
728 164 819 196 CAP.
837 166 890 198 27.
911 166 963 198 28.
982 165 1035 197 29.
1453 164 1504 204 73

107 269 278 320 corpori,
304 268 405 306 nolis
431 266 548 306 esse‘?
589 267 736 306 Difficili
758 268 796 306 in
818 268 904 308 loco
927 280 1071 307 versor.
1112 268 1181 306 Est
1202 267 1302 306 enim
1325 267 1380 306 vis
1402 272 1505 306 tanta

105 331 276 371 naturae,
306 329 348 362 ut
374 325 493 362 homo
522 336 636 362 nemo
660 324 747 362 velit
767 324 840 363 nisi
862 324 1033 363 hominis
1055 324 1189 363 similis
1211 337 1307 363 esse.
1348 324 1396 363 Et
1417 324 1503 374 qui-
1534 332 1575 364 79

105 382 191 420 dem
213 380 374 419 formica
396 380 588 419 formicae.
629 381 702 419 Sed
725 386 852 420 tamen
870 382 976 420 cuius
994 379 1194 419 hominis?
1235 381 1386 428 Quotus
1404 380 1505 419 enim

104 437 265 487 quisque
293 438 490 475 formosus
522 435 609 475 est‘?
649 437 808 475 Athenis
831 450 948 488 quum
972 450 1116 483 essem,
1144 450 1163 475 e
1185 437 1364 488 gregibus
1386 437 1506 488 ephe-

103 493 244 532 borum
274 493 332 531 vix
361 493 499 543 singuli
527 493 826 544 reperiebantur.
869 494 1003 541 Video,
1033 493 1121 544 quid
1144 493 1337 540 arriseris3
1367 493 1433 531 sed
1456 492 1507 531 ita

106 554 231 588 tamen
259 563 300 588 se
327 562 388 587 res
410 550 532 588 habet.
574 550 717 588 Deinde
739 550 870 597 nobis,
899 550 982 601 qui,
1013 550 1312 589 concedentibus
1330 549 1506 601 philoso-

103 606 191 656 phis
213 606 391 656 antiquis,
412 606 703 644 adolescentulis
726 606 971 652 delectamur,
993 606 1105 644 etiam
1129 606 1214 644 vitia
1236 619 1349 657 saepe
1369 605 1507 644 iucun-

106 662 152 700 da
174 668 275 701 sunt.
317 662 467 701 Naevus
489 662 528 700 in
550 662 711 701 articulo
734 662 842 712 pueri
864 662 1024 700 delectat
1044 662 1234 701 Alcaeum.
1277 664 1323 701 At
1345 667 1403 700 est
1419 674 1506 700 cor—

105 718 212 768 poris
230 719 377 757 macula
394 730 549 756 naevus.
581 718 634 756 [lli
652 724 777 755 tamen
796 718 871 756 hoc
886 719 1016 756 lumen
1034 718 1245 756 videbatur.
1278 719 1321 765 Q.
1342 718 1507 765 Catulus,

104 774 218 813 huius
242 774 403 824 collegae
425 779 460 812 et
480 773 672 812 familiaris
694 773 817 811 nostri
839 780 961 824 pater,
992 774 1118 812 dilexit
1140 775 1373 825 municipem
1396 782 1505 813 tuum

103 830 306 868 Roscium:
329 830 366 868 in
389 842 502 880 quem
524 830 637 868 etiam
659 829 749 868 illud
772 835 829 868 est
850 830 950 868 eius:

237 897 506 942 Constiterant,
529 900 762 936 morientem
784 898 979 936 Auroram
999 900 1099 949 force
1121 897 1313 942 salutans,

292 966 405 1004 quum
429 953 549 992 subito
573 967 596 991 α
618 953 727 992 laeva
748 953 908 992 Roscius
935 956 1128 1002 exoritur.

234 1009 331 1048 Pace
351 1010 446 1048 mihi
464 1010 591 1055 le'ceat,
617 1010 806 1055 caelestes,
837 1011 959 1049 (licere
981 1018 1124 1057 vestra,

291 1066 467 1105 mortalis
488 1069 593 1105 visus
608 1065 814 1117 pulchrior
841 1079 917 1105 esse
940 1068 1018 1106 deo.

100 1133 199 1172 Huic
221 1134 419 1183 pulchrior
440 1134 531 1172 deo:
562 1139 600 1171 at
621 1139 713 1179 erat,
736 1134 834 1172 sicut
855 1134 970 1172 hodie
992 1140 1062 1179 est,
1085 1133 1388 1184 perversissimis
1412 1145 1505 1171 ocu-

99 1190 158 1228 lis.
191 1190 290 1236 Quid
312 1190 438 1231 refert.
461 1190 492 1228 si
515 1190 590 1228 hoc
610 1190 737 1239 ipsum
762 1190 907 1227 salsum
927 1189 978 1227 illi
1000 1195 1036 1227 et
1058 1195 1261 1228 venustum
1278 1187 1505 1227 videbatur?

99 1246 231 1284 Redeo
260 1246 306 1284 ad
335 1247 440 1284 deos.
481 1246 652 1296 Ecquos,
675 1246 706 1283 si
728 1258 807 1284 non
829 1251 905 1283 tam
929 1245 1143 1292 strabones,
1165 1253 1201 1284 at
1221 1245 1395 1296 paetulos
1418 1258 1505 1284 esse
1530 1244 1584 1283 29

99 1300 360 1341 arbitramur?
389 1314 530 1352 ecquos
550 1314 711 1340 naevum
734 1301 901 1340 hahere?
924 1315 1068 1353 ecquos
1093 1303 1199 1347 silos,
1223 1304 1374 1347 flaccos,
1395 1303 1504 1340 sron-
1536 1306 1577 1337 80

99 1364 230 1404 tones,
260 1359 474 1409 capitones,
505 1371 600 1408 quae
629 1364 719 1396 sunt
746 1358 784 1396 in
812 1356 956 1396 nobis?
997 1359 1056 1397 An
1080 1359 1209 1397 onmia
1239 1359 1439 1396 emendata
1467 1358 1505 1395 in

99 1413 203 1453 illis?
244 1415 360 1453 Detur
380 1415 416 1453 id
438 1415 559 1453 vobis.
600 1415 701 1453 Num
723 1415 836 1452 etiam
859 1421 917 1454 est
937 1427 1013 1453 una
1036 1416 1209 1453 omnium
1234 1413 1376 1453 facies?
1407 1414 1506 1452 Nam

101 1471 131 1508 si
155 1471 304 1521 plures:
327 1471 435 1509 aliam
458 1484 544 1509 esse
565 1471 634 1508 alia
656 1470 916 1521 pulchriorem
940 1483 1099 1509 necesse
1121 1478 1189 1509 est.
1232 1471 1350 1520 Igitur
1371 1470 1505 1521 aliquis

102 1538 182 1564 non
210 1527 493 1577 pulcherrimus
526 1527 633 1565 deus.
677 1527 716 1565 Si
744 1540 820 1565 una
843 1528 1019 1565 omnium
1049 1528 1163 1566 facies
1192 1532 1266 1573 est,
1302 1528 1439 1565 llorere
1466 1527 1505 1564 in

104 1583 205 1621 caelo
227 1583 470 1621 Academiam
492 1595 650 1621 necesse
673 1590 742 1621 est.
784 1582 824 1621 Si
841 1583 943 1622 enim
965 1584 1059 1621 nihil
1080 1583 1179 1622 inter
1196 1584 1308 1621 deum
1332 1588 1367 1621 et
1389 1584 1504 1622 deum

103 1684 196 1723 trite,
223 1684 314 1713 ward
343 1683 402 1713 mit
433 1683 515 1713 zwei
539 1682 764 1714 Fischleibern

102 1732 185 1759 statt
197 1727 370 1759 derFiisse
385 1727 595 1768 (largestellt3
612 1727 765 1758 deshalb:

101 1774 297 1804 rudentibus
313 1773 470 1804 devehens
488 1772 613 1803 belluis.

148 1818 201 1848 79.
228 1829 244 1848 e
257 1819 422 1859 gregibus
440 1818 652 1861 epheborum.
681 1817 764 1848 Dar-

101 1867 198 1893 unter
227 1863 297 1893 sind
330 1863 380 1893 die
414 1863 442 1892 in
475 1863 534 1893 den
566 1861 764 1904 Gymnasien

102 1918 141 1938 zu
166 1907 508 1947 gemeinschaftlichen
531 1906 708 1947 Uebungen
734 1907 764 1937 in

103 1950 424 1983 Genossenschaften
443 1952 648 1992 vereinigten
662 1952 764 1991 Jiing-

99 1996 186 2036 linge
205 2007 245 2027 zu
263 1997 451 2028 verstehen.

144 2042 321 2081 Alcaeum,
352 2042 413 2073 den
438 2041 638 2072 Lesbischen
665 2041 764 2083 Lyri-

99 2086 169 2125 ker,
192 2098 256 2118 von
275 2088 393 2117 dessen
415 2087 602 2118 erotischen
623 2085 764 2117 Gedich-

99 2136 153 2162 ten
183 2132 280 2163 theils
311 2131 494 2171 Zeugnisse
524 2132 639 2171 reden,
671 2142 698 2163 z.
728 2131 762 2162 Β.

99 2176 165 2207 Cic.
185 2176 282 2208 Tusc.
301 2176 355 2215 IV,
375 2176 427 2215 33,
449 2177 508 2218 71,
534 2177 631 2207 theils
657 2176 764 2216 einige

98 2220 297 2261 Fragmente
316 2221 464 2253 crhalten
484 2222 566 2252 sind.

143 2267 246 2298 leuius
275 2266 346 2298 coll.
378 2269 411 2297 et
429 2268 523 2308 sffl'l·
548 2267 677 2298 nostri:
707 2266 764 2297 des

100 2313 180 2342 noch
200 2311 290 2352 jetzt
312 2311 472 2342 lebenden
498 2311 562 2342 und
581 2321 640 2342 uns
659 2311 764 2341 wohl-

100 2355 294 2388 bekannten.
340 2356 415 2396 Ygl.
441 2356 478 2392 ll.
505 2356 534 2395 2,
561 2355 591 2387 6.
637 2357 675 2387 de
701 2355 764 2386 Off.

99 2398 149 2441 ΙΙΙ,
171 2400 220 2441 16,
245 2400 304 2432 26:
340 2401 436 2442 Calo,
458 2402 556 2433 linias
576 2403 688 2433 nostri
705 2400 766 2432 Ca—

104 2447 188 2477 tonis
210 2450 319 2489 pater.
357 2446 510 2478 Gemeint
533 2447 578 2477 ist
601 2445 639 2487 Q.
665 2446 766 2477 Luta-

102 2489 165 2520 tius
183 2489 221 2531 Q.
240 2491 277 2522 F.
294 2490 331 2532 Q.
348 2490 387 2523 N.
404 2491 548 2532 Catulus,
566 2491 688 2522 Consul
706 2491 763 2522 des

102 2533 129 2563 J.
160 2533 223 2565 676
253 2537 316 2567 und
347 2536 482 2577 College
513 2537 569 2567 des
600 2535 695 2567 Cotta
722 2536 763 2566 im

101 2577 286 2611 pontificat.
320 2580 397 2612 Scin
423 2581 678 2622 gleichnamiger
694 2581 761 2613 Va-

840 1689 892 1715 ter
914 1694 984 1715 war
1008 1684 1127 1715 Consul
1153 1685 1182 1715 d.
1208 1684 1237 1715 J.
1263 1684 1346 1723 652,
1371 1684 1436 1714 und
1454 1684 1505 1715 ein

839 1729 1027 1770 Epigramm
1051 1729 1243 1767 desselben,
1269 1728 1430 1760 ebenfalls
1451 1728 1510 1760 auf

839 1774 932 1804 einen
959 1775 1102 1805 scho'nen
1126 1774 1298 1813 Jiingling,
1328 1774 1420 1805 lesen
1445 1774 1508 1804 wir

840 1818 890 1849 bei
910 1818 1036 1850 Gellius
1055 1818 1094 1851 N.
1114 1820 1153 1850 A.
1172 1818 1265 1858 XIX,
1288 1818 1318 1849 9.

884 1886 1005 1915 villule.
1032 1887 1129 1916 tuum
1153 1884 1327 1915 Roscium:
1360 1883 1420 1914 den
1451 1883 1507 1914 be-

840 1929 989 1960 riihmten
1019 1928 1175 1961 Homiker
1198 1929 1236 1970 Q.
1262 1928 1418 1967 Roscius,
1452 1927 1506 1959 fiir

840 1974 900 2004 den
931 1975 1013 2005 noch
1045 1975 1117 2005 eine
1145 1974 1504 2013 Vertheidigungsrede

840 2018 986 2049 Cicero's
1002 2020 1190 2050 voi-handen
1207 2020 1260 2058 ist,
1279 2019 1342 2049 und
1357 2019 1425 2055 der,
1441 2018 1504 2049 wie

839 2063 1006 2103 Velleius,
1032 2075 1091 2096 aus
1116 2065 1187 2095 dem
1214 2064 1422 2105 Municipium
1440 2063 1504 2095 La—

839 2109 971 2140 nuvium
989 2109 1142 2149 gebiirtig
1159 2119 1239 2139 war.

884 2170 952 2207 '‘29-
991 2176 1043 2207 80.
1070 2178 1246 2208 strabones
1276 2195 1313 2198 -—
1339 2176 1503 2219 paetulos.

840 2220 948 2252 Schol.
970 2221 1065 2262 Cruq.
1093 2232 1133 2251 zu
1152 2221 1229 2252 Hor.
1249 2221 1318 2252 Sat.
1346 2221 1367 2258 I,
1391 2220 1421 2260 3,
1442 2221 1502 2252 44:

840 2267 956 2297 strabo
972 2265 1094 2297 dictim·
1109 2267 1166 2308 qm*
1179 2269 1229 2297 est
1237 2266 1381 2297 detortis
1390 2265 1503 2308 oculis,

836 2314 959 2353 paetus
975 2314 1104 2351 autem,
1123 2313 1179 2353 qui
1195 2314 1247 2342 est
1265 2311 1367 2342 oculis
1383 2310 1503 2342 leniter

839 2356 1028 2397 declinatis,
1062 2358 1179 2398 cuique
1210 2356 1273 2387 leuc
1300 2359 1400 2398 atque
1427 2356 1504 2387 illuc

839 2401 993 2433 celeriter
1032 2401 1218 2433 volvuntur.
1253 2419 1295 2422 -—
1341 2401 1396 2432 Bei
1431 2402 1503 2432 dem

838 2445 916 2486 solg.
935 2457 1019 2488 qaae
1042 2450 1124 2478 sant
1139 2448 1171 2477 1'11
1187 2447 1281 2477 nobis
1298 2446 1431 2476 werden
1450 2446 1503 2476 die

838 2491 938 2522 durch
957 2492 1008 2522 die
1026 2493 1362 2532 vorhergegangenen
1381 2489 1503 2521 VVorte

838 2536 1072 2568 bezeichneten
1104 2535 1358 2577 Eigenschaften
1396 2536 1500 2576 (vitia)

837 2583 1049 2613 verstanden.
1083 2581 1159 2622 Vgl.
1179 2580 1214 2622 ΙΙ,
1234 2580 1262 2623 S,
1281 2581 1333 2612 21.
