1684 2819
99 496 140 528 85

100 941 142 973 86

172 164 254 204 234
641 162 697 195 DE
722 162 904 197 NATURA
930 163 1113 197 DEORUM

171 265 343 316 Iuppiter
365 264 522 303 fulmine
543 263 754 314 percussit,
782 276 856 303 nec
875 264 1124 316 Aesculapius
1149 266 1293 305 misero
1321 267 1580 317 diuturnoque

171 320 311 360 morbo
334 321 593 359 tabescentem
620 319 831 366 interemit,
863 325 975 371 atque
1002 320 1042 359 in
1071 333 1142 360 suo
1168 322 1305 362 lectulo
1335 329 1513 362 mortuus
1544 328 1581 361 et

171 376 383 427 impunitus
404 388 500 426 rogo
528 376 655 415 illatus
685 381 760 422 est,
792 388 952 427 eamque
980 382 1374 430 potestatium-quam
1401 380 1484 431 ipse
1512 391 1581 430 per

172 433 295 471 scelus
317 436 398 470 erat
418 438 565 480 nactus,
589 432 698 483 quasi
719 432 859 471 iustam
880 438 916 471 et
936 432 1142 483 legitimam
1160 434 1378 474 hereditatis
1396 436 1483 475 loco
1502 435 1578 473 lilio

173 487 335 526 tradidit.
377 488 496 527 Invita
517 488 556 527 in
578 489 655 527 hoc
675 488 761 527 loco
783 494 958 527 versatur
980 489 1122 528 oratio:
1152 490 1300 529 videtur
1321 491 1422 530 enim
1445 498 1580 531 aucto-

169 544 320 583 ritatem
342 544 477 583 ass'erre
499 544 701 595 peccandi3
732 550 769 583 et
789 550 891 583 recte
912 545 1122 592 videretur,
1144 546 1218 585 nisi
1241 552 1276 585 et
1297 547 1445 586 virtutis
1468 553 1504 586 et
1524 548 1580 585 vi-

171 600 313 639 tiorum
336 601 419 639 sine
440 601 514 639 ulla
536 601 662 640 divina
688 601 838 640 ratione
869 614 980 652 grave
1002 601 1125 652 ipsius
1149 602 1403 641 conscientiae
1424 604 1579 654 pondus

170 662 288 702 esset,
318 669 391 707 qua
419 657 567 696 sublata
595 658 717 696 iacent
745 658 888 696 onmia.
932 658 982 696 Ut
1007 658 1109 696 enim
1136 670 1208 697 nec
1229 659 1370 698 (lomus
1399 670 1470 698 nec
1496 672 1580 698 res-

169 712 320 763 publica
347 713 497 752 ratione
519 714 684 764 quadam
705 720 741 752 et
763 714 964 765 disciplina
987 714 1181 764 designata
1202 715 1390 762 videatur,
1421 715 1453 754 si
1480 715 1520 753 in
1540 729 1582 754 ca

169 780 239 807 nec
259 774 361 807 recte
388 770 496 808 sactis
524 770 695 820 praemia
721 776 871 809 exstent
898 771 972 809 ulla
1000 783 1071 809 nec
1103 772 1288 822 supplicia
1316 771 1500 823 peccatis:
1529 771 1583 810 sic

168 825 303 864 mundi
326 826 451 864 divina
472 826 511 864 in
533 826 712 865 homines
743 827 959 866 moderatio
988 828 1162 878 profecto
1190 829 1291 867 nulla
1319 833 1392 875 est,
1424 828 1455 866 si
1477 828 1517 866 In
1539 840 1580 866 ea

169 880 379 920 discrimen
400 882 546 921 nullum
571 888 630 921 est
649 883 846 922 honorum
868 889 905 922 et
926 884 1129 922 malorum.

284 939 331 976 At
351 939 454 976 enim
476 939 628 977 minora
651 939 701 977 dii
722 939 930 990 negligunt,
952 952 1076 990 neque
1093 939 1233 989 agellos
1251 940 1493 990 singulorum
1510 951 1581 978 nec

171 993 342 1032 viticulas
361 1001 661 1045 persequuntur,
683 1008 764 1042 nec,
785 996 818 1033 si
835 996 954 1034 uredo
973 1001 1037 1033 aut
1054 996 1199 1045 grando
1218 996 1417 1046 quippiam
1435 997 1580 1040 nocuit,

170 1049 208 1087 id
229 1050 308 1088 Iovi
329 1051 711 1089 animadvertendum
734 1051 822 1098 l'uit;
850 1064 898 1090 no
925 1052 963 1089 in
990 1052 1119 1101 regnis
1142 1051 1298 1102 quidem
1320 1065 1428 1103 reges
1453 1052 1582 1090 omnia

170 1105 329 1145 minima
352 1113 505 1145 curant:
536 1107 590 1145 sic
611 1108 713 1145 enim
737 1107 881 1155 dicitis;
910 1108 1018 1158 quasi
1049 1120 1118 1157 ego
1141 1108 1267 1158 paullo
1289 1114 1375 1147 ante
1396 1108 1442 1147 de
1463 1108 1583 1147 fundo

92 1158 145 1197 36
170 1162 380 1201 Formiano
402 1163 443 1201 P.
461 1163 591 1202 Rutilii
619 1163 690 1202 sim
722 1170 901 1214 questus,
934 1176 1015 1202 non
1043 1164 1089 1202 de
1117 1164 1259 1202 amissa
1286 1165 1418 1204 salute.
1459 1165 1584 1215 Atque

170 1218 246 1257 hoc
267 1218 423 1268 quidem
447 1232 583 1258 omnes
605 1216 787 1258 mortales
811 1220 867 1259 sic
888 1220 1045 1266 liabent,
1077 1225 1251 1259 externas
1273 1220 1582 1263 commoditates,

170 1274 317 1321 vineta,
341 1280 506 1325 segetes,
529 1276 682 1323 oliveta.
706 1276 919 1315 ubertatem
942 1278 1097 1326 frugum
1119 1282 1155 1314 et
1175 1277 1391 1323 fructuum,
1425 1288 1582 1315 omnem

171 1330 334 1381 denique
357 1332 672 1371 commoditatem
702 1333 1078 1383 prosperitatemque
1105 1333 1200 1371 vitae
1222 1346 1242 1371 a
1266 1333 1337 1371 diis
1362 1346 1403 1371 sc
1425 1333 1583 1377 habere:

169 1386 347 1425 virtutem
373 1395 501 1426 autem
527 1400 642 1426 nemo
670 1401 855 1440 umquam
885 1395 1080 1439 acceptam
1103 1389 1176 1427 deo
1208 1389 1348 1428 retulit.
1391 1389 1582 1427 'Nimirum

216 1491 285 1530 35·
312 1498 365 1530 8-1.
391 1502 424 1530 et
446 1501 635 1543 z'mpzmz'tus
658 1511 744 1542 rogo
767 1501 840 1533 illa-

171 1546 225 1576 tus
243 1547 304 1575 est.
335 1544 445 1575 Sowie
465 1555 502 1575 er
520 1545 561 1576 in]
579 1545 689 1577 Leben
706 1548 839 1577 straflos

170 1589 268 1627 blieb,
287 1590 368 1620 auch
383 1589 452 1620 sein
464 1589 536 1621 Tod
550 1591 600 1621 als
616 1590 711 1621 keine
728 1591 840 1622 Strafe

915 1500 1030 1540 irgend
1040 1500 1166 1531 welche
1175 1500 1333 1540 giittlichc
1344 1500 1582 1539 Anordnung“;

914 1545 976 1577 wic
995 1545 1102 1585 gleich
1120 1550 1221 1576 unten
1240 1547 1371 1577 ratione
1387 1548 1421 1577 ct
1436 1545 1583 1589 discipli-

913 1601 967 1632 na,
987 1590 1198 1629 verniint'tige
1207 1590 1410 1631 Anordnung
1424 1591 1488 1621 und
1498 1590 1584 1622 Ver-

170 1635 358 1665 anzuselien
387 1645 474 1674 war,
509 1646 545 1666 so
575 1635 663 1667 blieb
693 1647 730 1667 cr
758 1637 840 1667 auch

169 1679 307 1710 straflos
325 1679 375 1710 his
395 1690 468 1710 zum
483 1680 771 1721 Scheiterhafflbn,
790 1681 840 1712 in—

170 1724 241 1755 dem
266 1724 380 1755 weder
404 1725 474 1756 scin
497 1725 674 1757 Leiclinam
699 1727 840 1766 gemiss-

170 1769 304 1800 handclt
331 1770 411 1800 noch
437 1770 498 1801 ihm
524 1771 576 1801 dic
594 1771 682 1802 Ehre
702 1772 761 1802 der
778 1772 840 1802 Be-

171 1818 323 1854 stattung
351 1820 487 1855 versagt
515 1816 646 1853 wurde,
675 1816 739 1847 wic
768 1826 841 1847 man

171 1863 266 1889 sonst
295 1859 382 1889 wohl
408 1859 619 1891 tei-brechei·
647 1862 729 1891 auch
761 1862 840 1892 nach

170 1904 242 1934 dein
261 1903 352 1934 Tode
379 1914 419 1934 zu
438 1904 562 1935 sti-ason
584 1907 715 1945 ptlegte.
752 1906 839 1937 Docli

171 1949 214 1979 ist
246 1949 433 1992 impunitus
468 1960 528 1980 nur
557 1950 752 1984 Coniectum
788 1951 840 1982 die

171 1993 308 2024 Hdsclir.
338 1993 447 2024 hieu-n
477 1996 508 2025 [n
539 1993 757 2037 Tympam'dis
787 2006 842 2029 νο-

167 2049 253 2079 gum
272 2039 352 2069 oder
369 2049 471 2079 rogo:
491 2040 556 2070 und
575 2050 610 2069 es
628 2040 672 2070 ist
690 2039 839 2082 iniiglie11,

170 2083 246 2114 dass
275 2082 459 2126 Tympam's
482 2084 541 2115 der
564 2084 666 2115 Name
691 2085 748 2115 des
775 2085 840 2116 Er-

170 2127 290 2159 bauers
315 2129 372 2159 des
403 2129 582 2160 kostbaren
608 2129 842 2161 Scheiterliau-

171 2172 243 2204 sens
269 2184 441 2213 gewesen‚
472 2173 532 2204 aus
552 2174 728 2212 welcllcm,
760 2176 840 2207 nach

170 2217 259 2249 alten
285 2218 509 2258 Zeugnissen‚
541 2219 635 2250 Dion.
661 2220 841 2251 verbrannt

170 2264 296 2294 wurde..
331 2263 374 2293 So
388 2263 622 2295 wolckeruh.
641 2264 723 2296 Mus.
745 2264 784 2295 N.
801 2265 839 2297 F.

171 2307 214 2339 vl
239 2319 267 2349 p.
287 2308 363 2339 399.
387 2327 431 2331 —
465 2308 530 2339 Das
556 2310 711 2349 vorlierg.
738 2313 840 2352 atque

170 2353 309 2384 vei-tritt
332 2354 384 2384 (lie
403 2353 509 2384 stelle
535 2354 628 2385 einer
652 2355 840 2387 adversati-

171 2408 234 2428 ven
260 2398 494 2438 Conjunction:
525 2399 587 2430 wie
613 2399 676 2439 ost,
706 2411 756 2430 uo
782 2401 840 2432 (las

171 2443 383 2474 x'erhiiltniss
399 2443 644 2475 derGedanken
656 2456 717 2475 von
734 2446 841 2477 selbst

171 2488 244 2519 klar
262 2488 320 2527 ist,
342 2489 414 2519 eine
433 2489 546 2520 blossc
565 2490 689 2531 Copula
709 2496 840 2530 gesetzt

170 2533 264 2564 wird.

216 2578 268 2609 δῖ).
283 2579 355 2609 sine
369 2579 435 2611 ulla
446 2579 556 2611 divina
569 2582 715 2612 ratione:
733 2583 838 2622 ⁷,ohne

914 1636 1063 1675 l'assung.
1081 1653 1126 1657 —
1144 1635 1213 1666 Den
1229 1635 1420 1674 Gedanken⁷
1440 1636 1516 1667 dass
1531 1635 1582 1666 die

916 1680 1051 1712 Stinnne
1075 1680 1133 1711 des
1152 1680 1344 1712 Gewisscns
1370 1680 1477 1711 selbst
1501 1680 1583 1711 eben

915 1726 1021 1756 nichts
1039 1725 1159 1757 anders
1183 1726 1231 1756 als
1250 1726 1323 1757 eine
1343 1725 1509 1765 XVirkung
1526 1726 1585 1756 der

915 1770 1028 1802 dt'w'na
1048 1773 1134 1802 ratio
1153 1771 1218 1811 sei,
1244 1771 1314 1802 hiilt
1331 1771 1389 1801 der
1408 1770 1582 1802 Akadenli-

914 1816 989 1856 ker,
1025 1816 1133 1846 seines
1168 1816 1389 1857 polemischen
1419 1814 1583 1846 Zweckes

914 1871 1046 1900 wegen,
1065 1860 1257 1891 absichtlich
1277 1860 1365 1899 l'ern,
1392 1871 1428 1891 so
1448 1862 1528 1891 nahe
1547 1870 1584 1890 er

914 1906 996 1935 auch
1016 1906 1096 1944 liegt
1114 1906 1178 1936 und
1198 1916 1234 1936 so
1253 1906 1360 1945 wenig
1376 1905 1428 1936 (lie
1449 1904 1583 1936 W'oise-

915 1960 974 1981 ren
999 1955 1097 1980 unter
1120 1950 1181 1980 den
1205 1950 1306 1981 Alten
1336 1950 1388 1980 ihu
1420 1950 1583 1981 verkannt

915 1994 1028 2025 haben.

959 2040 1066 2070 [aemil
1085 2041 1198 2071 omnia
1213 2055 1258 2065 =
1277 2042 1387 2071 onmia
1405 2043 1580 2071 corruunt.

915 2085 980 2116 Das
1000 2084 1173 2116 Gcwissen
1192 2085 1308 2122 allein,
1328 2085 1397 2116 will
1416 2086 1512 2116 Cotta
1531 2095 1583 2116 sa-

915 2140 994 2169 gon,
1017 2130 1109 2168 giebt
1133 2130 1204 2160 dem
1229 2129 1339 2161 Leben
1365 2131 1477 2161 seinen
1497 2130 1582 2171 fluit,

915 2175 1003 2206 nicht
1027 2175 1078 2206 dic
1109 2175 1267 2213 glittliehc
1293 2175 1580 2215 weltregierung.

915 2220 1006 2250 Denn
1035 2220 1108 2251 eine
1133 2220 1245 2251 solehe
1272 2221 1316 2251 ist
1334 2221 1422 2252 nicht
1439 2230 1581 2251 anzuer—

915 2265 1059 2304 konnen,
1091 2265 1129 2296 da
1153 2265 1216 2296 wir
1238 2266 1350 2297 wcder
1373 2265 1426 2296 (lie
1445 2265 1581 2305 Tugend

915 2310 1049 2342 belolint
1084 2311 1164 2341 noch
1198 2311 1256 2341 das
1288 2310 1409 2344 Laster
1440 2310 1582 2341 bestral't

914 2356 1026 2387 selien.
1061 2354 1173 2395 Gegen
1189 2356 1298 2387 dieses
1312 2356 1496 2395 Argument
1512 2355 1579 2395 vgl.

914 2411 944 2431 u.
975 2410 1003 2431 a.
1033 2400 1128 2432 Plato
1159 2400 1296 2442 Republ.
1327 2400 1370 2440 X,
1401 2400 1476 2431 (512.
1503 2400 1579 2438 013,

914 2445 1058 2487 Simplic.
1074 2456 1114 2476 zu
1129 2445 1261 2487 Epictet
1275 2457 1303 2488 p.
1315 2445 1378 2476 357
1395 2445 1580 2485 schweigh.

914 2491 976 2520 und
996 2491 1134 2521 Sallust.
1154 2491 1193 2521 de
1212 2491 1282 2522 deis
1301 2495 1334 2522 et
1353 2491 1459 2521 mund.
1478 2501 1504 2521 c.
1528 2490 1579 2522 19.

959 2528 1027 2567 36.
1046 2536 1098 2567 ⁸06.
1124 2537 1283 2567 virtulem
1297 2546 1393 2567 nemo
1410 2547 1497 2577 amq.
1512 2546 1579 2568 acc.

913 2580 973 2612 deo
987 2580 1112 2613 retulit.
1138 2581 1229 2612 Auch
1244 2581 1315 2613 hier
1328 2585 1402 2621 sagt
1416 2581 1476 2613 der
1489 2581 1580 2614 Aka-
