1684 2819
569 182 645 215 [ΑΒ.
663 182 700 215 Π.
739 182 831 215 CAP.
850 182 903 214 24.
923 182 974 214 25.

1389 182 1466 221 155

72 288 245 341 corporis
271 287 347 326 hoc
377 286 495 324 modo
525 290 814 336 comparantur,
850 283 973 323 valere
999 290 1042 323 ut
1075 283 1184 323 malis
1218 295 1334 335 quam
1363 283 1466 322 dives

71 357 172 384 esse:
200 356 286 383 eum
317 342 492 393 corporis
521 347 675 380 externa
696 342 771 380 hoc
799 341 936 387 modo,
965 340 1070 379 dives
1094 352 1179 379 esse
1199 340 1328 392 potius
1352 352 1465 391 quam

70 400 245 440 maximis
268 399 442 450 corporis
463 398 624 437 viribus:
646 398 729 449 ipsa
750 397 849 436 inter
871 410 911 435 se
933 397 1108 447 corporis
1131 396 1197 443 sic,
1218 405 1260 435 ut
1280 396 1380 435 hona
1401 409 1466 435 va-

67 457 196 496 letudo
218 455 401 506 voluptati
424 460 693 506 anteponatur,
714 454 813 492 vires
835 453 1031 492 celeritati:
1062 458 1306 492 externorum
1329 457 1466 500 autem,

68 518 110 553 ut
131 512 248 564 gloria
269 511 421 559 divitiis,
444 510 634 561 vectigalia
653 510 798 549 urbana
819 509 986 549 rusticis.
1024 509 1078 549 Ex
1102 522 1176 560 quo
1199 521 1337 560 genere
1359 522 1467 548 com-

68 569 280 622 parationis
303 568 392 607 illud
414 572 473 606 est
493 566 648 606 Catonis
670 566 792 605 senis:
828 580 848 605 a
871 578 946 617 quo
977 578 1065 605 cum
1087 571 1334 617 quaereretur
1362 566 1467 616 ,quid

68 626 235 665 maxime
261 624 299 663 in
328 636 369 663 re
396 623 567 663 familiari
597 623 828 674 expediret‘,
855 622 1073 673 respondit:
1108 622 1239 669 „Bene
1264 625 1466 672 pascere.“

70 681 181 730 ,Quid
206 678 462 720 secundum?‘
499 678 624 726 „Satis
641 679 741 717 bene
757 682 951 730 pascere.“
986 678 1097 725 ,Quid
1113 679 1268 717 tertium
1278 676 1311 715 Ὑί
1349 678 1469 724 „Male

68 741 264 790 pascere.“
306 736 420 784 ,Quid
441 740 617 787 quartum
629 733 661 773 ‘3‘
703 735 881 781 ‚,Arare.“
926 734 974 773 Et
1000 747 1087 773 cum
1115 735 1192 781 ille,
1222 734 1285 785 qui
1314 734 1468 785 quaesi-

69 800 161 841 erat,
184 793 358 832 dixisset:
388 792 507 839 ‚Quid
529 789 738 830 fenerari?‘
770 796 850 829 tum
874 789 984 829 Cato:
1015 791 1147 837 „Quid
1169 790 1385 837 hominem,
1407 790 1467 829 in-

68 851 164 901 quit,
186 846 416 888 occidere?“
457 848 513 886 Ex
534 859 610 898 quo
634 852 671 885 et
691 847 821 885 multis
845 846 926 885 aliis
948 846 1111 897 intellegi
1134 846 1243 885 dehet
1263 846 1467 885 utilitatum

69 905 379 957 comparationes
401 903 482 943 fieri
504 903 627 942 solere
647 908 824 954 recteque
845 903 921 941 hoc
936 901 1157 942 adiunctum
1179 915 1266 941 esse
1288 908 1468 953 quartum

67 962 390 1014 exquirendorum
409 959 624 999 officiorum
642 971 774 1010 genus.

113 1077 336 1107 eaeternormn
367 1075 492 1105 autem.
554 1072 613 1103 Die
646 1071 731 1104 Con-

68 1120 230 1152 struction
258 1119 303 1150 ist
332 1117 598 1158 anakoluthiseh,
626 1117 732 1148 indem

67 1176 140 1197 man
161 1175 220 1196 aus
237 1165 297 1196 lzoc
312 1163 411 1195 modo
429 1165 670 1205 comparantur
691 1172 732 1192 zu

68 1210 233 1250 erg'zinzen
256 1210 312 1240 hat
333 1209 413 1240 haec
436 1210 488 1239 est
515 1208 731 1250 comparatio.

68 1254 102 1286 S.
120 1265 138 1286 z
166 1265 192 1286 e.
212 1254 254 1285 24
272 1264 301 1285 z.
318 1256 358 1285 A.

112 1299 165 1331 89.
201 1298 379 1341 vectigalia
408 1299 556 1337 urbana,
588 1296 731 1328 Einnah-

66 1354 139 1376 men
186 1353 245 1376 aus
290 1343 531 1375 vermietheten
571 1342 731 1383 Hiiuoern,

67 1389 232 1421 Fabriken
250 1390 329 1421 oder
346 1387 634 1419 kaufmiinnischen
652 1386 733 1428 Spe-

67 1434 264 1474 culationen‚
282 1434 344 1464 wie
359 1433 406 1464 sie
420 1433 542 1464 damals
556 1433 636 1464 auch
645 1431 732 1463 Leu-

67 1484 100 1511 te
118 1489 176 1510 aus
202 1480 273 1510 dem
291 1478 523 1510 vornehmsten
543 1477 664 1508 Stande
683 1476 732 1507 of-

68 1523 120 1555 fen
147 1525 227 1555 oder
248 1528 347 1556 unter
365 1523 423 1554 der
440 1522 529 1553 Hand
554 1521 732 1553 betrieben.

69 1569 102 1601 S.
119 1580 147 1600 z.
162 1568 185 1608 l,
201 1568 254 1609 42,
276 1568 348 1600 151.
367 1567 452 1599 Plut.
467 1566 576 1598 Crass.
597 1566 626 1597 2.
650 1566 732 1608 Nep.

69 1614 172 1646 Attin.
190 1614 228 1645 14
246 1613 353 1645 nullos
367 1614 484 1644 habuit
499 1613 733 1644 hortos—ne-

70 1670 132 1701 que
153 1661 185 1690 in
204 1658 303 1690 ltalia
322 1660 460 1702 praeter
476 1659 678 1689 Arretinum
703 1659 736 1688 et

70 1705 318 1738 Nomentanum
355 1704 522 1737 rusticum
555 1701 735 1746 praede'um

806 959 963 1010 Reliqua
980 959 1159 1010 deinceps
1175 971 1465 1010 persequemur.

805 1074 976 1114 omnisque
989 1073 1061 1104 eius
1071 1072 1233 1116 pecuniae
1248 1070 1377 1103 reditus
1393 1081 1470 1103 con-

804 1119 918 1149 stabat
932 1118 965 1148 1'72
984 1116 1166 1161 Epiroticis
1187 1120 1220 1148 et
1236 1118 1373 1148 urbanis
1387 1127 1469 1160 pos-

804 1163 1018 1194 sessionibus.

848 1238 1005 1272 pascere:
1022 1227 1206 1259 Viehzueht
1222 1226 1363 1258 treiben.

852 1295 939 1335 Quid
951 1296 1109 1327 tertium?
1122 1294 1211 1326 Male
1221 1304 1372 1338 pascere.
1392 1294 1470 1326 Die-

806 1351 841 1372 se
859 1340 981 1372 VVorte
1004 1340 1112 1372 sehlen
1136 1340 1168 1371 in
1192 1340 1253 1371 den
1278 1339 1375 1371 Hdss.
1415 1339 1470 1371 Sie

804 1386 915 1417 lassen
940 1386 1008 1416 sich
1032 1385 1197 1425 ergiinzen
1220 1395 1278 1416 aus
1303 1384 1427 1416 Colum.
1446 1384 1468 1415 l.

804 1430 859 1462 Vl.
874 1430 986 1473 praef„
1004 1440 1055 1461 wo
1069 1430 1220 1461 dasselbe
1236 1430 1365 1461 erz'zihlt
1377 1430 1470 1471 wird,

804 1476 863 1507 mit
884 1476 956 1507 dem
978 1474 1138 1506 Zusatze:
1169 1478 1314 1507 ceterum
1339 1474 1379 1506 de
1402 1477 1471 1506 tam

805 1522 954 1563 sapiente
971 1523 1038 1552 vtro
1051 1521 1148 1563 piget
1160 1520 1276 1560 dicere,
1295 1520 1382 1562 quod
1394 1530 1470 1551 eum

806 1566 937 1607 quidem
958 1568 1113 1597 auctores
1131 1568 1334 1605 memor-unt,
1364 1565 1471 1596 eidem

806 1613 987 1652 quaerenti,
1002 1610 1159 1652 quidnam
1177 1612 1317 1642 ter-tium
1329 1611 1361 1641 ἡ]
1376 1612 1470 1652 agri-

807 1657 969 1689 colatione
986 1658 1227 1698 quaestuosum
1247 1658 1352 1693 esset,
1377 1666 1471 1687 asse-

808 1712 951 1743 verasse,
970 1702 1002 1732 si
1017 1703 1089 1743 quis
1107 1701 1157 1733 rel
1170 1700 1256 1732 «male
1269 1703 1434 1745 pasceret.

1497 515 1538 547 89

1498 968 1538 998 90
