1684 2819
577 185 654 218 LIB.
671 184 724 219 III.
761 185 853 218 CAP.
874 185 925 218 10.
946 185 997 218 11.
1018 184 1069 217 12.
1448 183 1529 223 203

135 292 172 331 id
194 296 317 330 autem
339 294 474 340 putare
494 300 727 339 quemquam
748 288 958 335 hominem,
979 287 1074 327 nihil
1093 286 1252 327 homine
1273 298 1359 325 esse
1378 285 1531 332 melius,

134 359 306 388 summae
335 345 575 396 arrogantiae
604 349 732 384 censet
761 358 856 384 esse.
900 345 956 383 Sit
977 356 1068 383 sane
1089 342 1320 394 arrogantis,
1346 341 1467 393 pluris
1489 353 1531 379 se

133 410 265 456 putare
294 415 408 453 quam
429 402 631 440 mundum.
673 402 721 439 At
742 401 832 440 illud
854 413 935 440 non
956 401 1073 439 modo
1094 412 1176 438 non
1197 398 1432 450 arrogantis,
1463 397 1530 436 sed

131 460 260 512 potius
282 458 494 510 prudentis,
516 458 732 509 intelligere,
756 470 797 497 se
819 458 958 496 habere
980 470 1138 496 sensum
1160 461 1197 495 et
1217 455 1417 501 rationem,
1439 454 1534 492 haee

132 517 264 556 eadem
287 516 473 554 Orionem
495 521 530 554 et
553 514 768 554 Caniculam
791 526 871 553 11011
893 514 1044 552 habere.
1080 514 1139 559 Et,
1162 515 1196 552 si
1215 513 1349 551 domus
1364 509 1534 563 pulchra

131 575 190 617 sit,
213 572 470 623 intelligamus
490 584 571 610 eam
589 572 763 617 donn'm's,
784 570 922 621 inquit,
947 569 1186 620 aedificatam
1203 581 1291 613 esse,
1313 580 1392 606 non
1407 568 1533 606 muri-

132 629 219 668 bus:
241 631 293 667 sic
314 631 430 679 igitur
452 628 635 666 nnmdwn
657 627 815 665 deorum
837 627 992 665 domum
1016 628 1236 665 existimare
1254 624 1440 664 debemus.
1480 623 1533 661 Ita

131 697 294 736 prorsus
317 684 586 729 existimarem,
608 683 640 721 si
661 683 766 721 illum
787 683 1027 722 aedificatum
1049 695 1146 729 esse,
1166 694 1258 729 11011,
1279 680 1533 732 quemadmo—

132 742 222 780 dum
253 740 464 786 doeeb0,·a
492 745 627 778 natura
656 739 941 777 conformatum
964 744 1151 789 putarem.
1194 738 1242 776 At
1262 737 1364 776 enim
1387 736 1534 788 quaerit
1561 739 1611 777 11

131 797 230 848 apud
248 797 546 846 Xenophontem
565 795 753 841 Socrates,
774 795 875 833 unde
896 795 1069 833 animuin
1086 794 1374 845 arripuerimus,
1397 793 1429 831 si
1446 793 1533 831 nul-
1560 800 1600 831 27

130 853 189 892 lus
220 852 331 890 suerit
357 852 397 889 in
419 852 577 889 munde.
618 851 666 889 Et
687 863 755 901 ego
778 863 937 901 quaero,
959 850 1059 889 1111110
1082 850 1313 895 orationem,
1336 849 1438 887 unde
1460 861 1533 886 nu-

131 920 280 955 meros,
310 908 410 946 unde
437 912 582 946 cantus.
624 907 704 945 Nisi
731 920 820 945 vero
849 906 953 958 loqui
975 907 1097 945 solem
1121 919 1209 945 eum
1229 906 1318 945 luna
1339 910 1534 956 putamus,

131 977 249 1016 quum
272 964 433 1015 propius
456 963 674 1010 accesserit,
697 968 760 1001 aut
782 964 829 1001 ad
850 963 1091 1002 harmoniam
1114 974 1248 1001 canere
1269 961 1471 1007 mundum,
1495 965 1535 998 ut

130 1021 368 1072 Pythagoras
390 1020 591 1058 existimat.
614 1020 775 1058 Naturae
798 1019 869 1058 ista
891 1025 993 1065 sunt,
1016 1019 1139 1065 Balbe,
1161 1024 1318 1057 naturae
1339 1029 1420 1055 11011
1441 1016 1533 1054 arti-

131 1077 262 1115 ficiose
283 1076 525 1122 ambulantis,
547 1081 588 1114 ut
611 1076 662 1114 ait
682 1077 798 1122 Zeno,
821 1076 924 1126 1111011
945 1076 1098 1126 quidem
1121 1075 1229 1126 quale
1251 1074 1309 1120 sit,
1331 1074 1406 1112 iam
1427 1073 1533 1111 vide-

131 1133 277 1179 bimus,
313 1133 379 1171 sed
408 1132 536 1171 onmia
566 1132 698 1170 cientis
727 1137 763 1170 et
790 1132 965 1182 agitantis
994 1131 1163 1169 motibus
1192 1136 1229 1169 et
1256 1129 1533 1168 mutationibus

132 1189 225 1228 suis.
266 1189 396 1240 Itaque
424 1189 482 1227 illa
510 1188 603 1226 1111111
632 1188 801 1238 placebat
823 1188 944 1226 oratio
968 1189 1013 1226 110
1035 1186 1297 1226 convenientia
1319 1197 1534 1224 consensu-

131 1259 204 1296 que
226 1251 398 1291 naturae,
422 1257 534 1295 quam
559 1244 669 1294 quasi
692 1244 921 1294 cognatione
943 1244 1161 1282 continuata
1185 1242 1410 1293 conspirare
1432 1241 1534 1279 diee-

130 1301 209 1340 bas.
256 1301 351 1340 Illud
379 1313 458 1339 non
487 1300 719 1351 probabam,
754 1301 857 1350 quod
887 1300 1054 1351 negabas
1084 1300 1122 1337 id
1149 1299 1319 1338 accidere
1347 1297 1533 1348 potuisse,

130 1358 205 1396 nisi
241 1370 282 1395 ea
318 1369 396 1395 uno
435 1357 562 1395 divino
600 1357 739 1407 spiritu
767 1357 1038 1395 contineretur.
1085 1356 1149 1394 Illa
1176 1367 1264 1393 vero
1295 1355 1473 1393 cohaeret
1500 1357 1537 1390 et

132 1418 332 1464 permanet
360 1419 516 1451 naturae
544 1413 706 1458 viribus,
736 1425 816 1450 non
845 1414 1025 1451 deorum:
1054 1417 1187 1462 estque
1209 1411 1247 1449 in
1269 1423 1311 1448 ea
1333 1410 1404 1447 iste
1427 1407 1535 1459 quasi

133 1481 366 1515 consensus,
394 1481 508 1519 quam
531 1464 818 1519 συμπάθειαν
840 1469 972 1507 Graeci
1001 1474 1152 1506 vocant:
1182 1467 1248 1505 sed
1277 1479 1336 1512 ea,
1367 1478 1443 1516 quo
1465 1477 1536 1503 sua

133 1530 271 1575 sponte
299 1524 422 1563 maior
448 1530 521 1569 051,
548 1538 592 1563 eo
616 1525 745 1562 minus
770 1524 894 1563 divina
915 1524 1063 1563 ratione
1084 1523 1163 1561 lieri
1188 1522 1441 1561 existimanda
1463 1526 1532 1559 051.

1565 1193 1606 1225 28

133 1582 198 1619 Ι113
219 1586 355 1625 31110111,
378 1593 473 1630 quae
494 1580 705 1618 Carneades
728 1581 919 1626 afferebat,
943 1579 1269 1631 quemadmodum
1292 1575 1532 1616 dissolvitis?
1561 1578 1612 1617 12

134 1637 172 1675 Si
200 1637 346 1675 nullum
376 1649 517 1687 corpus
548 1636 763 1674 immortale
791 1636 856 1682 sit,
886 1637 1032 1674 nullum
1059 1648 1144 1673 esse
1166 1647 1308 1685 corpus
1331 1633 1535 1684 sempiter-
1564 1638 1607 1670 29

181 1743 247 1781 11·
270 1750 319 1779 At
331 1750 417 1779 enine
432 1748 563 1790 qaaerit
577 1765 613 1769 —
629 1745 799 1778 Socrates:
870 1749 932 1778 cit:
966 1757 1025 1778 nee
1053 1749 1140 1778 enim
1162 1746 1293 1776 silentio
1317 1746 1404 1776 tanti
1424 1747 1537 1775 motas

135 1794 167 1825 s.
186 1793 223 1834 11,
243 1794 272 1831 a,
295 1793 344 1823 17.

180 1838 233 1869 27.
260 1838 303 1869 Et
320 1848 380 1879 ego
399 1847 540 1879 quaero,
566 1836 653 1868 unde
672 1838 798 1868 oratio-

132 1894 209 1915 nem
233 1902 292 1913 —.
335 1882 404 1913 Zur
428 1882 662 1921 Beuvtheilung
691 1881 799 1912 dieses

134 1928 332 1959 Einwandes
365 1927 488 1967 geniigt
521 1936 556 1957 es
586 1925 645 1956 auf
670 1926 727 1956 (las
758 1936 799 1956 zu

135 1984 161 2004 c.
181 1973 211 2011 11,
232 1972 272 2003 23
293 1970 435 2012 Gesagte
455 1982 495 2002 zu
512 1971 710 2001 verweisen.

179 2017 223 2048 ad
245 2018 454 2048 harmoniam
481 2026 600 2047 cane-re
622 2015 796 2047 mundam.

135 2062 193 2093 Die
207 2061 487 2104 Pythagoreische
503 2060 640 2091 Ansicht
658 2070 720 2090 von
741 2061 800 2091 der

133 2107 307 2138 Harmonie
341 2107 399 2137 1101·
428 2106 576 2147 Sphiiren
608 2104 691 2136 wird
725 2115 799 2135 vom

136 2151 233 2182 Cotta
273 2150 439 2192 spasshaft
483 2150 667 2181 travestirt.
715 2149 799 2180 NVas

135 2196 342 2238 Pythagoras
372 2196 509 2233 meinte,
540 2195 625 2225 kann
655 2204 727 2224 inan
758 2194 800 2224 1111

136 2240 246 2271 Somn.
277 2240 362 2281 Scip.
387 2250 413 2270 c.
438 2240 455 2270 5
487 2239 592 2270 lesen:
627 2238 709 2277 Qm's
738 2239 801 2279 llic,

133 2288 278 2327 inquam,
303 2286 377 2326 qm's
402 2287 453 2315 est
469 2285 526 2325 qai
542 2284 684 2325 complet
699 2293 800 2315 aures

135 2341 228 2361 meas
252 2332 368 2361 tantus
398 2332 430 2360 et
453 2332 521 2359 {mn
545 2328 650 2360 dulcis
673 2329 800 2359 sonus?

136 2375 194 2406 Hic
216 2377 276 2414 est,
306 2376 416 2416 inquit
435 2374 504 2414 ille,
534 2374 592 2415 (μα’
618 2373 801 2404 intervallis

138 2421 332 2451 coniunctus
361 2420 566 2462 imparibus,
601 2418 662 2449 Sed
692 2421 800 2448 tamen

135 2474 198 2506 pro
209 2467 285 2495 rata
296 2465 451 2506 portione
458 2463 638 2503 distinctis,
653 2463 802 2505 impulsu

140 2511 173 2539 et
187 2511 280 2539 motu
297 2511 449 2551 ipsorum
466 2509 598 2539 orbimn
615 2508 801 2550 conficitur,

141 2555 173 2583 et
199 2556 295 2584 acuta
320 2563 394 2584 cam
418 2554 581 2594 gravibus
610 2555 801 2595 temperans

142 2598 252 2628 varios
277 2598 492 2639 aequabiliter
520 2600 699 2629 concentus
725 2597 802 2639 effi-

871 1793 1006 1823 incitari
1019 1793 1181 1835 possunt,
1201 1793 1233 1821 et
1249 1793 1374 1821 natura
1386 1790 1481 1831 sert,
1502 1791 1539 1820 ut

872 1840 1028 1868 eoetrema
1052 1847 1097 1867 em
1118 1836 1226 1866 altera
1248 1837 1346 1877 parte
1371 1836 1536 1875 graviter,

872 1893 917 1913 ea:
933 1881 1040 1912 altera
1056 1883 1170 1912 autem
1188 1882 1284 1911 acute
1300 1882 1430 1910 sonent.

916 1937 980 1957 non
1000 1926 1182 1968 artificiose
1199 1925 1413 1956 ambulantis.
1448 1923 1480 1954 S.
1500 1922 1536 1963 Il,

874 1971 926 2009 22,
950 1971 1003 2001 57.

918 2016 971 2046 25.
1000 2017 1097 2056 qnasi
1114 2016 1314 2056 cognatione
1331 2015 1535 2045 continuata.

873 2060 905 2091 S.
925 2059 962 2099 11,
983 2061 1012 2099 7,
1033 2060 1083 2090 19.

918 2115 1116 2141 consensus,
1158 2114 1258 2145 qaam
1297 2099 1539 2146 συμπάθειαν

875 2148 929 2181 Gr.
949 2159 1018 2180 voc,
1052 2149 1126 2188 Vgl.
1146 2149 1184 2179 de
1203 2149 1276 2179 Div.
1294 2147 1332 2188 ll,
1350 2148 1399 2186 14,
1417 2147 1475 2177 34:
1495 2158 1540 2178 oa:

873 2195 1104 2225 coniunctione
1126 2195 1270 2224 naturae
1294 2195 1327 2223 et
1349 2194 1447 2233 qnasi
1461 2202 1538 2223 oon-

873 2241 969 2270 centa
979 2241 1077 2279 atque
1091 2248 1264 2278 consensu,
1278 2247 1377 2278 qnam
1391 2233 1539 2280 συμπά-

874 2287 982 2314 θειαν
1002 2282 1119 2315 Graeci
1133 2282 1308 2325 appellant.

922 2322 987 2359 12.
1020 2327 1072 2358 29.
1104 2338 1187 2368 qnae
1206 2326 1395 2358 Carneades
1415 2328 1539 2367 affere-

875 2375 940 2404 bat.
975 2373 1007 2403 S.
1035 2383 1075 2402 zu
1098 2371 1168 2413 1‚2‚
1190 2372 1218 2402 4.
1253 2372 1369 2410 Einige
1394 2372 1453 2402 dei·
1476 2370 1540 2401 l'ol-

874 2418 1000 2458 genden
1025 2416 1340 2457 Argumentationen
1375 2416 1432 2446 des
1462 2415 1542 2446 Car-

876 2463 1007 2501 neades,
1024 2472 1083 2493 aus
1099 2462 1216 2492 dessen
1231 2472 1294 2492 von
1310 2461 1422 2491 seinen
1437 2459 1541 2491 801111-

876 2507 965 2547 lern,
996 2506 1192 2538 namentlich
1221 2517 1295 2537 voni
1320 2505 1540 2536 Clitomachus

876 2552 1020 2583 bekannt
1038 2551 1227 2591 geinachten
1246 2550 1434 2590 Vortr‘zigen
1452 2550 1542 2590 giebt

876 2597 957 2628 auch
975 2597 1069 2628 Sext.
1090 2596 1180 2637 Emp.
1199 2595 1254 2635 lX,
1277 2595 1336 2626 138
1352 2595 1385 2626 ff.
