1684 2819
194 157 270 197 198
658 152 1109 201 L113ER1V.29‚52.6'3.

125 279 166 312 62
188 273 382 323 medendi,
409 281 449 313 ut
470 273 579 322 nihil,
605 274 718 326 quale
740 274 791 313 sit
810 274 921 323 illud,
947 276 1047 328 quod
1069 275 1268 330 perturbet
1290 274 1486 322 animum,
1511 272 1579 314 sed

189 331 235 370 de
256 330 338 384 ipsa
360 330 409 371 sit
430 329 724 384 perturbatione
746 330 962 371 dicendum.
1006 332 1137 385 Itaque
1159 333 1322 386 primum
1345 332 1386 371 in
1406 330 1489 384 ipsa
1511 344 1578 370 eu-

189 386 370 441 piditate,
404 399 518 438 quum
549 386 585 426 id
608 386 731 427 solum
755 387 882 440 agitur
896 417 906 436 ,
938 394 978 427 ut
999 401 1045 428 ea
1067 389 1224 429 tollatur
1239 420 1248 438 ‚
1269 391 1358 428 *non
1381 395 1440 428 est
1461 399 1577 440 quae-

188 443 374 490 rendum,
409 441 551 482 bonum
582 442 677 484 illud
707 457 829 484 necne
851 443 924 492 sit,
960 445 1058 497 quod
1082 445 1277 485 libidinem
1300 451 1475 493 moveat,
1511 444 1578 483 sed

188 499 305 539 libido
335 498 418 552 ipsa
449 500 620 541 tollenda
648 508 731 550 est,
765 509 829 549 ut,
862 500 969 549 sive,
1004 502 1104 554 quod
1126 501 1329 542 honestum
1351 509 1435 550 est,
1469 500 1506 540 id
1529 500 1579 540 sit

187 569 378 596 summum
408 555 575 606 bonum,
611 556 696 598 sive
727 558 930 611 voluptas,
972 558 1056 598 sive
1089 558 1224 597 horum
1255 565 1459 610 utrumque
1489 571 1579 597 con-

186 611 382 661 iunctum,
416 613 499 654 sive
522 614 594 654 tria
612 614 677 654 illa
697 628 841 668 genera
863 615 1054 655 bonorum
1070 646 1079 664 ,
1111 621 1239 654 tamen
1254 643 1265 663 ,
1296 613 1410 654 etiam
1440 614 1473 654 si
1498 613 1580 654 vir-

185 669 276 710 tutis
299 669 421 724 ipsius
447 670 718 711 vehementior
748 672 940 726 appetitus
970 672 1043 721 sit,
1077 672 1211 711 eadem
1242 669 1293 710 sit
1324 669 1502 710 omnibus
1532 670 1580 710 ad

186 725 459 767 deterrendum
482 728 696 769 adhibenda
719 729 858 769 oratio.
886 728 1073 769 Continet
1093 735 1220 769 autem
1240 741 1391 767 omnem
1409 725 1580 767 sedatio-

185 795 274 822 nem
295 784 411 824 animi
435 784 602 826 humana
623 785 662 825 in
686 793 892 840 conspeetu
915 785 1041 839 posita
1062 793 1226 834 natura,
1259 797 1355 837 quae
1387 798 1461 836 quo
1483 783 1579 823 faci-

184 838 258 879 lius
281 853 471 894 expressa
492 850 691 892 cernatur,
717 843 948 897 explicanda
971 849 1030 882 est
1051 843 1228 883 oratione
1246 840 1462 881 communis
1486 854 1578 880 con-

122 902 163 934 63
187 896 286 936 dicio
316 897 458 951 lexque
488 899 606 939 vitae.
662 900 791 953 Itaque
829 914 906 940 non
937 900 1022 940 sine
1053 913 1216 948 caussa,
1249 912 1365 952 quum
1399 899 1578 938 Orestem

185 953 351 994 fabulam
374 956 532 996 doceret
552 956 759 1011 Euripides
774 988 784 1007 ‚
819 957 962 1010 primos
994 957 1066 996 tris
1089 969 1228 996 versus
1250 968 1461 995 revocasse
1484 954 1577 994 dici-

183 1016 247 1049 tur
268 1010 473 1051 Socrates:

352 1083 496 1140 Neque
517 1084 597 1125 tsim
621 1086 818 1126 terribilis
840 1087 1073 1139 zillafanclo
1097 1084 1227 1126 orcitz'o
1252 1093 1312 1126 est

353 1140 443 1181 Nec
462 1141 554 1182 scir-s·
575 1157 648 1183 nec
669 1145 736 1183 ira
757 1143 943 1183 eoe'litum
966 1143 1164 1183 invecteim
1192 1143 1358 1191 malum,

356 1199 475 1251 Quod
493 1198 572 1239 ηόη
594 1207 749 1240 natura
771 1198 946 1240 lzmmino
961 1200 1157 1254 patiendo
1180 1198 1346 1252 efferat.

183 1276 252 1317 Est
273 1283 400 1317 autem
425 1277 530 1318 utilis
553 1279 598 1318 ad
627 1279 935 1333 persuadendum
950 1310 959 1328 ,
993 1293 1037 1319 ea
1053 1311 1062 1328 ‚
1096 1293 1193 1332 quae
1216 1278 1450 1325 acciderint,
1483 1276 1578 1318 ferri

185 1340 223 1373 et
245 1347 357 1387 posse
390 1341 429 1375 et
460 1342 665 1389 oportere,
698 1337 939 1377 enumeratio
973 1349 1130 1386 eorum,
1166 1336 1228 1389 qui
1260 1335 1448 1375 tulerunt.
1493 1333 1578 1374 Etsi

188 1391 527 1442 aegritudinis
558 1393 708 1433 sedatio
741 1400 779 1433 et
808 1393 992 1434 hesterna
1019 1392 1281 1447 disputatione
1303 1392 1497 1446 explicata
1520 1398 1580 1431 est

185 1453 222 1487 et
242 1446 282 1486 in
307 1446 596 1491 Consolationis
618 1450 740 1499 libro,
774 1464 885 1504 quem
920 1450 958 1490 in
982 1450 1108 1490 medio
1131 1452 1230 1504 (non
1253 1449 1355 1488 enim
1377 1447 1576 1502 sapientes

182 1510 355 1557 eramus)
377 1518 555 1545 maerore
572 1514 611 1546 et
627 1507 760 1547 dolore
778 1507 1106 1561 conscripsimus3
1131 1506 1309 1560 quodque
1330 1512 1434 1546 vetat
1450 1504 1575 1559 Chry—

182 1560 313 1615 sippus
329 1592 339 1612 ,
373 1561 421 1601 ad
450 1569 632 1602 recentes
663 1565 769 1616 quasi
805 1571 978 1605 tumores
1001 1564 1119 1604 animi
1140 1562 1352 1604 remedium
1375 1561 1574 1612 adhibere,

223 1697 294 1735 29.
323 1700 378 1731 62.
409 1702 480 1731 trt’a
506 1700 566 1733 illa
591 1711 723 1744 genera
742 1702 846 1733 bono-

912 1703 1072 1745 tragen“.
1101 1703 1172 1734 also
1197 1702 1432 1744 :per-ferre,
1463 1711 1525 1732 nur
1543 1700 1575 1731 iu

180 1755 282 1776 rum:
312 1745 364 1776 die
393 1743 499 1777 Giiter
527 1746 583 1778 des
609 1746 760 1787 Geistes,
790 1747 843 1778 die

914 1748 973 1779 der
990 1739 1261 1780 vox-lilassischen
1280 1746 1410 1780 Poesie.

181 1791 240 1822 des
257 1789 404 1832 Hiirpers
428 1792 491 1822 und
512 1792 565 1824 die
584 1792 845 1831 iiusserenssder

182 1835 427 1876 Gliieksgiiter3
453 1847 480 1868 s.
500 1837 541 1869 V.
562 1839 614 1878 30,
636 1838 691 1869 85.

227 1892 273 1924 ad
289 1892 547 1933 deterrendum,
565 1894 662 1925 niiml.
676 1905 739 1925 von
757 1895 841 1934 dem,

180 1948 249 1970 was
287 1938 347 1970 das
381 1936 519 1970 Gemiith
555 1939 842 1972 leidensehaftlioh

181 1989 305 2025 erregt.

227 2040 423 2072 adhibenda
446 2043 576 2078 oratio,
603 2051 630 2072 s.
651 2051 691 2072 zn
712 2041 765 2078 27,
788 2042 841 2073 59.

226 2097 282 2129 63.
307 2100 445 2139 primos
473 2100 539 2129 tris
558 2107 690 2130 versus.
726 2098 842 2141 Eurip.

183 2142 294 2175 Orest.
319 2143 391 2174 1——
405 2144 443 2175 3:
662 2179 676 2185 „

186 2185 258 2221 Οὐκ
277 2187 376 2220 ἔστιν
393 2185 498 2222 οὐδὲν
512 2186 631 2222 δεινὸν
649 2186 709 2221 ὧδ’
728 2190 844 2222 εἰπεῖν

503 2234 588 2272 ἔπος

183 2276 264 2311 οὐδὲ
292 2277 413 2317 πάθος
446 2277 527 2313 οὐδὲ
555 2280 723 2325 ξυμφορὰ
758 2279 845 2322 35:75-

190 2360 205 2377 ἶ
270 2368 277 2378 ,
328 2366 342 2377 ,
388 2367 405 2377 „
485 2328 616 2379 chrog,
655 2369 662 2379 ,
763 2337 770 2379 2

183 2383 223 2412 ης
240 2383 303 2403 ουκ
321 2382 365 2404 αι’
383 2384 485 2416 ιιροιτ
512 2377 626 2415 alnos*
644 2377 846 2417 ανθρωπου

503 2415 626 2461 ιμίσις.

227 2485 424 2507 revocasse:
442 2476 510 2515 „da
524 2486 602 2517 capo
618 2476 769 2517 verlangt
788 2478 846 2509 ha-

183 2519 286 2552 ben“.
322 2520 553 2562 (Gewijhnlich
581 2522 621 2553 ist
646 2523 704 2553 der
721 2522 845 2555 schau-

184 2566 305 2608 spieler
322 2567 462 2609 Object3
490 2578 524 2599 so
544 2578 573 2609 p.
596 2566 696 2599 Areb.
718 2568 747 2607 S,
774 2569 842 2610 18.)

228 2614 356 2654 efferat
384 2618 588 2654 „ausu-agen
616 2628 652 2639 =
685 2624 725 2644 zu
753 2614 841 2646 Eude

958 1805 1050 1844 Etsi,
1072 1806 1142 1838 hier
1159 1806 1209 1837 als
1228 1805 1349 1847 partic.
1370 1808 1511 1836 correct.
1534 1814 1575 1835 an

915 1849 975 1881 den
988 1851 1211 1890 vorigenSatz
1227 1850 1294 1882 sich
1311 1849 1575 1881 anschliessend.

913 1895 977 1926 wie
1011 1895 1051 1926 V.
1088 1896 1147 1933 13,
1164 1898 1226 1935 353
1266 1896 1317 1933 19,
1343 1897 1403 1935 553
1440 1895 1494 1929 20.
1519 1895 1575 1926 58.

915 1939 1170 1972 Gewijhnlichor
1197 1942 1228 1971 in
1256 1941 1378 1972 diesem
1406 1939 1506 1972 Sinne
1535 1941 1575 1972 ist

914 1996 1143 2028 quamquam.

958 2045 990 2073 in
1014 2043 1273 2075 Consolationis
1300 2043 1399 2083 libr-0,
1431 2054 1457 2075 s.
1485 2053 1526 2074 zu
1547 2042 1571 2074 1.

914 2088 1044 2127 2o‚.‹35.

962 2146 1191 2189 Chrysippum
1245 2144 1353 2178 [eber
1382 2157 1409 2178 s.
1438 2146 1574 2179 Ansicht

915 2190 1057 2223 dai-iiber
1093 2192 1157 2223 und
1192 2191 1274 2223 iiber
1307 2193 1368 2224 den
1401 2191 1574 2224 Ausdruck

913 2240 1070 2268 tumores
1087 2240 1198 2269 am'me'
1213 2248 1239 2269 s.
1262 2237 1318 2269 ΙΙΙ.
1340 2238 1395 2278 31,
1411 2238 1464 2269 ῖῦ.
1484 2237 1571 2269 Pliu.

914 2293 965 2324 ep.
982 2281 1022 2313 V.
1046 2283 1103 2313 16:
1135 2283 1180 2315 Ut
1198 2284 1344 2315 crudum
1363 2283 1478 2316 adhuc
1502 2284 1574 2314 vvl-

912 2339 978 2359 nus
1012 2328 1223 2360 medentium
1256 2340 1380 2361 manus
1410 2329 1574 2371 reformi-

915 2374 988 2413 dat,
1018 2374 1139 2406 deinde
1165 2377 1310 2417 patitur
1335 2378 1442 2416 alque
1473 2374 1573 2405 ultro

916 2422 1083 2462 requirit„
1111 2422 1161 2451 sic
1188 2431 1303 2452 recens
1331 2422 1443 2451 animi
1471 2420 1574 2452 dolor

915 2466 1171 2497 consolationes
1206 2468 1319 2497 reiicit
1352 2477 1392 2497 ac
1422 2466 1570 2507 refugit,
1595 2473 1602 2481 “

914 2522 999 2543 mom
1029 2511 1208 2543 desider-at·
1240 2516 1276 2543 et
1299 2511 1486 2543 clementer
1511 2512 1573 2543 ad-

915 2559 1022 2589 motis
1048 2559 1249 2599 acquiescit.

959 2617 1063 2656 quasi
1094 2617 1247 2646 tumores
1274 2616 1393 2645 animi.
1422 2613 1498 2646 wir
1522 2624 1573 2646 sa—
