1684 2819
509 147 671 180 Lissnss
695 147 753 180 111.
783 148 838 189 27,
860 150 914 180 66.
950 148 1006 189 28,
1027 149 1082 180 67.

1429 149 1503 187 151

98 271 139 303 ut
161 264 259 317 apud
287 263 497 302 Homerum
520 261 772 314 quotidianae
794 275 909 303 neces
931 263 1191 316 interitusque
1212 263 1423 302 multorum
1446 276 1509 302 se—

98 320 292 360 dationem
319 318 517 359 maerendi
540 318 722 367 afferunt,
749 320 846 373 apud
871 333 982 372 quem
1004 320 1059 359 ita
1081 319 1243 359 dicitur:

208 375 400 430 Namque
422 377 540 415 727'7777'3
561 375 707 415 multos
729 385 851 430 atque
875 378 986 416 omm'
1012 377 1098 416 lace
1130 376 1318 416 radentes

213 430 443 479 087777777773,
468 438 515 471 ut
534 445 648 471 7767710
665 435 804 486 possset
822 447 1010 473 7777167078
1030 447 1155 473 zat-ar
1158 448 1191 472 a.

213 488 299 540 Quo
323 502 421 542 mag
425 502 459 526 IS
482 496 541 527 est
563 502 733 542 aequam
759 490 928 528 tumulaes
949 489 1146 529 mandare
1163 503 1242 543 per
1245 494 1401 543 emptos

209 545 348 584 Firmo
371 559 504 583 (77777770
529 552 568 584 et
587 545 738 584 luctum
761 545 851 585 laer
854 545 1086 597 ind-§finire
1108 546 1286 585 717”7ι7·777’..ς

97 601 202 654 Ergo
234 601 273 640 in
306 607 503 654 potestate
536 607 595 641 est
626 600 795 640 abiicere
827 601 1022 649 dolorem,

98 657 353 697 servientem.
390 657 451 696 An
475 664 535 696 est
557 657 675 696 ullum
698 663 849 710 tempus
873 657 1073 709 (quoniam
1097 657 1248 709 quidem
1272 670 1337 695 res
1367 656 1406 695 in
1436 670 1507 696 no-

97 721 178 754 stra
216 721 405 767 potestate
447 717 550 764 est),
596 713 657 752 eui
685 727 762 752 non
798 713 998 766 ponendae
1031 726 1148 753 curae
1182 720 1220 752 et
1251 713 1507 765 aegritudinis

98 784 235 820 caussa
266 770 516 809 serviamus?
547 769 761 809 Constabat
790 782 873 818 eos,
901 770 964 821 qui
988 770 1253 809 concidentem
1277 769 1507 808 vulneribus

96 827 171 866 Cn.
197 826 419 879 Pompeium
441 825 649 874 vidissent,
682 839 796 878 quum
819 825 857 865 in
882 825 948 865 illo
971 825 1055 879 ipso
1078 825 1332 865 acerbissimo
1365 825 1506 864 miser-

97 884 273 935 rimoque
302 882 526 935 spectaculo
550 881 623 921 sibi
654 882 855 931 timerent,
880 883 981 935 quod
1005 896 1045 922 se
1069 883 1195 923 classe
1226 881 1394 921 hostium
1430 881 1507 920 cir-

96 939 293 978 cumfusos
315 938 510 987 viderent,
536 938 631 977 nihil
654 938 758 978 aliud
786 945 865 978 tum
890 939 1033 992 egisse,
1060 940 1135 979 nisi
1159 945 1201 978 ut
1222 938 1394 991 remiges
1417 938 1507 977 hor—

96 1002 277 1035 tarentur
298 1001 337 1035 et
359 1002 400 1034 ut
422 995 588 1035 salutem
609 995 927 1047 adipiscerentur
947 997 1058 1049 suga3
1085 1002 1339 1049 posteaquam
1360 994 1508 1048 Tyrum

96 1053 317 1101 venissent,
350 1058 431 1092 tum
465 1051 639 1091 afflictari
673 1052 955 1105 lamentarique
988 1053 1181 1106 coepisse.

1223 1052 1359 1091 Timor
1387 1051 1508 1103 igitur

98 1109 144 1148 ab
166 1109 214 1148 iis
237 1109 523 1162 aegritudinem
552 1109 676 1162 potuit
707 1109 916 1162 repellere,
949 1109 1050 1149 ratio
1074 1124 1094 1149 a
1117 1108 1283 1163 sapienti
1306 1107 1395 1148 viro
1426 1121 1507 1146 non

97 1165 271 1219 poterit?

211 1221 309 1272 Quid
333 1228 393 1262 est
415 1229 566 1271 autem,

603 1223 702 1274 quod
737 1222 822 1275 plus
843 1223 976 1262 valeat
997 1223 1042 1262 ad
1069 1222 1287 1276 ponendum
1310 1220 1500 1268 dolorem,
1521 1218 1579 1263 28

98 1292 210 1330 quam
243 1292 360 1331 quum
391 1286 451 1317 est
479 1278 736 1328 intellectum,
772 1279 870 1318 nihil
892 1279 1023 1332 profici
1057 1286 1095 1319 et
1125 1279 1271 1318 frustra
1301 1290 1390 1318 esse
1419 1290 1506 1316 sus-

97 1336 281 1388 ceptum?
313 1334 352 1374 Si
374 1335 498 1388 igitur
521 1335 660 1389 deponi
684 1343 826 1388 potest,
854 1336 967 1376 etiam
993 1350 1070 1375 non
1093 1334 1239 1388 suscipi
1262 1341 1403 1388 potest.
1428 1333 1507 1372 Vo-

99 1392 246 1431 luntate
268 1391 391 1444 igitur
411 1399 449 1431 et
468 1391 611 1431 iudicio
634 1392 777 1445 suscipi
801 1393 1102 1445 aegritudinem,
1136 1391 1397 1431 confitendum
1430 1396 1502 1429 est.

98 1448 216 1500 quue
246 1447 442 1488 indicatur
464 1461 599 1488 eorum
633 1448 836 1502 patientia,
871 1450 950 1502 qui,
983 1464 1098 1502 quum
1131 1448 1252 1487 multa
1283 1450 1361 1486 sint
1391 1458 1508 1498 saepe
1532 1452 1571 1484 67

97 1504 299 1558 perpessi,
332 1505 486 1544 facilius
518 1506 651 1544 ferunt
681 1505 859 1558 quicquid
889 1506 1051 1554 accidit,
1086 1504 1395 1556 obduruisseque
1430 1503 1506 1542 iam

98 1574 187 1600 sese
219 1568 358 1601 eontra
390 1562 587 1602 fortunam
620 1561 880 1612 arbitrantur,
916 1569 957 1601 ut
977 1562 1042 1601 ille
1074 1561 1173 1615 apud
1205 1560 1454 1613 Euripidem:

145 1667 454 1709 77])7771Ηο77777777777,
467 1667 504 1698 ll.
511 1667 604 1699 XlX.
612 1667 766 1708 226sg1..
757 1680 763 1685 ·

100 1725 199 1764 117277
224 1734 295 1768 γαρ
325 1723 449 1755 πολλοὶ
485 1724 545 1755 καὶ
572 1720 766 1769 ἕπητριμω

377 1764 451 1812 7,ἷ7777
458 1780 500 1800 Ta
521 1781 573 1800 7777
568 1766 597 1801 ’77
602 1781 644 1801 τα

368 1811 459 1845 πότε
491 1816 552 1846 κέν
586 1827 639 1851 Τις
678 1811 768 1847 siva—

377 1856 546 1892 πνεύσειε
567 1857 715 1893 no'voro:

100 1899 204 1936 Ἀλλὰ
227 1901 299 1949 χρὴ
326 1901 387 1936 τὸ7
390 1904 480 1952 μὲν
497 1917 543 1937 κα
548 1917 590 1937 rs
596 1902 768 1944 Sanam,

376 1944 414 1986 ὅς
430 1961 468 1982 κε
488 1947 658 1995 stimma,

96 1993 205 2036 νηλέα
238 1992 360 2040 (naor
386 1995 552 2038 ἔχοντας,
580 1994 635 2028 ἐπ
656 1994 767 2041 ἤματι

378 2039 493 2086 dangu
489 2051 566 2073 σαν
571 2054 644 2079 τας.

145 2107 238 2129 77777777
260 2098 336 2128 luce
352 2113 396 2123 =
411 2099 587 2140 qaolzdz'ae
610 2099 771 2131 lamimts

100 2143 242 2174 diurnis
259 2158 304 2168 z
323 2143 410 2175 laer.
432 2143 572 2186 (unias)
594 2145 676 2175 dier.

144 2188 200 2220 66.
223 2191 377 2230 tempori
393 2192 595 2221 servientem
617 2191 661 2221 ist
680 2190 772 2221 nicht

100 2244 141 2264 zu
176 2234 246 2264 dem
278 2244 320 2265 zu
350 2235 584 2277 supplirenden
611 2235 769 2276 subjecte

101 2279 157 2310 des
176 2278 359 2319 Infinitivs,
389 2281 530 2311 sondern
551 2292 592 2311 zu
611 2281 768 2312 dolorem

101 2335 142 2355 zu
162 2324 342 2356 beziehen:
375 2326 443 2366 „da
464 2336 501 2357 er
519 2326 588 2357 sich
609 2327 692 2357 nach
713 2327 771 2357 der

102 2369 180 2400 Zeit
205 2370 376 2402 ricbtet“.

100 1815 306 1846 JIUTTOUGW

147 2417 205 2446 em·
230 2425 297 2446 77077
320 2435 353 2437 ⁷-—
377 2419 593 2448 serviamus.-
623 2417 689 2457 „in
715 2416 768 2447 die

101 2459 163 2490 wir
180 2470 241 2491 uns
261 2461 349 2492 nicht
368 2463 524 2494 schicken
544 2462 708 2500 kiinnten‚
728 2472 769 2492 zu

102 2503 175 2535 dem
196 2505 332 2546 Behut'e,
354 2517 407 2538 um
425 2527 470 2530 —
480 2509 518 2538 ‘.
556 2507 596 2538 VS
602 2517 685 2547 egen
713 2518 770 2538 ea-

102 2549 250 2634 ἷαῖηῙΟι.
226 2551 310 2627 ‘MC‘
329 2552 371 2583 23
392 2553 511 2585 dolon·
498 2552 564 2594 7,·777)
583 2563 715 2595 ponem
739 2563 767 2584 s.

888 1669 1098 1700 Constabat.
1151 1667 1201 1699 Zu
1235 1667 1293 1698 der
1327 1666 1423 1705 Zeit,
1458 1676 1509 1696 wo

838 1713 1015 1756 pompejus
1050 1713 1201 1752 umkam,
1234 1722 1304 1743 war
1330 1712 1421 1743 diese
1448 1710 1511 1742 Er-

839 1759 986 1800 z'ahlung
1004 1760 1036 1790 in
1054 1759 1149 1790 Aller
1166 1758 1307 1797 Munde3
1329 1758 1433 1788 daher
1451 1756 1510 1787 das

838 1804 971 1846 Imperi:

887 1861 1032 1903 Tyrum.
1053 1859 1143 1891 Nach
1163 1859 1235 1890 Liv.
1252 1859 1331 1900 epit.
1347 1858 1406 1890 lib.
1419 1856 1510 1888 CXII

838 1907 945 1937 ssohen
980 1907 1036 1937 des
1066 1905 1241 1947 pompejus
1259 1904 1399 1937 'Wittwe
1429 1903 1511 1934 Cor-

839 1952 927 1983 nelia
960 1953 1024 1983 und
1055 1952 1124 1982 sein
1153 1951 1240 1981 Sohn
1268 1949 1390 1981 Sextus
1424 1948 1508 1980 nael]

839 1997 984 2039 Cypern.
1023 1996 1078 2028 sie
1106 1996 1262 2027 wandten
1297 1996 1367 2026 sich
1399 1995 1509 2025 wahr-

839 2043 1020 2074 scheinlieh
1063 2043 1225 2073 vorher
1268 2041 1349 2072 nach
1384 2039 1508 2082 Tyrus,

839 2089 984 2120 welches
1019 2088 1100 2119 auch
1128 2087 1189 2118 Dio
1216 2086 1310 2117 Cass.
1331 2085 1438 2117 XLII.
1475 2096 1507 2127 p.

840 2134 933 2165 23471
956 2134 1006 2165 als
1030 2134 1121 2164 ihren
1143 2132 1369 2163 Zufluehtsort
1392 2135 1506 2162 nennt.

884 2198 952 2236 28.
976 2201 1217 2242 771‘l11'll77‘ofiei
1234 2203 1267 2230 et
1284 2218 1327 2222 —
1342 2209 1415 2230 esse
1434 2208 1511 2229 sas-

840 2250 991 2288 ceptam.
1024 2246 1106 2277 Zum
1125 2250 1275 2277 ersteren
1303 2245 1347 2276 ist
1363 2255 1412 2284 eo,
1434 2253 1510 2275 zum

839 2292 981 2323 zweiten
1017 2303 1094 2323 enm
1128 2302 1168 2322 zu
1203 2290 1383 2330 erg'anzen.
1431 2288 1507 2329 Vgl.

838 2337 914 2369 Cat.
937 2336 981 2368 M.
1004 2337 1058 2377 18,
1078 2337 1139 2368 63:
1171 2337 1264 2368 Haeo
1288 2339 1376 2367 sunt
1402 2336 1509 2366 170770-

839 2383 995 2414 rabilia:
1040 2383 1222 2421 salalari,
1267 2380 1386 2412 decedi
1401 2405 1408 2412 ,
1453 2390 1509 2410 as-

838 2431 953 2469 surgi,
983 2428 1110 2459 deduce·
1134 2432 1201 2459 etc.

887 2496 940 2527 67.
960 2497 1074 2527 malla
1092 2512 1138 2520 ·—-
1155 2506 1271 2536 saepe,
1294 2504 1320 2523 s.
1342 2492 1367 2524 I.
1389 2492 1443 2529 30,
1466 2492 1508 2521 74

836 2552 882 2573 zu
899 2551 1002 2583 saepe
1019 2541 1157 2574 multis.

886 2598 983 2639 apud
1000 2596 1218 2638 Euripidem.
1255 2593 1347 2626 Nach
1367 2592 1513 2624 Dindorf

1058 615 1173 653 quum
1196 600 1313 649 velis,
1339 600 1504 653 tempori
1525 607 1568 639 66
