1684 2819
630 191 708 223 LIB.
726 190 765 223 ΙΙ.
803 191 894 223 CAP.
915 192 966 223 19.
983 191 1036 223 20.
1452 191 1530 231 129

131 297 271 343 larum,
300 307 397 346 quae
425 293 520 333 falso
547 299 735 332 vocantur
756 299 940 332 errantes.
981 293 1081 331 Nihil
1102 293 1205 332 enim
1227 299 1343 339 errat,
1367 294 1470 344 quod
1491 294 1532 333 in

133 352 239 395 omni
265 350 485 390 aeternitate
515 356 719 389 conservat
746 361 979 401 progressus
1008 355 1043 388 et
1064 361 1264 400 regressus
1285 349 1531 401 reliquosque

130 412 261 447 motus
284 411 505 446 constantes
527 411 563 445 et
583 412 701 445 ratos.
738 406 849 453 Quod
871 418 916 444 eo
938 411 995 444 est
1016 405 1275 445 admirabilius
1296 406 1334 444 in
1355 406 1416 445 his
1438 406 1530 444 stel-

129 464 176 502 lis
205 475 298 514 quas
328 463 507 511 dicimus,
537 464 626 513 quia
654 468 735 501 tum
765 463 1004 501 occultantur
1030 467 1113 500 tum
1134 474 1271 501 rursus
1292 462 1529 513 aperiuntur⁷

130 525 213 558 tum
240 519 382 558 adeunt
408 527 490 558 tum
516 520 714 565 recedunt,
751 524 832 556 tum
860 518 1090 557 antecedunt
1118 524 1200 556 tum
1230 518 1531 570 subsequuntur,

129 581 213 614 tum
243 575 400 614 celerius
428 581 633 614 moventur
658 581 739 614 tum
768 574 931 620 tardius,
959 580 1042 612 tum
1070 575 1229 612 omnino
1257 587 1305 613 ne
1326 582 1531 614 moventur

131 631 305 682 quidem,
335 632 401 670 sed
430 632 476 670 ad
503 632 697 682 quoddam
726 636 879 680 tempus
900 630 1097 668 insistunt.
1140 631 1311 677 Quarum
1335 644 1380 669 ex
1401 632 1531 681 dispa-

129 687 236 726 ribus
269 688 506 727 motionibus
541 699 722 737 magnum
757 698 899 724 annum
934 686 1192 724 mathematici
1225 687 1532 733 nominaverunt,

131 744 195 794 qui
222 750 304 782 tum
332 744 511 787 efficitur,
541 755 660 793 quum
689 742 781 780 solis
810 748 845 780 et
866 742 980 780 lunae
1004 748 1039 780 et
1061 742 1228 792 quinque
1250 743 1459 782 errantium
1483 744 1529 781 ad

131 800 291 838 eandem
329 800 427 837 inter
464 812 504 837 se
539 798 866 849 comparationem
895 798 1077 836 consectis
1108 799 1283 836 omnium
1312 800 1444 849 spatiis
1472 805 1531 838 est

130 856 226 894 sacta
248 855 459 893 conversio.
502 856 605 901 Quae
627 867 741 905 quam
763 854 878 904 longa
901 853 964 899 sit,
986 866 1123 904 magna
1146 855 1317 904 quaestio
1340 861 1416 893 est:
1445 868 1531 894 esse

131 924 218 950 vero
257 917 397 949 certam
433 917 468 949 et
503 910 697 949 definitam
732 922 890 949 11666556
920 916 989 948 est.
1031 911 1126 948 Nam
1155 923 1215 957 ea,
1253 924 1346 961 quae
1379 911 1532 949 Saturni

130 967 234 1006 stella
271 967 408 1005 dicitur
437 963 688 1018 (Dcu'vquue
724 980 743 1005 a
775 966 928 1005 Graecis
965 966 1207 1010 nominatur,
1245 980 1340 1017 quae
1375 980 1393 1006 a
1430 972 1532 1006 terra

130 1023 238 1062 abest
258 1024 485 1074 plurimum,
511 1037 584 1062 xxx
606 1024 682 1061 fere
706 1023 815 1061 annis
844 1035 1000 1062 cursum
1035 1023 1206 1061 coniicit:
1245 1023 1282 1061 in
1311 1036 1386 1074 quo
1417 1036 1532 1062 cursu

130 1080 249 1118 multa
283 1079 504 1118 mirabiliter
540 1080 728 1125 efficiens,
765 1085 846 1118 tum
883 1079 1143 1117 antecedendo
1181 1086 1261 1118 tum
1290 1080 1532 1127 retardando,

132 1141 213 1174 tum
241 1136 471 1186 vespertinis
502 1136 740 1186 temporibus
771 1135 1027 1174 delitescendo
1053 1143 1131 1173 tum
1154 1136 1352 1174 matutinis
1375 1149 1531 1175 rursum

133 1204 173 1229 se
206 1192 430 1242 aperiendo,
463 1192 556 1230 nihil
586 1193 764 1230 immutat
791 1191 1040 1242 sempiternis
1068 1192 1306 1229 saeculorum
1336 1193 1532 1239 aetatibus,

132 1247 224 1298 quin
245 1248 375 1286 eadem
392 1247 529 1286 iisdem
546 1247 786 1298 temporibus
804 1248 951 1286 efficiat.
993 1248 1093 1286 Infra
1110 1253 1235 1286 autem
1254 1248 1353 1286 hano
1369 1249 1531 1299 propius

131 1316 150 1341 a
177 1309 276 1342 terra
299 1303 398 1342 Iovis
427 1304 532 1342 stella
555 1305 690 1351 fertur,
721 1317 815 1354 quae
841 1300 1031 1342 Φαέθων
1051 1304 1205 1347 dieitur,
1229 1316 1346 1354 eaque
1367 1305 1531 1343 eundem

130 1360 183 1398 xil
211 1359 412 1410 signorum
442 1360 574 1398 orbem
603 1360 713 1399 annis
735 1373 789 1398 xil
812 1360 981 1405 conficit,
1010 1360 1239 1410 easdemque
1261 1373 1354 1411 quas
1378 1361 1531 1399 Saturni

131 1416 235 1455 stella
262 1416 376 1454 efficit
402 1416 441 1454 in
470 1429 584 1455 cursu
612 1416 824 1455 varietates.
864 1416 961 1454 Huic
981 1422 1106 1454 autem
1129 1416 1350 1466 proximum
1373 1417 1531 1455 inferio-

130 1484 212 1510 rem
243 1472 376 1510 orbem
403 1468 731 1525 161161Π1ρόεις,
759 1485 853 1523 quae
881 1472 984 1511 stella
1006 1472 1136 1510 Martis
1159 1472 1386 1523 appellatur,
1417 1485 1533 1524 eaque

132 1541 168 1566 lv
188 1533 224 1566 et
244 1541 293 1566 xx
312 1528 530 1575 mensibus,
562 1542 615 1575 1·1,
636 1534 678 1567 111
701 1529 859 1579 opinor,
883 1528 1015 1567 diebus
1037 1528 1183 1573 minus,
1213 1528 1374 1567 eundem
1398 1529 1534 1569 lustrat

177 1612 247 1649 20.
266 1618 319 1649 51.
335 1628 544 1661 progressus
557 1621 588 1650 et
603 1629 795 1661 regressus.

132 1663 358 1694 Β16Ρ131161611
375 1663 529 1694 scheinen
544 1663 618 1694 bald
628 1664 795 1694 vorwiirts

869 1619 979 1658 lung,
1005 1619 1165 1649 zun'achst
1190 1629 1252 1649 1-(111
1278 1618 1422 1659 Paaren,
1449 1620 1533 1650 dann

868 1663 948 1694 31161·
964 1664 1045 1694 auch
1063 1674 1127 1693 von
1145 1663 1330 1695 Mehreren.

133 1708 208 1739 bald
232 1708 418 1739 riickw'arts
443 1719 485 1738 zu
509 1709 629 1749 gehen,
653 1718 722 1739 was
743 1709 796 1739 die

131 1753 262 1793 heutige
287 1752 496 1784 Astronomie
525 1753 625 1784 durch
655 1754 796 1784 recht-

133 1797 270 1837 l'aut'ig
294 1798 358 1828 und
376 1798 630 1838 riickgiingig
646 1797 797 1829 bezeich-

133 1847 198 1873 net.
386 1848 389 1851 '

178 1889 250 1918 tum
268 1886 394 1918 adeunt
418 1890 490 1918 tum
513 1887 682 1919 recedunt.
718 1887 797 1918 Dies

132 1931 192 1971 ist,
216 1932 274 1962 wie
299 1932 441 1963 nachher
464 1931 497 1973 ξ.
516 1931 556 1962 52
574 1931 798 1964 antecedendo

134 1979 168 2008 et
182 1976 399 2016 retardando,
419 1977 450 2007 in
468 1977 658 2017 Beziehung
673 1977 732 2008 auf
746 1977 797 2008 die

134 2020 242 2052 Sonne
262 2032 303 2052 zu
319 2022 509 2053 vei-stehen.
544 2022 619 2053 Alte
636 2022 797 2053 Planeten

134 2066 362 2108 durchlaufen,
399 2067 463 2098 wie
492 2067 545 2098 die
573 2067 699 2104 Sonne,
736 2068 796 2098 den

134 2111 344 2153 Thierkreis,
373 2122 424 2142 wo
449 2112 496 2143 sie
520 2113 603 2143 (161111
630 2112 698 2143 51611
722 2112 798 2143 (161·-

125 2156 248 2195 ‘selben
265 2156 341 2188 bald
354 2157 479 2188 nahern
495 2157 569 2188 bald
582 2168 645 2188 von
660 2158 710 2188 ihr
724 2162 798 2188 ent-

133 2200 267 2242 fernen,
297 2201 371 2233 bald
400 2202 451 2232 ihr
477 2201 599 2233 vorauf
624 2203 695 2233 sind
725 2202 799 2233 hald

134 2246 242 2277 hinter
254 2246 305 2277 ihr
318 2246 586 2278 zuriickbleiben.
610 2247 694 2278 Dass
710 2247 799 2277 iibri-

134 2301 214 2330 gens
231 2291 316 2322 alles
334 2291 404 2323 dies
417 2302 479 2322 nur
491 2302 554 2323 von
569 2292 659 2322 ihrer
673 2292 800 2322 sehein-

133 2335 251 2375 baren,
283 2336 374 2367 1116111
400 2347 465 2367 von
494 2337 583 2367 ihrer
605 2336 799 2368 wirklichen

134 2380 324 2421 Bewegung
353 2381 430 2422 gilt,
460 2382 613 2413 versteht
643 2382 710 2412 sich
735 2392 800 2413 von

138 2425 250 2457 selbst.

181 2469 226 2501 ad
247 2470 385 2503 eandem
407 2473 496 2504 inter
519 2483 555 2503 se
578 2474 801 2515 comparatio-

138 2524 221 2545 nem.
250 2515 324 2555 „Zu
337 2517 511 2548 derselhen
526 2517 678 2558 Stellung
694 2527 799 2558 gegen

140 2558 328 2591 einander.“
353 2561 443 2592 Denn
459 2564 664 2606 comparatio
677 2562 799 2594 bedeu-

140 2607 188 2634 tet
203 2605 429 2646 urspriinglich
448 2606 473 2638 Z
485 2617 682 2639 usaminen
693 2608 799 2639 stel—

175 2655 235 2685 Cic.
249 2658 283 2684 de
294 2659 360 2688 Nat.
373 2660 452 2688 deor.
479 2660 507 2690 2.
525 2662 599 2690 Auss.

916 1708 968 1739 52.
995 1719 1079 1750 quae
1096 1719 1192 1749 quam
1210 1708 1312 1751 longa
1325 1710 1369 1740 sit
1383 1728 1442 1740 —.
1473 1709 1532 1739 Die

869 1753 982 1793 Lange
1012 1753 1120 1784 dieses
1147 1763 1216 1793 sog.
1242 1764 1381 1794 grosseti
1405 1754 1532 1793 Jahres,

869 1799 985 1841 μέγας
1013 1795 1194 1833 ἐνιαυτός,
1228 1799 1259 1828 111
1290 1799 1449 1829 weh-hem
1482 1799 1533 1829 die

868 1839 1169 1878 ἀποκατάστασις
1194 1843 1273 1873 oder
1289 1843 1340 1874 die
1358 1842 1536 1874 Riickkehr

869 1888 928 1918 der
943 1887 1063 1925 Sonne⁷
1082 1888 1140 1918 des
1155 1887 1291 1919 Mondes
1309 1889 1371 1919 und
1388 1889 1446 1919 der
1459 1888 1533 1919 Pla-

871 1937 968 1963 neten
988 1933 1017 1963 in
1036 1933 1087 1963 die
1105 1933 1220 1972 vorige
1239 1933 1392 1973 Stellung
1415 1943 1536 1973 gegen-

871 1977 1029 2008 einander
1057 1977 1200 2018 orfotge,
1231 1979 1322 2009 ward
1353 1979 1435 2009 113611
1464 1979 1536 2009 dem

869 2022 955 2053 Dial.
971 2023 1009 2053 de
1024 2032 1130 2054 631155.
1147 2033 1233 2054 corr.
1247 2023 1354 2065 eloqu.
1370 2034 1396 2054 6.
1414 2022 1453 2054 16
1471 2033 1535 2054 von

872 2067 987 2098 Cicero
1006 2068 1046 2098 i1n
1061 2067 1257 2099 Hortensius
1276 2079 1316 2099 zu
1337 2068 1536 2099 129541311-

872 2123 931 2144 ren
949 2112 1149 2153 angegeben.
1182 2113 1315 2144 Andere
1336 2113 1434 2144 theils
1453 2113 1537 2143 klei-

872 2168 951 2188 nere
980 2158 1077 2188 theiis
1107 2160 1264 2197 griissere
1294 2157 1417 2188 Zahlen
1451 2157 1536 2188 kann

872 2212 944 2233 man
978 2202 1029 2233 bei
1062 2202 1273 2241 Lindenhrog
1306 2213 1346 2232 zu
1376 2202 1536 2233 Censorio

874 2258 900 2278 6.
924 2246 962 2277 15
986 2247 1065 2277 oder
1088 2247 1244 2278 1161Υο55
1269 2257 1309 2277 zu
1333 2246 1440 2287 virgil
1465 2247 1534 2278 Ecl.

872 2291 927 2329 lv,
948 2292 966 2321 5
986 2291 1105 2322 finden.

919 2336 1109 2377 XXXfere
1125 2338 1231 2368 annis.
1257 2336 1301 2368 Es
1317 2337 1388 2368 sind
1404 2337 1444 2367 20
1459 2337 1536 2367 Jah-

873 2392 920 2422 re,
943 2381 1005 2412 164
1023 2380 1113 2421 Tage
1131 2383 1195 2413 und
1214 2386 1318 2412 etwas
1337 2382 1491 2413 dariiber.

919 2429 1017 2458 annis
1035 2426 1113 2458 Xll.
1144 2426 1298 2459 661131161-
1313 2426 1536 2467 1111113111611,

873 2471 937 2503 315
957 2471 1067 2512 Tagen
1087 2473 1150 2502 und
1173 2472 1211 2503 14
1230 2472 1388 2503 Stunden.

918 2517 971 2548 53.
1011 2517 1075 2548 Das
1103 2517 1183 2547 ι13111·
1216 2517 1273 2547 (165
1299 2517 1390 2548 Mars
1421 2517 1538 2547 dauert

873 2561 937 2593 636
962 2562 1051 2602 Tage
1079 2562 1144 2592 und
1167 2561 1208 2592 23
1235 2561 1394 2592 Stunden.
1430 2560 1539 2594 Ueber

872 2607 999 2640 lustrat
1015 2607 1081 2648 vgl.
1102 2618 1141 2638 zu
1159 2606 1180 2648 1,
1199 2606 1251 2647 31,
1272 2606 1324 2637 57.

1253 2662 1272 2693 9

1559 861 1600 893 52

1560 1418 1603 1450 53
