1684 2819
161 911 219 955 26

168 975 208 1007 56

173 1489 212 1520 57

230 171 304 210 194
690 169 844 202 Llssssss
865 170 921 202 iv.
949 172 1002 211 26,
1019 171 1073 203 56.
1096 173 1149 203 57.

225 287 289 327 vel
312 287 540 340 optimarum
564 299 710 333 rerum,
736 291 778 324 ut
799 298 844 324 ea
865 292 969 334 sunt,
995 299 1092 339 quae
1115 286 1312 339 profertis,
1334 286 1466 327 sedata
1485 292 1615 325 tamen

228 351 266 384 et
288 342 493 395 tranquilla
515 355 602 381 esse
624 340 779 381 debent.
804 340 881 382 Iam
904 343 1185 396 aegritudinem
1209 344 1380 393 laudare,
1401 357 1515 383 unam
1532 355 1614 382 rem

227 401 395 440 maxime
417 397 708 447 detestabilem,
744 412 907 451 quorum
930 405 987 439 est
1009 399 1164 439 tandem
1187 400 1535 454 philosophorum?
1565 399 1618 439 At

228 455 427 496 commode
450 455 548 495 dixit
569 454 778 495 Afranius:

414 512 522 553 Dm
545 512 660 552 modo
683 511 823 552 doleat
842 510 1011 565 (iliqnz‘cl,
1038 511 1174 552 doleat
1194 511 1416 567 quidlubet.

227 569 340 609 Dixit
370 570 471 609 enim
503 569 549 608 de
571 566 819 610 adolescente
842 568 992 622 perdito
1014 583 1058 608 ac
1081 568 1294 618 dissoluto,
1328 584 1398 609 nos
1419 577 1546 610 autem
1570 569 1618 610 de

229 626 421 666 constanti
444 626 530 666 viro
553 639 598 665 ac
629 625 794 679 sapienti
825 626 1064 678 quaerimus.⁴
1098 625 1143 665 Et
1175 625 1325 678 quidem
1354 626 1476 679 ipsam
1511 627 1616 666 illam

229 683 324 724 iram
346 683 522 723 centurio
546 682 684 723 habeat
704 689 771 722 aut
792 682 957 738 signifer
978 683 1040 722 vel
1062 682 1200 732 ceteri,
1219 682 1265 721 de
1288 683 1424 735 quibus
1447 683 1520 723 dici
1541 696 1619 722 non

231 753 390 781 necesse
414 747 499 789 est,
525 754 572 780 ne
596 739 793 779 rhetorum
818 740 1038 793 aperiamus
1060 739 1261 794 mysteria.
1296 740 1396 781 lJtile
1418 747 1478 779 est
1499 739 1618 789 enim,

230 798 283 838 uti
306 805 411 838 motu
434 797 565 845 animi,
591 797 653 849 qui
675 797 730 837 uti
752 796 906 837 ratione
930 811 1006 837 non
1024 804 1172 850 potestg
1199 810 1270 836 nos
1288 804 1433 846 autem,
1454 803 1495 836 ut
1512 797 1621 837 testi-

232 853 326 894 ficor
347 868 478 907 saepe,
503 854 549 893 de
571 854 744 907 sapiente
768 853 1005 907 quaerimus.

344 910 392 950 At
416 911 531 950 ctiam
555 910 740 950 aemulari
764 911 858 951 utile
881 918 952 961 est,
979 911 1215 960 obtrectare,
1244 911 1438 951 misereri.
1464 935 1518 940 —
1542 910 1622 949 Cur

230 969 441 1008 misereare
473 968 622 1020 potius,
659 981 771 1023 quam
806 970 907 1008 l'eras
939 982 1072 1021 opem,
1106 968 1138 1007 si
1169 968 1205 1007 id
1237 968 1365 1007 facere
1388 967 1542 1021 possis?
1573 981 1621 1006 an

232 1025 316 1066 sine
340 1024 605 1064 misericordia
628 1024 809 1064 liberales
831 1037 919 1065 esse
941 1039 1017 1065 non
1040 1026 1273 1078 possumus?
1312 1039 1388 1064 non
1411 1025 1513 1064 enim
1536 1037 1624 1064 sus—

233 1081 360 1135 cipere
384 1080 456 1135 ipsi
478 1081 743 1133 aegritudines
774 1088 931 1134 propter
962 1081 1059 1121 alios
1092 1082 1300 1129 debemus,
1334 1081 1400 1120 sed
1433 1080 1554 1128 alios,
1590 1081 1622 1119 si

234 1151 442 1193 possumus
459 1169 468 1186 ,
501 1137 635 1178 levare
666 1137 925 1191 aegritudine.
971 1138 1198 1178 Obtrectare
1220 1151 1315 1178 vero
1339 1137 1452 1178 alteri
1474 1144 1539 1178 aut
1560 1136 1623 1176 illa

233 1196 375 1235 vitiosa
397 1195 677 1243 aemulatione,
713 1207 809 1247 quae
835 1194 1024 1235 rivalitati
1046 1194 1184 1235 similis
1210 1202 1294 1244 est,
1326 1194 1514 1235 aemulari
1535 1194 1624 1246 quid

234 1252 348 1293 habet
370 1251 575 1292 utilitatis?
607 1266 720 1305 quum
745 1251 794 1291 sit
823 1252 1052 1292 aemulantis
1083 1253 1173 1305 angi
1206 1252 1333 1292 alieno
1362 1251 1488 1301 bon0,
1523 1251 1624 1304 quod

234 1310 316 1363 ipse
340 1322 416 1347 non
439 1309 599 1357 habeat3
634 1308 887 1349 obtrectantis
920 1316 1045 1349 autem
1063 1340 1072 1357 ,
1108 1309 1195 1362 angi
1219 1309 1347 1349 alieno
1371 1308 1494 1356 bono,
1525 1308 1624 1361 quod

235 1367 271 1406 id
293 1366 410 1406 etiam
440 1365 540 1406 alius
569 1365 721 1405 habeat.
757 1365 830 1416 Qui
860 1365 897 1405 id
927 1365 1132 1419 approbari
1166 1366 1308 1419 possit,
1342 1365 1625 1418 aegritudinem

236 1424 435 1475 suscipere
458 1437 525 1475 pro
549 1422 808 1476 experientia,
834 1423 867 1462 si
889 1423 977 1475 quid
1002 1423 1145 1462 habere
1163 1422 1287 1463 velis?
1309 1436 1397 1462 nam
1415 1422 1540 1461 solum
1560 1422 1626 1460 ha-

235 1480 327 1520 bere
349 1479 450 1519 velle
472 1493 622 1519 summa
645 1479 836 1520 dementia
858 1487 930 1519 est.
969 1479 1260 1520 Mediocritates
1283 1487 1411 1520 autem
1435 1479 1625 1519 malorum

236 1537 319 1590 quis
341 1536 501 1576 laudare
522 1543 627 1576 recte
649 1536 802 1590 possit?
834 1535 926 1586 Quis
949 1537 1051 1576 enim
1074 1542 1222 1589 potest,
1257 1537 1295 1575 iu
1325 1550 1399 1588 quo
1423 1535 1538 1575 libido
1561 1549 1626 1574 cu-

238 1593 427 1648 piditasve
449 1593 516 1642 sit,
541 1607 619 1633 non
639 1593 869 1634 libidinosus
893 1600 930 1633 et
951 1593 1111 1646 cupidus
1134 1594 1246 1633 esse?
1277 1593 1316 1632 in
1339 1607 1413 1646 quo
1436 1592 1520 1641 ira,
1549 1606 1627 1632 non

238 1649 477 1691 iracundus?
496 1651 536 1690 in
560 1665 635 1704 quo
658 1664 796 1703 angor,
823 1664 900 1690 nou
923 1650 1086 1690 auxius?
1112 1650 1150 1690 in
1173 1664 1247 1703 quo
1269 1650 1401 1699 timor,
1427 1663 1504 1689 uon
1526 1648 1628 1688 timi—

240 1709 337 1749 dus?
366 1707 634 1748 Libidinosum
664 1708 782 1761 igitur
811 1714 850 1747 et
880 1707 1105 1748 iracundum
1136 1714 1174 1746 et
1195 1707 1354 1747 anxium
1385 1714 1424 1747 et
1454 1706 1626 1746 timidum

240 1777 444 1805 censemus
468 1778 555 1806 esse
577 1764 817 1818 sapientem?
847 1765 903 1804 De
926 1764 1033 1804 cuius
1063 1764 1293 1804 excellentia
1325 1764 1443 1804 multa
1475 1759 1627 1816 quidem

239 1856 341 1888 Sinn:
372 1854 425 1886 lbr
441 1855 659 1887 verwecliselt
685 1855 737 1887 die
757 1855 898 1895 Begrill'e

239 1901 322 1933 Lust
340 1901 404 1931 und
424 1900 577 1945 Strelgen.

286 1957 403 1986 unam,
419 1946 507 1978 bloss
526 1945 825 1986 zurVerstiirkung
842 1946 900 1978 des

241 1992 370 2035 Superi.
394 1992 638 2033 binzugesctzt.

286 2039 335 2070 At
349 2038 643 2077 „Aber-werdet
658 2037 709 2069 ihr
719 2040 900 2078 stigen—⁴².

287 2085 474 2126 Afranius,
502 2094 528 2115 s.
551 2084 607 2123 20,
627 2084 682 2115 45.

287 2140 349 2161 nos
360 2148 403 2153 —-
413 2129 454 2161 de
469 2132 648 2161 constanti
662 2131 734 2160 υιϊο
747 2147 789 2151 —-
800 2140 903 2170 quoe-

244 2178 374 2208 rimus.-
395 2185 543 2215 „unsere
557 2174 811 2215 Untersuchung
824 2175 904 2206 aber

244 2221 375 2253 bezieht
388 2222 455 2252 sich
475 2220 607 2253 aufden
623 2220 903 2261 selbststandigen

244 2266 426 2298 weisen‘s.
476 2266 542 2298 Der
567 2266 743 2298 Ausdruck
776 2266 818 2298 ist
846 2267 904 2298 der

247 2312 543 2354 Gericbtssprache
567 2313 728 2344 cntlehnt.
750 2311 826 2353 Vgl.
847 2312 901 2351 27,

248 2358 288 2390 58
306 2369 338 2389 u.
360 2358 415 2389 59.

290 2405 404 2443 ‘ipsam
438 2404 535 2435 Illam.
566 2406 658 2435 iram
691 2409 753 2435 etc.
804 2403 903 2435 Sinu:

248 2447 326 2480 Wie
353 2449 404 2480 bci
424 2450 528 2481 ciuem
548 2449 763 2481 liederlichen
778 2450 905 2491 jungen

249 2494 380 2531 Manae,
409 2495 440 2527 in
460 2496 532 2526 dem
560 2495 611 2526 die
630 2494 792 2527 Vernunl't
817 2495 908 2527 nicht

250 2541 301 2572 die
314 2539 490 2572 Obcrhand
506 2542 573 2581 hat,
588 2541 852 2573 Bekiimmerniss
866 2552 907 2573 zu

251 2587 360 2617 sciner
388 2587 571 2627 Besserung
603 2587 906 2619 wiinselienswerth

251 2633 320 2663 sein
341 2643 425 2674 mag,
443 2644 478 2664 so
492 2643 565 2674 mag
580 2633 619 2664 im
631 2631 750 2673 liriege
766 2633 816 2664 bei
836 2633 906 2664 dem

969 1857 1140 1897 gcmeinen
1175 1856 1331 1887 Soldaten
1366 1856 1423 1887 der
1456 1855 1542 1887 Zorn
1577 1856 1630 1887 die

969 1902 1071 1934 Stelle
1091 1903 1149 1933 der
1162 1903 1296 1933 wahren
1307 1900 1511 1943 Tapserkest,
1528 1902 1628 1933 deren

970 1958 1005 1978 er
1031 1948 1119 1979 nicht
1145 1947 1234 1988 ffihig
1259 1947 1314 1985 ist,
1334 1952 1522 1987 ve1·treten;
1550 1947 1631 1978 aber

970 1993 1040 2024 dem
1061 1992 1195 2024 weisen
1230 1994 1398 2033 goziemen
1433 1993 1522 2024 dit-se
1556 1992 1631 2025 Lei-

971 2038 1186 2071 deust-hasten
1214 2039 1316 2070 nicht.

1015 2096 1194 2127 rhetorum
1216 2114 1254 2119 —
1273 2099 1464 2139 mysteria,
1491 2096 1544 2127 die
1571 2096 1631 2127 sei-

972 2152 1071 2173 neren
1098 2140 1237 2176 liiinste,
1264 2142 1376 2174 womit
1402 2142 1451 2174 sie
1477 2142 1529 2173 die
1555 2141 1631 2173 Lei-

971 2186 1186 2218 denmhasten
1206 2187 1411 2230 aul'zuregen
1430 2188 1493 2219 und
1512 2199 1552 2219 zu
1577 2188 1631 2219 be-

974 2238 1092 2264 nutzen
1120 2233 1246 2265 lebren.

1016 2287 1084 2325 26.
1113 2290 1164 2321 56.
1195 2291 1388 2331 aemulari,
1417 2291 1627 2330 obtrectare,

975 2339 1145 2375 7711'se›·er2'‚
1171 2346 1198 2367 s.
1226 2338 1279 2374 20,
1301 2336 1354 2367 46.

1016 2404 1082 2435 pro
1121 2396 1337 2435 effluo-{entia
1379 2396 1495 2433 „statt
1528 2391 1631 2424 selbst

975 2439 1068 2470 einen
1087 2437 1233 2470 Versuch
1261 2450 1300 2470 zu
1325 2439 1504 2470 machen‘¹.

1019 2496 1074 2527 57.
1091 2495 1352 2528 Mediocritates
1366 2496 1538 2527 malorum
1553 2505 1632 2537 „ge-

976 2541 1132 2581 miissigte
1152 2540 1295 2573 Ueber‘.
1324 2540 1398 2581 vgl.
1427 2541 1480 2580 20,
1502 2541 1566 2573 46:
1597 2543 1630 2572 in

976 2588 1222 2628 ‹nuntbassere
1236 2588 1336 2619 rebus
1349 2587 1630 2619 mediocritatem

977 2644 1048 2664 csse
1065 2636 1246 2675 optimam.
