1684 2819
198 147 251 188 28
643 146 849 180 niseni.
874 147 1004 188 17,41.
1035 146 1087 188 18,
1109 146 1166 179 42.

198 269 321 312 teme,
345 262 433 303 sive
455 262 556 315 quod
578 276 600 301 a
623 261 873 314 gravioribus
892 261 1043 302 leviora
1060 268 1198 302 natura
1217 262 1474 316 repellantur.
1503 260 1610 312 Quae

198 333 314 372 quum
337 326 543 368 constent,
579 317 825 372 perspicuum
848 317 962 358 debet
983 331 1072 359 esse
1087 350 1097 368 ‚
1131 318 1308 367 animos,
1340 333 1457 372 quum
1480 332 1501 358 e
1525 331 1611 358 cor-

196 389 292 430 pore
316 374 583 424 excesserint,
616 374 702 416 sive
724 373 778 413 illi
801 373 881 413 sint
901 374 1106 425 animales,
1135 375 1173 414 id
1196 382 1256 416 est
1276 374 1500 429 spirabiles,
1525 375 1610 415 sive

136 441 175 473 41
196 433 320 487 ignei,
351 431 518 472 sublime
540 431 652 471 ferri.
696 430 737 471 Si
759 443 857 471 vero
880 437 947 470 aut
969 444 1156 472 numerus
1178 431 1330 485 quidam
1354 435 1414 473 est
1435 431 1607 481 animus,

197 489 298 542 quod
319 487 517 529 subtiliter
537 488 661 541 magis
684 501 799 540 quam
822 486 988 527 dilucide
1011 487 1169 537 dicitur,
1193 495 1260 528 aut
1282 489 1418 541 quinta
1439 489 1507 529 illa
1531 503 1610 529 non

196 545 397 585 nominata
421 544 544 598 magis
569 558 683 598 quam
707 558 785 584 non
807 543 1005 584 intellecta
1030 551 1193 584 natura:
1224 545 1347 585 multo
1369 545 1485 586 etiam
1507 546 1610 586 inte·

195 601 329 654 griora
351 615 396 642 ac
419 602 578 655 puriora
600 608 714 650 sunt,
749 608 791 641 ut
811 614 834 640 a
856 608 963 641 terra
984 600 1214 655 longissime
1239 614 1283 641 se
1310 601 1489 642 efferant.
1531 602 1610 643 Ho-

196 672 284 698 rum
316 659 439 711 igitur
467 658 613 711 aliquid
643 658 797 698 animus
827 664 889 698 est
910 682 964 688 —
986 671 1035 697 nc
1058 665 1136 697 tam
1158 665 1302 712 vegeta
1332 671 1443 699 mens
1473 665 1540 698 aut
1568 659 1610 698 in

195 715 314 756 corde
336 715 551 755 cerebrove
575 722 641 755 aut
662 716 702 755 in
725 714 987 768 Empedocleo
1009 715 1202 769 sanguine
1225 715 1407 755 demersa
1428 715 1571 755 iaceat.

122 772 179 819 18
310 771 593 813 Dicaearchum
615 786 715 812 vero
739 771 1081 812 cumAristoxeno
1104 771 1257 825 aequali
1281 779 1320 812 et
1342 771 1610 825 condiscipulo

195 842 283 878 suo,
309 829 446 869 doctos
469 842 564 869 sane
586 828 781 877 homines,
806 828 1056 868 omittamus:
1082 842 1246 881 quornm
1270 828 1371 868 alter
1392 841 1442 868 ne
1464 828 1610 869 condo-

194 886 316 927 luisse
329 886 484 938 quidem
499 899 678 938 umquam
690 885 864 935 videtur,
881 885 947 938 qui
959 886 1128 925 animum
1142 899 1184 925 se
1198 885 1342 926 habere
1355 899 1435 925 non
1447 886 1608 935 sentiat,

194 943 362 983 alterita
380 943 601 982 delectatur
614 943 696 983 suis
714 942 910 991 cantibus,
926 948 967 981 ut.
985 955 1053 983 eos
1071 942 1188 982 etiam
1206 943 1252 982 ad
1272 941 1367 983 haec
1390 942 1609 982 transferre

194 1006 373 1040 conetur.
395 999 649 1039 Harmoniam
667 1006 799 1039 autem
818 1012 870 1038 cx
888 998 1110 1039 intervallis
1128 1012 1315 1039 sonorum
1335 1012 1453 1039 nosse
1471 999 1610 1052 possu-

194 1070 303 1106 mus,
336 1069 502 1109 quorum
524 1056 637 1096 varia
667 1055 900 1110 compositio
924 1055 1039 1096 etiam
1064 1056 1289 1096 harmonias
1312 1056 1428 1095 efficit
1449 1056 1606 1109 plures3

192 1113 457 1154 membrorum
481 1126 577 1153 vero
600 1113 701 1153 situs
724 1120 762 1152 et
784 1112 909 1166 figura
932 1113 1127 1166 corporis,
1151 1126 1299 1152 vacans
1322 1113 1468 1162 animo,
1494 1126 1609 1166 quam

193 1170 318 1225 possit
340 1169 581 1210 harmoniam
600 1170 766 1218 efficere,
789 1183 868 1209 non
886 1169 1018 1209 video.
1054 1169 1127 1210 Sed
1152 1168 1214 1209 hic
1236 1168 1406 1222 quidem,
1431 1169 1609 1222 quamvis

195 1227 371 1268 eruditus
388 1226 454 1275 sit,
470 1226 573 1267 sicut
589 1234 664 1277 cst,
681 1226 776 1266 haec
796 1225 988 1280 magistro
1007 1225 1438 1275 concedatAristoteli;
1464 1239 1609 1266 canere

193 1285 277 1339 ipse
300 1284 454 1324 doceat.
497 1283 603 1323 Bene
626 1284 729 1323 enim
752 1283 820 1323 illo
844 1283 1088 1323 Graecorum
1112 1283 1321 1337 proverbio
1345 1283 1605 1337 praecipitur:

341 1341 468 1393 Quam
491 1339 664 1395 quisquc
685 1342 799 1381 norit
819 1339 965 1389 artem,
992 1342 1033 1380 in
1056 1340 1134 1380 lzac
1155 1354 1198 1380 se
1220 1340 1433 1380 eoee'rceat.

132 1406 172 1439 42
192 1398 302 1439 Illam
319 1411 416 1438 vero
434 1398 608 1437 funditus
632 1397 835 1438 eiiciamus
858 1397 1150 1437 individuorum
1174 1411 1384 1450 corporum
1402 1396 1548 1437 levium
1571 1404 1611 1437 et

191 1454 452 1496 rotundorum
476 1454 776 1495 concursionem
804 1454 1032 1503 fortuitam,
1067 1468 1181 1506 quam
1205 1461 1335 1494 tamen
1357 1454 1608 1495 Democritus

193 1511 504 1553 concalefactam
527 1519 565 1551 et
587 1511 828 1565 spirabilem,
854 1511 892 1550 id
916 1517 978 1552 est
998 1511 1220 1560 animalem,
1247 1524 1335 1551 esse
1356 1510 1457 1550 vult.

307 1568 343 1608 Is
366 1574 494 1608 autem
518 1567 687 1616 animus,
714 1567 795 1620 qui,
820 1567 854 1607 si
877 1575 937 1608 est
959 1568 1098 1608 horum
1117 1574 1303 1620 quattuor
1324 1579 1531 1621 generum,
1556 1580 1607 1607 ex

193 1624 332 1679 quibus
356 1625 486 1665 omnia
508 1631 692 1665 constare
715 1624 913 1677 dicuntur,
947 1637 1000 1664 ex
1021 1624 1261 1664 inflammata
1283 1625 1412 1664 anima
1434 1630 1605 1673 constat,

234 1735 331 1764 anim,
343 1743 388 1764 os
406 1750 446 1755 —
462 1742 635 1774 corpore.
656 1731 788 1763 Ebcnso
805 1732 861 1773 30,

189 1778 251 1809 72:
281 1778 370 1809 (luas
389 1789 462 1809 esse
487 1781 559 1810 vias
587 1780 818 1810 animorum
847 1790 864 1809 e

186 1834 294 1866 corpo
306 1834 324 1855 7·
334 1835 350 1854 c
378 1823 639 1855 eoeeedenee·am.

234 1880 290 1912 41.
318 1890 499 1917 numerus,
522 1890 550 1911 s.
574 1880 626 1916 10,
647 1880 704 1911 20.

233 1938 360 1978 quinta
380 1936 445 1967 illa
466 1953 505 1959 -
525 1940 672 1977 natura,
692 1947 719 1968 s.
737 1937 790 1975 10,
804 1937 857 1968 22.

186 1982 279 2014 Auch
315 1981 376 2013 das
410 1992 477 2013 non
506 1984 693 2014 nominata
720 1982 780 2023 (=
805 1983 858 2022 10,

186 2028 228 2059 22
249 2037 378 2059 uacans
397 2029 551 2066 nominc)
580 2027 624 2060 ist
641 2028 694 2059 ein
715 2026 861 2060 lrrthulu

187 2072 348 2113 Ciceros3
386 2073 472 2104 deun
499 2073 702 2106 Aristoteles
737 2078 860 2106 nannte

187 2118 259 2150 sein
280 2119 312 2150 5.
333 2117 488 2150 Elemcnt
506 2118 533 2150 A
546 2119 614 2150 eth
629 2130 645 2151 e
658 2130 685 2151 r.

232 2166 434 2205 integriora
469 2164 766 2206 ‚‚gleichartigcr‚
802 2176 861 2197 un-

186 2210 462 2251 vermischtei·“,
499 2209 608 2242 woffir
633 2210 649 2252 ξ
678 2212 720 2242 43
747 2214 862 2243 incor-

187 2259 328 2298 ruptus.

233 2311 332 2332 ne—
347 2303 475 2342 iaceat,
494 2312 635 2342 „woran
652 2312 725 2333 man
742 2303 858 2335 darum

188 2346 366 2378 resthalten
386 2357 497 2384 inuss,
526 2347 629 2381 damit
657 2348 747 2380 nicht
773 2349 858 2389 (was

187 2397 280 2424 sonst
314 2402 552 2434 angenommen
587 2394 722 2426 werden
752 2394 858 2426 iniiss-

188 2439 235 2479 ω)
255 2456 297 2461 —
319 2438 341 2454 ιι

232 2498 265 2527 in
286 2495 390 2527 corde
409 2500 490 2534 etc„
511 2505 537 2527 s.
559 2496 592 2537 9,
614 2496 654 2527 15
674 2507 707 2527 u.
732 2497 783 2528 19.

231 2548 294 2588 18.
322 2552 585 2584 Dicaearchum
612 2563 640 2584 c.
661 2553 799 2593 Arist.,·
828 2564 855 2584 s.

190 2597 314 2638 10‚·2o.
338 2597 374 2629 21
399 2609 432 2629 u.
460 2597 513 2636 11,
534 2598 588 2630 24.

980 1732 1103 1764 (Ios-tos
1122 1732 1295 1772 homines,
1316 1732 1375 1764 der
1388 1732 1480 1764 Plur.
1502 1732 1608 1764 neben

933 1778 1012 1809 Dic.
1025 1788 1103 1809 cum
1114 1778 1244 1817 Arist„
1258 1788 1283 1809 s.
1295 1777 1417 1820 Zumpt
1429 1776 1488 1809 Gr.
1502 1777 1607 1820 §375.

932 1823 1096 1854 Aehnlich
1116 1822 1209 1854 Lael.
1237 1823 1289 1859 ll,
1306 1823 1367 1856 39:
1390 1823 1526 1865 Papum
1539 1825 1608 1855 Ae-

933 1869 1072 1900 milium
1114 1868 1154 1900 C.
1188 1867 1347 1900 Luscino
1375 1869 1606 1911 familiarem

922 1914 1058 1955 sitisse,
1081 1913 1130 1944 bis
1151 1924 1220 1945 una
1240 1914 1411 1946 consides.

978 1959 1027 1991 acl
1052 1960 1137 1990 haee
1165 1959 1255 2000 „auf
1276 1960 1464 2002 philosoph.
1487 1958 1609 1997 Unter-

933 2005 1172 2045 suchungen“.
1190 2004 1323 2037 Ebenso
1335 2006 1505 2038 nachher:
1522 2006 1608 2038 llaec

932 2050 1103 2082 concedat
1120 2051 1328 2083 Aristoteli.

976 2098 1072 2127 sicat
1104 2100 1178 2136 est,
1213 2108 1275 2128 zur
1299 2097 1520 2139 Best'atigung
1545 2097 1607 2129 der

931 2142 1274 2182 vorhergcgangenen
1300 2141 1537 2185 Supposition3
1569 2153 1606 2175 so

931 2187 1014 2218 wird
1042 2188 1126 2219 auch
1151 2192 1191 2220 ut
1209 2192 1264 2220 est
1280 2189 1362 2221 oder
1363 2192 1423 2265 4ut
1440 2192 1495 2220 est
1511 2192 1606 2221 certe

931 2233 1130 2273 gibi-‚aucht
1151 2245 1182 2265 Ζ.
1205 2234 1239 2265 B.
1264 2233 1347 2266 lV.
1363 2235 1396 2275 4,
1418 2234 1473 2266 72.

980 2278 1090 2330 Quam
1111 2282 1259 2322 quisque
1276 2284 1340 2311 etc.
1372 2280 1479 2312 Arist.
1499 2278 1602 2322 Vesp.

931 2319 1186 2368 14312'7301501
1214 2336 1278 2363 τις,
1309 2319 1350 2366 ἡι
1375 2322 1527 2362 ἕκαστος
1552 2326 1606 2358 εἰ-

928 2368 1005 2410 δείη
1027 2369 1166 2412 τέχιην.

973 2416 1028 2446 42.
1059 2416 1200 2447 levium.
1223 2426 1251 2447 s.
1277 2416 1330 2455 11,
1352 2415 1408 2447 22.

974 2461 1205 2503 inflammata
1248 2464 1382 2493 anima.
1444 2461 1603 2506 Πνεῦμα

928 2505 1121 2550 πιροειὸἐς
1145 2517 1246 2548 sagon
1275 2507 1327 2539 die
1353 2506 1508 2548 Stoiker,
1536 2517 1599 2539 von

929 2553 1032 2585 denen
1053 2553 1137 2584 aucb
1157 2553 1209 2584 dic
1224 2552 1401 2594 folgenden
1415 2551 1601 2586 Gedanken

928 2598 1079 2631 cntlebnt
1097 2598 1182 2631 sind.
