1684 2819
542 149 747 183 LIBERI.
776 152 983 192 40,95.96.
1422 151 1473 190 59

65 259 278 300 senectus?
309 259 378 299 sed
400 258 492 312 quia
514 258 616 299 ultra
640 259 737 299 nibil
769 258 980 309 habemus,
1013 258 1086 299 hoc
1105 258 1266 312 longum
1295 259 1471 300 dicimus.

66 316 205 357 Omnia
225 314 485 370 istampperinde
508 322 552 356 ut
572 315 712 369 cuique
733 316 821 356 data
842 322 932 356 sunt
963 330 1033 369 pro
1055 321 1143 355 rata
1163 322 1290 369 parte,
1312 316 1379 370 „lta
1408 323 1476 356 aut

65 367 271 424 10ὴῖξεῖἳῖύί
291 367 648 413 hre‘ffi'dicuntur.
687 371 800 427 Apud
822 372 1013 427 Hypanim
1037 370 1213 421 flurium,
1240 372 1306 425 qui
1328 366 1376 412 ab
1397 372 1476 412 Eu-

64 442 185 482 ropae
201 434 311 482 parte
328 429 367 469 in
384 428 549 469 Pontum
572 430 714 479 influit,
733 428 971 470 Aristoteles
993 430 1061 478 ait,
1080 428 1266 470 bestiolas
1289 429 1476 481 quasdam

65 484 190 533 nasci,
215 498 315 538 quae
337 500 456 526 unum
479 485 580 526 diem
602 486 751 527 vivant.
789 487 854 526 Ex
876 486 936 526 his
958 486 1076 539 igitur
1097 486 1195 526 hora
1216 492 1356 526 octava
1378 498 1476 538 quae

65 549 218 582 mortua
240 549 315 592 est,
341 550 529 596 provecta
559 550 687 583 aetate
718 550 872 583 mortua
904 548 986 591 est3
1021 555 1121 595 quae
1142 555 1240 583 vero
1272 542 1474 582 occidente

64 598 164 647 sole,
190 598 410 652 decrepita3
447 614 493 640 eo
516 599 657 653 magis,
684 599 716 638 si
738 600 855 639 etiam
884 598 1084 639 solstitiali
1107 598 1183 639 die.
1229 598 1374 639 Confer
1405 613 1475 638 no-

65 662 188 695 stram
210 655 479 709 longissimam
501 663 670 696 aetatem
701 669 787 695 cum
810 655 1073 695 aeternitate:
1105 655 1146 695 in
1168 655 1304 696 eadem
1338 668 1477 710 prope-

65 712 221 752 modum
242 711 451 762 brevitate,
476 726 550 765 qua
570 711 662 751 illae
684 711 890 761 bestiolae,
914 710 1175 765 reperiemur.

155 779 461 819 Contemnamus
484 779 606 832 igitur
623 793 759 819 omnes
781 779 948 833 ineptias
966 779 1086 832 (quod
1106 778 1210 819 enim
1233 779 1359 821 levius
1383 780 1473 820 huic
1491 780 1550 824 40

63 835 215 875 levitati
236 849 381 875 nomen
403 835 599 890 imponam
611 837 646 887 ?)
670 843 870 889 totamque
892 837 969 876 vim
991 836 1091 876 bene
1112 835 1272 876 vivendi
1294 836 1334 875 in
1357 837 1474 877 animi
1493 845 1534 877 95

63 891 208 932 robore
230 905 273 931 ac
294 894 562 946 magnitudine
595 900 634 932 et
661 893 700 932 in
733 893 904 932 omnium
927 907 1058 932 rerum
1092 892 1349 933 humanarum
1383 907 1477 932 con-

63 948 277 1002 temptione
307 963 352 989 ac
383 950 637 1003 despicientia
668 949 1090 1003 etpinuomniyirtute
1122 963 1331 1002 ponamus.
1375 949 1475 990 Nam

64 1018 166 1044 nunc
200 1005 352 1058 quidem
397 1006 704 1060 cogitationibus
745 1006 987 1047 mollissimis
1029 1006 1315 1055 effeminamur,
1353 1013 1407 1055 ut,
1443 1007 1476 1046 si

63 1068 154 1102 ante
184 1076 289 1103 mors
319 1064 528 1113 adventet,
574 1078 687 1116 quam
720 1063 1007 1103 Chaldaeorum
1040 1063 1235 1116 promissa
1274 1063 1478 1103 consecuti

65 1132 217 1168 sumus,
243 1120 398 1173 spoliati
420 1119 573 1174 magnis
608 1120 837 1173 quibusdam
860 1120 990 1169 bonis,
1014 1120 1119 1160 illusi
1143 1119 1397 1172 destitutique
1419 1120 1478 1159 vi-

64 1174 240 1216 deamur.
281 1175 427 1227 Quodsi
450 1178 714 1231 exspectando
738 1184 777 1217 et
797 1177 1056 1217 desiderando
1079 1176 1293 1231 pendemus
1316 1176 1474 1227 animis,
1496 1184 1536 1215 9ss

64 1232 302 1282 cruciamur,
335 1234 538 1286 angimur:
572 1248 642 1288 pro
674 1234 726 1274 dii
757 1234 1023 1274 immortales!
1058 1247 1174 1287 quam
1195 1234 1271 1274 iter
1292 1233 1387 1273 illud
1417 1234 1478 1274 iu-

65 1289 234 1329 cundum
266 1303 355 1331 esse
385 1291 521 1340 debet,
562 1305 637 1344 quo
668 1292 847 1331 confecto
883 1291 991 1331 nulla
1022 1290 1175 1343 reliqua
1208 1304 1326 1339 cura,
1372 1290 1478 1330 nulla

64 1345 284 1387 sollicitudo
315 1348 445 1388 futura
479 1348 553 1388 sit!

180 1414 303 1466 Quam
334 1428 395 1455 me
427 1415 592 1456 delectat
613 1415 905 1456 Theramenes!
942 1429 1056 1469 quam
1089 1415 1191 1455 elato
1224 1416 1354 1455 animo
1388 1415 1471 1455 est!

114 1552 281 1584 bestiolas
323 1553 521 1593 quasdam.-
571 1549 738 1596 ἐφήμερα

68 1602 169 1629 neunt
203 1598 250 1630 sie
280 1598 482 1629 Aristoteles
508 1596 607 1638 (hist.
636 1599 736 1629 anim.

856 1563 946 1594 quae.
972 1570 1012 1574 ——
1040 1556 1075 1583 et
1101 1570 1141 1576 --
1168 1562 1222 1583 ae.
1265 1552 1333 1584 Der
1374 1561 1479 1592 ganze

810 1597 889 1628 Satz
909 1598 968 1628 mit
987 1607 1053 1639 quc
1068 1608 1107 1628 an
1124 1598 1184 1629 das
1198 1597 1480 1637 Vorhergehende

67 1643 107 1674 V.
140 1642 218 1684 19),
246 1643 378 1675 Andere
403 1639 615 1686 μονήμερα,
652 1640 739 1686 ἡμε-

68 1684 184 1733 ρόβια.

112 1736 148 1766 in
167 1734 287 1765 eadem
307 1734 480 1765 brevitate
497 1735 539 1765 im
561 1733 662 1765 Sinne
682 1734 740 1765 des

68 1778 153 1812 Gen.
173 1780 255 1811 oder
271 1779 348 1811 Abi.
369 1779 487 1821 qualit.
507 1778 584 1820 Vgl.
606 1779 663 1811 ΙΙΙ.
684 1780 738 1819 18,

67 1826 133 1857 42:
172 1825 268 1866 Quae
292 1829 513 1866 sequuntur,
549 1828 582 1856 ίη
618 1825 737 1857 eadem

68 1873 244 1902 sententia
262 1874 368 1910 sunt5
395 1870 434 1901 de
454 1870 509 1901 fin.
532 1870 571 1902 ΙΙ.
595 1871 648 1911 14,
673 1872 737 1901 47:

68 1919 240 1958 quartum
258 1914 386 1958 (genus
413 1915 662 1958 honestorum)
689 1928 740 1947 se-

68 1963 190 2004 quitur
208 1965 245 1993 et
266 1963 302 1993 z‘n
321 1961 440 1993 eadem
465 1962 739 2004 pulchritudine

68 2011 105 2039 et
121 2011 246 2050 aptum
261 2017 306 2038 em
319 2007 390 2039 illis
410 2008 538 2047 tribus,-
557 2008 681 2040 ebenso
703 2010 738 2039 z'n

66 2055 152 2085 vilio
172 2063 245 2084 esse
262 2052 338 2094 (111.
359 2053 397 2093 9,
421 2053 462 2084 19
484 2064 517 2084 u.
539 2052 594 2085 lv.
617 2054 657 2093 S,
681 2053 738 2095 17)

66 2099 132 2130 und
148 2098 207 2130 das
223 2108 309 2139 ganz
324 2098 552 2139 gewo'hnliche
568 2101 601 2130 z'n
619 2099 740 2141 aliquo

64 2154 194 2187 genere
211 2155 297 2176 esse.

113 2187 185 2226 40.
212 2190 267 2222 95.
296 2189 404 2221 levius
429 2208 470 2212 —
495 2190 656 2230 levitati,
685 2191 740 2222 ein

68 2235 145 2267 echt
166 2236 315 2267 ciceron.
336 2234 536 2277 Wortspiel.
564 2235 660 2268 Lael.
683 2236 738 2274 23,

69 2281 132 2313 87:
170 2281 256 2323 Quis
281 2285 351 2313 tam
381 2285 472 2312 esset
484 2281 646 2323 ferreus,
680 2284 744 2323 qui

70 2337 144 2358 eam
172 2328 286 2358 vitam
301 2327 408 2368 serre
421 2330 569 2368 posset?
595 2326 671 2359 Cat.
693 2325 738 2359 M.

72 2372 133 2412 11,
162 2372 223 2404 38:
257 2374 384 2403 sensim
412 2374 486 2403 sine
510 2383 613 2403 sensu
641 2376 741 2404 aetas

69 2421 232 2449 senescit.
253 2417 383 2449 Levius
401 2427 525 2449 nomen
547 2417 650 2457 „eine
669 2418 743 2449 mil-

51 2463 149 2494 'dere
169 2463 449 2504 Bezeichnung“,
477 2463 560 2494 auch
587 2474 618 2505 p.
640 2462 740 2495 Ros-c.

71 2508 145 2540 Am.
166 2508 220 2549 33,
238 2509 299 2540 93:
329 2520 416 2550 quos
443 2511 505 2550 qui
530 2509 659 2541 leviore
682 2519 743 2540 ηο-

73 2555 164 2585 mine
187 2555 396 2597 appellant,
428 2565 658 2597 percussores
684 2565 743 2586 vo-

74 2601 168 2630 cant.

811 1642 1032 1683 angekniipst,
1061 1643 1152 1674 seiue
1171 1641 1290 1674 Theile
1311 1643 1414 1674 durch
1435 1647 1478 1681 et,

812 1688 863 1720 die
883 1688 1122 1728 untergeordn.
1145 1687 1285 1720 Glieder
1306 1688 1482 1720 derselben

811 1734 913 1765 durch
933 1744 974 1764 ae
992 1734 1207 1765 verbunden!
1236 1733 1278 1765 So
1303 1733 1483 1775 sorgfiiltig

810 1779 854 1810 ist
867 1779 936 1810 Cic.
950 1779 992 1809 im
1004 1778 1181 1810 Gebrauch
1197 1780 1257 1810 der
1276 1789 1481 1822 synonymen

810 1823 995 1856 Partikeln.
1032 1824 1106 1864 vgl.
1136 1825 1218 1856 oben
1239 1826 1300 1865 21,
1324 1825 1390 1865 4⁸33
1421 1824 1479 1856 ΙΙΙ.

812 1870 867 1909 20,
887 1871 929 1901 47
950 1881 982 1900 u.
1005 1870 1061 1907 25,
1081 1870 1137 1901 61.

855 1929 889 1957 ln
910 1929 1169 1959 onmivirtate.
1198 1926 1273 1958 Man
1298 1932 1479 1959 erwartet:

810 1974 951 2004 omnino
969 1975 1003 2003 in
1029 1975 1170 2004 virente.
1211 1972 1284 2014 vgl.
1314 1974 1370 2011 45,
1394 1973 1478 2004 109:

804 2018 1208 2061 RELL'QQlfoqlltnctussest
1228 2029 1396 2056 munere;
1423 2018 1480 2049 ΙΙΙ.

811 2063 843 2103 3,
859 2066 878 2095 6
894 2075 900 2094 2
923 2064 963 2094 de
978 2067 1142 2106 universa
1151 2064 1382 2106 philosophia
1392 2066 1482 2095 satis

810 2109 943 2141 dictum
963 2113 1027 2141 esl-

861 2171 1136 2204 Chaldaeorum.
1164 2172 1234 2204 Der
1250 2170 1353 2203 Name
1373 2172 1483 2203 dieses

811 2226 921 2260 assyr.
939 2216 1203 2249 Volksstammes
1222 2218 1336 2249 wurde
1356 2217 1388 2248 in
1405 2216 1484 2248 Rom

812 2273 888 2294 zum
906 2263 1154 2305 Appellativum
1171 2275 1178 2294 :
1207 2263 1480 2304 „Astrologen“.

858 2325 914 2357 96.
956 2325 1209 2367 Theramenes,
1249 2325 1392 2357 Schiiler
1424 2325 1483 2357 des

812 2370 968 2403 Socrates
983 2372 1047 2402 und
1064 2371 1171 2403 selbst
1186 2372 1280 2403 einer
1293 2372 1353 2403 der
1367 2381 1481 2411 sogen.

812 2416 854 2448 30
869 2415 1062 2459 Tyrannen,
1079 2417 1256 2449 erhitterte
1272 2417 1376 2448 durch
1392 2417 1483 2447 scine

813 2461 1009 2504 Opposition
1035 2473 1141 2503 gegen
1168 2463 1219 2494 die
1247 2461 1486 2494 Grausamkeit

812 2508 926 2539 seiner
952 2507 1134 2548 Collegen,
1161 2508 1233 2540 bes.
1262 2508 1318 2538 des
1345 2507 1484 2545 Critias,

813 2553 903 2585 diese
931 2564 988 2594 so,
1017 2554 1095 2585 dass
1121 2564 1158 2585 er
1183 2554 1236 2585 ein
1264 2552 1369 2594 Opfer
1394 2553 1484 2584 ihres

812 2598 937 2630 Hasses
956 2599 1082 2631 wurde.
