1684 2819
553 161 711 194 LIBER
735 161 775 193 v.
806 161 858 202 18,
880 163 935 193 53.
956 163 1011 193 54.
1065 162 1117 193 19.
1454 160 1534 200 235

132 280 312 320 vincatur
342 277 537 318 interdum
568 288 640 316 nee
667 282 776 330 putet
799 275 845 315 ad
867 289 909 315 se
931 283 1179 329 praeceptum
1200 275 1295 316 illud
1315 275 1425 314 Atrei
1449 289 1536 328 per-

132 336 280 376 tinere:

244 401 427 443 Proinde
447 399 506 441 ita
522 407 676 454 parent
698 414 740 439 se
763 401 803 440 in
828 398 927 448 vita,
953 407 999 439 ut
1018 402 1130 439 vinei
1147 399 1348 440 nesciant.

132 469 203 509 Hic
231 476 360 508 autem
390 468 593 518 vincetur,
630 475 672 507 ut
702 467 808 517 dixi,
833 480 906 506 nee
928 467 1042 506 modo
1075 467 1282 517 vincetur,
1315 468 1384 507 sed
1416 467 1531 507 etiam

130 525 291 566 serviet.
325 524 409 565 Nos
432 532 563 565 autem
583 524 770 565 virtutem
792 536 947 577 semper
968 523 1131 562 liberam
1152 524 1348 572 volumus,
1381 537 1535 578 semper

129 582 328 622 invictam.
365 581 471 632 Quae
494 581 570 622 nisi
592 588 696 630 sunt,
722 580 874 621 sublata
895 580 1021 619 virtus
1045 585 1119 619 est.
1165 579 1293 633 Atque
1323 581 1354 621 si
1384 581 1424 620 in
1454 580 1536 621 vir·
1558 588 1599 619 53

130 645 212 678 tute
242 638 338 678 satis
373 645 433 679 est
463 637 648 692 praesidii
670 638 717 676 ad
739 636 838 676 bene
859 636 1097 685 vivendum,
1130 637 1225 676 satis
1255 643 1314 677 est
1339 637 1456 677 etiam
1486 637 1534 676 ad

130 694 258 735 beate.
294 694 397 734 Satis
420 702 481 734 est
502 694 605 733 enim
627 699 734 732 certe
755 692 796 731 in
818 691 966 732 virtute
983 722 993 741 ‚
1018 698 1062 731 ut
1083 692 1240 732 fortiter
1260 694 1466 743 vivamus;
1501 693 1534 733 si

130 751 299 800 fortiter,
320 751 438 790 etiam
462 757 504 790 ut
524 763 666 802 magno
689 748 834 798 animo,
855 755 893 787 et
915 747 1069 800 quidem
1094 755 1136 787 ut
1158 749 1262 788 nulla
1284 763 1326 789 re
1351 764 1533 802 umquam

130 814 351 847 terreamur
374 819 604 859 semperque
626 805 746 845 simus
769 804 922 844 invicti.
964 803 1172 856 Sequitur,
1206 811 1249 843 ut
1279 804 1375 845 nihil
1396 807 1535 859 poeni-

129 870 224 911 teat,
248 862 344 902 nihil
367 862 489 911 desit,
522 861 620 901 nihil
645 861 797 910 obstet3
833 873 928 913 ergo
961 860 1091 900 omnia
1121 861 1386 914 profluenter,
1419 862 1533 901 abso-

128 919 234 968 lute,
270 932 481 972 prospere,
513 917 635 971 igitur
663 918 790 957 beate.
843 917 945 956 Satis
978 924 1107 957 autem
1140 916 1266 956 virtus
1298 917 1346 956 ad
1377 917 1533 956 fortiter

127 975 338 1014 vivendum
363 982 516 1028 potest3
549 974 645 1014 satis
669 987 763 1027 ergo
786 973 904 1014 etiam
934 974 980 1013 ad
1009 973 1137 1013 beate.
1179 973 1337 1014 Etenim
1369 980 1410 1013 ut
1439 974 1534 1013 stul-
1557 982 1598 1011 54

127 1032 227 1080 titia,
253 1031 326 1071 etsi
349 1032 487 1085 adepta
510 1038 582 1079 est,
611 1031 713 1084 quod
737 1030 960 1084 concupivit
976 1061 986 1079 ,
1022 1043 1231 1083 numquam
1253 1044 1296 1070 se
1319 1038 1447 1070 tamen
1469 1044 1530 1070 sa-

127 1088 178 1127 tis
210 1095 463 1128 consecutam
494 1094 626 1141 putat:
660 1087 717 1127 sie
750 1087 940 1140 sapientia
970 1099 1127 1139 semper
1156 1099 1202 1126 eo
1234 1094 1416 1126 contenta
1450 1093 1524 1136 est,

128 1145 228 1196 quod
250 1144 375 1193 adest,
401 1157 528 1197 neque
552 1158 636 1183 eam
660 1158 842 1196 umquam
864 1144 924 1183 sui
946 1143 1136 1196 poenitet.

243 1200 468 1240 Similemne
491 1207 602 1254 putas
623 1200 667 1240 C.
687 1201 813 1240 Laelii
836 1213 953 1239 unum
976 1201 1217 1240 consulatum
1240 1199 1361 1238 fuisse
1384 1206 1422 1238 et
1444 1212 1530 1238 eum
1548 1197 1602 1242 19

126 1256 280 1309 quidem
303 1271 390 1297 eum
406 1257 564 1311 repulsa
579 1281 635 1285 —
651 1257 699 1304 si,
721 1271 838 1309 quum
856 1256 1013 1309 sapiens
1030 1262 1069 1295 et
1086 1256 1209 1295 bonus
1227 1255 1303 1304 vir,
1326 1256 1449 1308 qualis
1467 1255 1532 1295 ille

128 1313 215 1362 fuit,
240 1312 437 1366 suffragiis
463 1314 716 1367 praeteritur,
746 1327 825 1353 non
846 1313 1009 1366 populus
1032 1326 1053 1351 a
1076 1312 1177 1351 bono
1201 1312 1362 1352 consule
1384 1312 1529 1365 potius,

126 1383 241 1421 quam
257 1370 327 1409 ille
340 1384 360 1410 a
376 1370 533 1423 populo,
552 1370 747 1423 repulsam
768 1370 844 1409 fert
860 1394 912 1398 —
931 1369 998 1409 sed
1016 1376 1146 1408 tamen
1164 1376 1294 1408 utrum
1316 1368 1452 1408 malles
1474 1374 1527 1416 te,

127 1426 162 1466 si
184 1433 357 1479 potestas
389 1433 517 1476 esset,
549 1426 672 1467 semel
702 1425 941 1481 utaliaelium
973 1426 1194 1473 consulem,
1227 1438 1275 1463 an
1306 1432 1347 1463 ut
1369 1424 1533 1475 Cinnam

173 1559 347 1598 Proinde,
377 1559 596 1601 zweisylbig,
627 1569 654 1590 s.
676 1559 799 1600 Zumpt

128 1603 345 1645 §113wegen
360 1603 391 1634 d.
404 1603 599 1643 Bedeutung
611 1604 797 1644 ,‚deshalb“

130 1650 175 1680 il).
206 1648 321 1689 §55-14.
349 1667 394 1670 —
421 1648 489 1680 Der
506 1648 592 1680 Vers
618 1650 664 1680 ist
687 1649 798 1679 wahr-

129 1694 314 1725 seheinlich
336 1704 395 1725 aus
414 1693 535 1725 Accius
555 1694 763 1733 ‚‚Atreus“.

175 1740 230 1771 53.
260 1743 303 1771 ut
327 1739 420 1770 nillil
437 1741 634 1780 poeniteat,
655 1739 718 1770 wie
741 1739 795 1779 28,

128 1785 168 1816 Sl
187 1784 473 1826 quodpoem'tere
483 1787 619 1826 possit‚·
637 1795 662 1816 s.
679 1784 798 1826 Zumpt

167 1830 244 1861 442.

129 1830 147 1872 ἓ
174 1877 292 1907 omnia
307 1875 532 1916 profluenter
550 1878 632 1914 etc.,
654 1874 795 1914 ergiinze

127 1931 163 1952 se
180 1921 366 1951 habebunt.

172 1965 332 1996 absolute
347 1966 576 2006 :perfec-te,
596 1964 660 1995 wie
679 1964 718 1996 de
738 1964 793 1996 fin.

128 2010 185 2043 ΙΙΙ.
207 2011 238 2050 7,
261 2010 303 2042 26
329 2010 491 2042 absolute
514 2012 641 2041 vivere.

172 2058 304 2096 igitur,
332 2065 360 2087 s.
382 2066 423 2086 zu
442 2055 468 2088 Ι.
489 2056 521 2096 6,
544 2055 597 2086 11.

172 2097 236 2136 19.
265 2102 319 2132 54.
347 2100 397 2131 bis
422 2100 504 2142 Cap.
525 2101 588 2131 24:
616 2099 794 2141 Beispiele‚

126 2146 206 2178 dass
241 2146 300 2178 das
326 2145 449 2177 Laster
475 2145 710 2186 ungliieklieh‚
744 2145 796 2176 die

129 2191 269 2232 Tugend
296 2191 463 2231 gliieklich
489 2191 612 2222 macht.

174 2236 377 2268 Similemne
402 2241 488 2277 ete„
518 2236 572 2267 ein
590 2235 795 2267 Anakoluth.

129 2281 198 2313 Der
209 2281 289 2314 Satz
305 2282 405 2313 sollte
420 2282 551 2313 heissen
568 2293 575 2312 ι
592 2280 796 2313 Similemne

127 2331 236 2369 putas
253 2328 292 2360 C.
307 2327 426 2359 Laelii
441 2334 549 2358 unum
569 2326 794 2358 consulatum

117 2373 241 2414 fuisse
258 2375 433 2414 quattuor
452 2373 587 2404 Cinnae
605 2371 798 2402 consulate·-

132 2418 215 2448 bvs?
226 2417 354 2458 Wegen
367 2417 425 2448 der
435 2416 709 2448 Zwischensatze
719 2415 800 2447 aber

131 2462 244 2494 nimmt
274 2462 392 2494 Cicero
427 2462 488 2493 den
524 2461 706 2493 Gedanken
740 2461 800 2492 mit

131 2507 192 2537 sed
217 2510 333 2539 tamen
359 2512 424 2539 ete.
452 2518 516 2538 von
542 2506 668 2539 Neueni
694 2505 765 2538 auf.

181 2551 219 2583 C.
241 2552 384 2584 Laelius
401 2552 564 2594 Sapiens,
597 2552 656 2583 der
672 2552 798 2583 Busen-

134 2595 252 2627 freund
280 2597 336 2629 des
351 2598 498 2639 jiingern
516 2597 708 2637 Africanus,
728 2606 798 2628 war

867 1559 910 1588 im
929 1558 959 1588 J.
982 1559 1044 1589 140
1073 1557 1197 1589 Consul
1225 1556 1284 1588 mit
1311 1555 1349 1596 Q
1371 1555 1534 1589 Servilius

868 1603 985 1644 Gapio.

914 1658 989 1679 eum
1018 1648 1173 1688 repulsa.
1218 1646 1286 1677 Fiir
1313 1647 1371 1678 das
1396 1647 1535 1678 vorher—

868 1693 1016 1733 gehende
1034 1692 1116 1723 Jahr
1134 1693 1225 1722 hatte
1245 1702 1283 1723 er
1301 1692 1372 1723 sich
1393 1692 1534 1732 vergeb-

870 1738 932 1769 lich
953 1738 1069 1769 darum
1088 1737 1278 1768 beworben.

914 1784 1037 1814 malles
1054 1787 1139 1814 te—
1151 1782 1342 1813 consulem.
1364 1782 1455 1813 Velle
1469 1781 1535 1812 und

866 1828 985 1867 malle,
1006 1829 1067 1859 mit
1084 1827 1180 1869 (lopp.
1200 1826 1321 1857 Aecus.
1337 1852 1345 1864 ‚
1367 1827 1452 1858 ohne
1471 1827 1533 1858 den

866 1872 959 1905 Infin.
975 1884 1060 1910 esse,
1077 1873 1201 1903 kommt
1219 1871 1307 1903 b'fter
1324 1881 1404 1911 vor3
1425 1881 1460 1903 so
1477 1872 1532 1912 23,

867 1918 928 1949 66:
956 1921 1019 1959 qui
1042 1929 1078 1949 se
1096 1928 1165 1949 non
1189 1919 1282 1948 hunc
1306 1918 1535 1949 mathemati-

867 1973 942 1995 cum
961 1964 1069 1995 malit
1083 1973 1187 2004 quam
1204 1963 1305 1994 illum
1323 1966 1535 2005 tyrannam,-

866 2009 906 2040 de
925 2008 979 2040 off.
1002 2008 1043 2040 ll.
1058 2009 1114 2049 22,
1128 2009 1189 2040 78:
1213 2010 1275 2049 qui
1289 2019 1326 2039 se
1338 2008 1534 2049 populares

865 2054 999 2086 volant.

911 2102 952 2130 nt
970 2100 1118 2131 Cinnam
1137 2101 1278 2140 quater.
1305 2097 1343 2128 L.
1358 2096 1534 2129 Cornelius
1569 2108 1571 2110 ·

866 2143 986 2183 Cinna,
1015 2145 1055 2175 87
1076 2155 1107 2175 v.
1129 2144 1207 2174 Chr.
1239 2142 1382 2179 Consul,
1411 2142 1443 2173 in
1472 2143 1535 2173 den

866 2189 1053 2229 damaligen
1087 2188 1237 2228 blutigen
1264 2186 1535 2229 Parteik'ampl'en

866 2235 917 2265 als
939 2234 1129 2276 popularis
1148 2243 1210 2264 von
1229 2232 1353 2264 seinem
1374 2231 1535 2273 Collegen

867 2279 928 2310 Cn.
941 2279 1116 2319 Octavius,
1134 2278 1194 2309 der
1207 2288 1249 2309 zu
1267 2278 1329 2309 den
1342 2277 1533 2319 Optimaten

866 2325 1025 2365 gehiirte,
1050 2334 1109 2355 aus
1135 2323 1214 2355 Rom
1240 2323 1442 2363 verdr‘zingt‚
1473 2332 1536 2362 zog

866 2370 944 2401 bald
971 2369 1096 2400 darauf
1119 2369 1161 2400 im
1181 2368 1294 2400 Bunde
1320 2368 1380 2399 mit
1407 2367 1535 2399 Marius

868 2415 918 2446 als
935 2414 1065 2455 Siege1·‚
1085 2419 1184 2446 unter
1203 2413 1430 2445 furchtbarem
1448 2411 1537 2443 Mor-

868 2460 930 2491 den
956 2461 1023 2491 und
1041 2459 1219 2499 Pliindern,
1239 2458 1365 2489 wieder
1383 2458 1448 2496 ein,
1471 2456 1536 2488 und

867 2505 1036 2547 usurpirte
1055 2505 1114 2536 das
1132 2504 1296 2536 Consulat
1313 2503 1397 2534 anch
1418 2502 1473 2542 86,
1494 2502 1534 2532 85

867 2550 934 2581 und
947 2551 1001 2590 84,
1015 2561 1066 2581 wo
1081 2560 1128 2589 er,
1146 2550 1198 2581 bei
1218 2549 1276 2579 der
1295 2548 1536 2579 bevorstehen-

869 2595 930 2627 den
964 2594 1157 2627 Riiekkunft
1184 2593 1296 2625 Sullas
1330 2603 1389 2623 aus
1417 2593 1532 2631 Asien,
