1684 2819
640 205 716 238 LIB.
735 205 786 239 111.
825 206 912 239 CAP.
933 206 962 238 3.
982 207 1012 237 4.
1452 207 1529 246 165

131 320 215 347 6556
237 312 413 358 possunt.
454 307 554 346 Haec
575 307 676 346 enim
701 308 836 355 officia,
860 309 905 347 de
922 308 1058 359 quihus
1076 308 1135 347 his
1152 308 1256 347 libris
1274 308 1530 360 disputamus,
1563 319 1603 350 14

129 362 253 402 media
277 363 396 402 Stoici
419 364 628 414 appellant:
651 378 692 403 ea
716 365 934 404 communia
957 371 1047 403 sunt
1068 370 1104 403 et
1123 365 1195 403 late
1216 370 1358 415 patent,
1381 377 1476 415 quae
1497 370 1534 403 et

129 419 268 470 ingenii
299 419 469 458 bonitate
490 421 599 459 multi
622 427 882 471 assequuntur
903 427 940 460 et
961 421 1235 471 progressione
1257 420 1441 459 discendi.
1483 421 1531 459 Il-

126 476 189 514 lud
212 481 339 514 autem
362 476 550 523 officium,
575 477 676 527 quod
698 482 844 515 rectum
868 477 984 516 iidem
1007 477 1214 528 appellant,
1242 478 1452 527 perfectum
1474 481 1532 516 at-

128 545 199 583 que
226 532 444 570 absolutum
473 538 531 571 est
558 539 612 579 et,
647 538 689 571 ut
717 533 832 571 iidem
862 533 1009 577 dicunt,
1041 545 1176 572 omnes
1204 545 1389 571 numeros
1416 532 1532 571 habet

126 602 198 628 nec
217 593 368 638 praeter
389 589 600 638 sapientem
623 589 754 627 cadere
774 589 812 627 in
835 602 1063 640 quemquam
1089 594 1227 640 potest.
1283 589 1379 627 Cum
1403 593 1529 629 autem
1562 599 1600 630 15

127 644 265 695 aliquid
294 649 421 682 actum
449 650 507 682 est
532 645 569 682 in
602 658 677 695 quo
700 645 824 683 medIa
847 646 969 684 officia
992 651 1254 695 compareant,
1282 645 1319 683 id
1343 645 1532 684 cumulate

128 701 275 739 videtur
297 713 381 738 esse
402 701 632 750 perfectum,
657 706 861 751 propterea
884 702 986 751 quod
1009 701 1144 751 vulgus
1166 701 1253 752 quid
1278 701 1377 740 absit
1399 713 1418 739 a
1440 712 1530 751 per-

127 760 227 796 fecto
256 768 335 794 non
363 758 440 794 sere
467 756 666 806 intellegit:
697 763 885 807 quatenus
914 763 1041 795 autem
1071 757 1264 808 intellegit,
1301 756 1394 795 nihil
1422 761 1532 807 putat

126 812 461 864 praetermissum:
492 813 594 862 quod
622 813 713 850 item
742 813 780 850 in
804 813 1009 862 poematis,
1031 813 1070 851 in
1092 813 1251 863 picturis
1274 825 1349 851 usu
1370 812 1471 851 venit
1491 812 1530 850 in

128 869 286 918 aliisque
309 868 585 918 compluribus,
609 874 650 906 ut
672 869 905 907 delectentur
925 868 1091 919 imperiti
1114 869 1342 919 laudentque
1360 881 1413 913 ea,
1435 880 1531 918 quae

125 924 311 964 laudanda
332 936 412 962 non
435 924 527 970 sint,
550 924 598 962 oh
621 937 723 971 eam,
747 925 874 969 credo,
899 937 1064 970 causam,
1086 925 1188 975 quod
1210 925 1303 963 insit
1321 924 1360 962 in
1381 923 1440 962 his
1462 923 1531 962 ali-

129 981 219 1032 quid
241 981 359 1031 probi
376 981 477 1031 quod
503 981 625 1030 capiat
646 981 822 1030 ignaros,
852 981 915 1031 qui
937 981 1090 1031 quidem
1113 981 1202 1031 quid
1225 981 1261 1018 in
1284 993 1359 1019 una
1381 992 1531 1031 quaque

126 1051 166 1076 re
193 1037 271 1075 vitii
300 1037 348 1075 sit
374 1042 568 1087 nequeant
595 1037 773 1075 iudicare.
819 1037 949 1087 Itaque
978 1050 1064 1076 cuin
1093 1043 1183 1075 sunt
1211 1037 1311 1075 docti
1339 1050 1359 1075 a
1387 1036 1530 1087 peritis

127 1093 317 1133 desistunt
338 1093 444 1131 facile
466 1093 663 1131 sententia.
700 1093 799 1131 Haec
820 1093 935 1143 igitur
957 1093 1092 1138 officia,
1115 1094 1161 1131 de
1183 1093 1321 1144 quibus
1343 1093 1404 1131 his
1425 1092 1529 1131 libris
1556 1095 1581 1133 4

128 1149 367 1194 disserimus,
392 1149 500 1199 quasi
522 1149 688 1187 secunda
711 1150 896 1201 quaedam
919 1150 1081 1187 honesta
1102 1162 1187 1187 esse
1204 1149 1346 1195 dicunt,
1368 1160 1447 1186 non
1466 1161 1528 1186 sa-
1562 1164 1601 1195 1ss

127 1206 312 1257 pientium
344 1205 460 1243 modo
490 1205 664 1256 propria,
695 1206 761 1243 sed
788 1218 875 1243 cum
905 1205 1010 1243 omni
1032 1205 1235 1244 hominum
1260 1216 1398 1255 genere
1420 1216 1528 1243 com-

73 1265 83 1279 ‘
128 1263 269 1301 munia.
307 1262 437 1312 Itaque
460 1261 503 1299 iis
527 1273 674 1307 omnes,
695 1261 732 1299 in
757 1261 892 1312 quibus
915 1266 972 1300 est
993 1262 1143 1300 virtutis
1167 1261 1328 1306 indoles,
1352 1272 1529 1299 commo·-

126 1324 273 1357 ventur.
320 1318 398 1355 Nec
424 1329 513 1355 vero
542 1330 630 1356 611111
659 1318 734 1356 (1110
762 1318 863 1356 Decii
891 1323 955 1356 aut
982 1318 1058 1356 duo
1088 1317 1287 1368 Scipiones
1315 1318 1433 1355 sortes
1460 1316 1530 1354 viri

127 1379 482 1413 commemorantur
507 1379 569 1412 aut
597 1386 682 1412 Cum
713 1374 911 1412 Fabricius
940 1379 1003 1412 aut
1030 1374 1217 1412 Aristides
1247 1374 1371 1412 iustus
1400 1372 1530 1411 nomi—

127 1436 257 1477 natur,
285 1436 348 1468 aut
369 1430 414 1468 ab
436 1430 508 1468 illis
530 1429 765 1468 fortitudinis
789 1435 852 1469 aut
873 1430 918 1468 al)
940 1430 1000 1468 his
1022 1430 1187 1469 iustitiae
1208 1435 1401 1480 tamquam
1424 1442 1444 1468 a
1467 1441 1529 1467 sa—

128 1488 253 1538 piente
273 1487 416 1537 petitur
436 1486 665 1536 exemplum.
702 1486 824 1525 Nemo
849 1487 950 1525 enim
973 1487 1114 1524 horum
1139 1487 1193 1524 sic
1214 1486 1380 1536 sapiens,
1401 1490 1444 1523 ut
1467 1497 1529 1523 sa—

178 1588 226 1619 14.
262 1587 370 1619 Ueber
399 1588 460 1618 den
488 1586 593 1617 Inhalt
622 1587 678 1617 des
708 1586 740 1627 ξ.
767 1597 792 1617 5.

130 1633 213 1665 Einl.
233 1643 262 1664 u.
282 1643 309 1663 z.
330 1631 351 1671 1,
372 1631 401 1671 3,
421 1632 450 1663 S.

865 1589 970 1628 nesta,
990 1588 1047 1618 das
1062 1587 1210 1618 Ehrbare
1230 1587 1371 1617 zweiten
1388 1584 1531 1626 Ranges.

867 1631 957 1662 Ohne
976 1634 1075 1673 quasi
1090 1632 1179 1663 hatte
1194 1631 1260 1663 Cic.
1276 1632 1336 1663 den
1354 1630 1531 1663 Ausdruck

0 1925 2 2002 1

0 2060 7 2342 l

0 2452 8 2506 1,

7 2599 9 2619 i

8 2649 11 2664 1

0 2498 7 2819 i

9 2757 14 2819 2

173 1678 259 1709 Haec
276 1679 372 1708 enim.
407 1677 473 1708 Der
497 1677 597 1708 durch
617 1677 705 1708 enim
723 1677 792 1707 ein-

129 1723 282 1763 gefiihrte
307 1722 419 1753 Grund
449 1722 537 1753 steht
566 1726 636 1753 erst
664 1721 694 1752 in
721 1722 792 1753 dem

128 1768 374 1804 Relativsatze3
395 1778 423 1797 z.
439 1766 461 1805 I,
477 1766 529 1804 33,
548 1766 620 1797 119.
640 1765 791 1806 ll,5,17.

173 1814 305 1854 ingenii
329 1813 475 1843 bonitate
498 1814 531 1843 et
548 1812 793 1854 progressione

128 1857 285 1889 discendi.
319 1857 428 1888 Durch
447 1852 579 1900 εὐφυΐα
594 1857 655 1897 τῆς
676 1856 794 1898 ψυχῆς

129 1903 193 1933 und
211 1898 384 1944 προκοπή
408 1902 493 1932 kann
517 1912 588 1932 man
614 1901 685 1932 dem
703 1899 791 1932 Ideal

129 1948 185 1978 des
217 1947 352 1979 &Veisen
388 1946 563 1986 luiiglichst
592 1946 673 1977 nahe
702 1946 793 1976 kom—

128 2003 210 2023 men.
242 1992 274 2023 S.
294 1991 379 2023 Einl.
412 1991 508 2022 Beide
526 1991 660 2021 werden
678 1991 792 2021 darum

128 2038 209 2068 auch
248 2041 346 2068 unter
378 2036 431 2067 die
464 2036 791 2067 scliiitzenswerthen

127 2082 240 2122 Dinge,
252 2092 399 2125 προηγμ
407 2081 676 2120 ἐ11α,ς61·66111161;.
697 2091 791 2123 προ-

129 2123 225 2167 κοπή
254 2126 427 2157 iibcrsetzt
455 2126 522 2156 Cic.
549 2125 666 2164 richtig
689 2125 790 2154 durch

124 2172 324 2214 progressio
343 2170 439 2209 disc„
470 2170 545 2200 weil
575 2170 625 2200 die
654 2168 790 2208 'sug-end

127 2215 261 2247 lehrbar
278 2215 322 2246 ist
338 2215 400 2245 und
419 2214 477 2245 aus
491 2215 562 2245 dem
579 2213 715 2245 wissen
735 2213 791 2244 be—

129 2261 213 2292 ruht.

173 2316 286 2337 omnes
303 2314 460 2336 minueres
478 2305 593 2335 habet:
617 2302 789 2333 wortliche

127 2351 379 2389 Uebersetzung
416 2360 479 2379 von
519 2344 661 2383 πάντας
699 2346 791 2390 ἔχων

127 2392 211 2431 τοὺς
227 2391 422 2439 ἀριθμούς.
468 2393 537 2424 Dei]
555 2392 703 2433 gleichen
724 2391 789 2424 Ge-

127 2441 247 2472 brauch
265 2450 327 2471 von
347 2449 508 2471 numerus
532 2438 634 2469 haben
656 2437 707 2468 die
724 2436 791 2468 Ριὸ-

127 2495 197 2517 11161·
229 2485 260 2516 111
293 2484 520 2516 Redensarten
549 2483 611 2513 wie
637 2483 790 2513 omnibus

127 2531 277 2561 numeris
293 2529 467 2560 absolutus
486 2539 515 2559 u.
536 2527 719 2558 iihnlichen.

178 2574 227 2605 15.
253 2575 435 2615 nousere:
468 2584 509 2604 zu
526 2572 564 2611 ll,
584 2571 637 2611 20,
655 2571 708 2602 69.

175 2613 214 2650 4·
235 2617 284 2650 16.
299 2621 396 2659 qnasi
405 2618 552 2650 secunda
559 2616 721 2659 quaedam
734 2616 791 2647 Ιιο-

866 1677 931 1707 wol
942 1676 1030 1708 nicht
1044 1676 1206 1708 brauchen
1220 1677 1358 1707 konnen.
1375 1675 1469 1707 Aueh
1477 1675 1530 1706 die

867 1721 1001 1752 Stoiker
1026 1731 1126 1761 Sagen
1146 1732 1208 1753 nur
1229 1722 1325 1766 μέσα
1346 1718 1530 1761 καθήκον-

866 1777 919 1806 τα,
940 1766 1028 1797 nicht
1046 1763 1219 1811 δεύτερον
1235 1762 1357 1798 καλόν.

912 1814 1176 1843 commoventur:
1192 1810 1229 1851 H,
1247 1812 1274 1852 9,
1295 1810 1347 1841 32.
1374 1810 1433 1842 Die
1444 1809 1532 1841 Stoi-

867 1856 926 1887 ker
956 1866 1055 1896 sagen
1085 1858 1180 1888 κινεῖ
1200 1853 1265 1896 τὴν
1289 1851 1419 1899 ὁρμήν.
1464 1854 1529 1886 Das

865 1901 1020 1932 schliesst
1043 1901 1192 1940 zugleich
1210 1901 1271 1932 den
1289 1899 1417 1939 Beifall,
1444 1909 1531 1942 συγ-

864 1942 1064 1980 macie-5015
1086 1946 1144 1977 mit
1161 1945 1224 1976 ein.
1266 1945 1358 1977 Stob.
1377 1945 1438 1976 ecl.
1463 1945 1528 1976 eth.

865 2002 893 2032 p.
916 1990 977 2021 160
995 2001 1027 2021 u.
1050 1990 1122 2021 164.
1154 1989 1228 2030 vgl.
1247 1989 1279 2031 ξ.
1297 1990 1350 2021 35.

909 2038 969 2067 aut
986 2035 1160 2067 Aristides
1177 2053 1221 2057 —
1237 2038 1299 2066 aut
1320 2035 1360 2066 ab
1380 2035 1432 2066 ln‘s
1448 2053 1489 2056 —
1509 2044 1531 2065 α

864 2083 1031 2123 sapiente:
1066 2090 1100 2110 so
1131 2080 1240 2110 bieten
1266 2079 1317 2110 die
1347 2079 1452 2110 Stelle
1477 2078 1529 2110 die

864 2125 978 2155 besten
997 2124 1093 2155 Hdss.
1112 2125 1176 2154 und
1194 2124 1345 2154 Lactant.
1362 2122 1418 2162 VI,
1437 2123 1467 2161 6,
1486 2122 1528 2154 26

865 2169 914 2199 ed.
934 2168 1008 2199 Par.
1025 2171 1087 2200 (mi
1102 2168 1275 2199 Aristides
1292 2168 1414 2199 wollen
1431 2167 1528 2199 Viele

865 2213 1041 2244 streichen.
1080 2212 1170 2244 Aber
1198 2213 1273 2243 dass
1304 2213 1363 2243 der
1387 2211 1527 2244 Grieche

863 2258 933 2289 hier
966 2263 1063 2288 unter
1102 2258 1163 2288 den
1196 2257 1338 2289 Ro'niern
1378 2257 1529 2288 erw'ahnt

863 2302 963 2341 wird,
988 2303 1089 2333 findet
1107 2302 1197 2333 seine
1216 2302 1405 2342 Erkl'arung
1421 2301 1527 2341 darin,

848 2348 939 2378 *dass
957 2347 1128 2379 Fabricius
1147 2348 1212 2378 und
1230 2347 1394 2379 Aristides
1418 2347 1528 2387 eInzig

836 2414 848 2423 1
863 2393 924 2423 den
937 2392 1111 2423 Beinainen
1125 2393 1182 2423 des
1199 2391 1384 2423 Gerechten
1399 2391 1527 2423 ffihren.

863 2437 930 2468 Der
948 2437 1103 2477 Singular
1120 2448 1140 2468 a
1155 2439 1304 2480 sapiente
1326 2437 1370 2468 ist
1386 2439 1527 2476 gesetzt,

864 2492 915 2512 um
944 2482 1228 2522 hervorzuheben,
1259 2481 1335 2512 dass
1364 2481 1421 2512 das
1438 2479 1527 2512 Ideal

865 2527 923 2557 der
940 2526 1122 2565 Weishest,
1153 2527 1213 2557 der
1238 2536 1299 2556 nur
1320 2525 1352 2556 in
1376 2526 1434 2556 der
1450 2524 1525 2556 ldee

865 2571 1066 2602 existirende
1085 2571 1227 2603 stoisehe
1245 2570 1362 2601 weise
1383 2569 1527 2610 gemeint

866 2615 924 2647 sei.
979 2617 1070 2647 Auch
1110 2616 1161 2646 die
1194 2615 1329 2647 Stoiker
1368 2615 1526 2659 sprechen
