1684 2819
604 191 681 224 LlB.
700 192 724 224 l.
765 192 856 224 CAP.
876 192 929 224 24.
947 191 1000 223 25.
1021 191 1073 223 26.
1489 198 1543 238 69

136 299 361 339 alterutrum
382 308 516 335 verum
538 308 640 343 esse,
662 295 870 346 pertimuit,
891 307 950 342 ne,
973 296 1005 333 si
1028 309 1257 335 concessum
1281 303 1383 336 esset
1403 298 1540 337 huius-

136 354 242 394 modi
268 352 427 404 aliquid,
455 357 519 391 aut
546 352 644 390 vivet
665 364 748 390 cras
771 357 835 390 aut
858 364 937 390 non
960 352 1056 391 vivet
1077 353 1287 404 Epicurus,
1315 354 1540 393 alterutrum

134 413 242 450 fieret
274 409 556 448 necessarium:
593 414 718 447 totum
745 408 820 446 hoc
849 416 915 447 aut
942 411 1055 447 etiam
1083 417 1151 449 aut
1174 422 1252 448 vnon
1279 411 1428 461 negavit
1454 424 1541 449 esse

134 466 408 506 necessarium.
451 466 537 512 Quo
561 465 650 515 quid
674 465 746 503 dici
768 465 893 515 potuit
918 464 1129 504 obtusius?
1170 467 1338 516 Urge-hat
1353 467 1540 506 Arcesilas

134 524 343 569 Zenonem,
367 535 484 573 quum
508 522 591 572 ipse
612 521 704 559 falsa
727 521 856 560 omnia
878 521 1032 569 diceret,
1055 535 1152 573 quae
1170 523 1347 561 sensibus
1363 524 1540 562 videren-

133 585 213 618 tur:
242 580 344 617 Zeno
373 584 520 625 autem,
546 577 729 616 nonnulla
752 577 831 616 visa
860 590 945 616 csse
967 579 1078 625 falsa,
1106 591 1186 617 non
1209 579 1352 618 omnia.
1396 580 1542 618 Timuit

132 636 342 687 EpicuruS,
365 648 429 682 ne,
452 635 482 673 si
505 646 627 673 unum
648 634 773 671 visum
796 639 898 672 esset
919 634 1070 680 salsum,
1092 636 1240 673 nullum
1264 641 1367 674 esset
1386 649 1540 683 verum3

135 704 271 730 omnes
294 704 432 730 sensus
449 691 525 729 veri
547 689 704 728 nuntios
728 689 821 727 dixit
837 702 934 728 esse.
977 690 1079 728 Nihil
1095 692 1237 729 horum
1255 692 1370 730 nimis
1389 692 1537 730 callide:

134 749 349 799 graviorem
372 748 473 786 enim
496 747 645 797 plagam
667 745 893 795 accipiebat,
917 752 958 784 ut
978 746 1158 785 leviorem
1181 749 1390 798 repelleret.
1430 748 1535 787 ldem
1567 753 1605 785 71

133 806 221 843 facit
242 805 280 842 in
301 808 435 842 natura
453 803 628 841 deorum.
669 802 768 840 Dum
787 802 1071 841 individuorum
1090 815 1299 854 corporum
1319 804 1537 843 concretio-

130 873 219 899 nem
238 860 345 910 fugit,
368 871 415 897 ne
432 858 614 897 interitus
637 863 672 896 et
695 858 895 908 dissipatio
920 865 1190 910 consequatur,
1214 866 1324 910 negat
1345 873 1431 898 esse
1450 871 1537 898 cor-

131 929 205 968 pus
227 916 401 963 deorum,
424 916 490 953 sed
508 920 703 965 tamquam
726 927 881 965 corpus,
905 927 976 953 nec
994 916 1233 966 sanguinem,
1256 916 1323 954 sed
1340 921 1536 966 tamquam

130 972 371 1024 sanguinem.
420 972 587 1010 Mirabile
612 971 777 1018 videtur,
806 972 910 1022 quod
932 984 1011 1010 non
1035 972 1156 1011 rideat
1177 973 1385 1023 haruspex,
1416 985 1536 1023 quum
1561 971 1614 1010 26

131 1029 376 1080 haruspicem
405 1027 560 1067 viderit:
597 1028 672 1066 hoc
700 1028 930 1075 mirabilius,
967 1029 1070 1079 quod
1099 1041 1166 1066 vos
1198 1023 1295 1067 inter
1324 1042 1392 1068 vos
1415 1029 1538 1067 risum

130 1092 263 1124 tenere
284 1085 457 1136 possitis.
498 1084 585 1123 Non
606 1090 664 1122 est
686 1097 841 1135 corpus,
863 1086 929 1123 sed
954 1085 1063 1135 quasi
1086 1098 1243 1136 corpus,
1285 1085 1370 1123 Hoc
1396 1084 1538 1123 intelli—

130 1154 259 1193 gerem
288 1142 396 1193 quale
424 1146 544 1188 esset,
576 1141 606 1178 si
636 1141 673 1179 id
697 1141 734 1178 in
759 1141 856 1180 ceris
877 1142 1088 1192 fingeretur
1105 1149 1168 1180 aut
1189 1141 1368 1180 fictilibus
1390 1140 1535 1192 figuris.

130 1270 204 1305 sagt
220 1265 321 1303 wird3
341 1265 405 1295 und
419 1274 533 1304 wegen
551 1266 653 1295 etiam.
669 1264 718 1295 als
733 1264 795 1295 Be-

125 1310 249 1351 jahung
258 1308 419 1341 Heindorf
430 1320 471 1340 zu
485 1309 563 1340 Hor.
574 1309 642 1340 Sat.
653 1308 688 1349 ll,
701 1308 729 1350 3,
740 1309 793 1339 97.

174 1366 288 1387 omnes
305 1365 425 1386 sensus
444 1357 516 1387 verz?
529 1356 675 1387 mmtz'os.
715 1354 793 1396 Epi—

128 1400 208 1431 kurs
228 1400 362 1432 Griindc
386 1400 482 1430 (laliir
506 1404 595 1431 setzt
618 1399 793 1430 Lucretius

128 1446 346 1476 auseinander
370 1444 424 1485 IV,
450 1444 514 1475 480
539 1444 571 1476 ff.
607 1444 689 1476 VVas
720 1455 792 1475 inan

129 1490 438 1529 Sinnentiiuscbung
467 1500 589 1528 nenne,
624 1490 671 1520 sei
704 1490 795 1520 nicht

129 1535 249 1565 Schuld
278 1536 337 1565 (lcr
366 1534 466 1565 Sinnc
496 1534 616 1574 selbst,
652 1535 794 1564 sondern

130 1580 250 1610 Schuld
280 1580 372 1610 einer
395 1579 598 1618 unrichtigen
623 1579 794 1610 Beurthei-

128 1625 208 1664 lung
233 1625 290 1655 des
317 1624 497 1655 siunlichcn
518 1624 735 1661 Eindruckes,
763 1634 792 1654 v.

129 1669 194 1700 464
215 1669 245 1700 ff.

173 1714 258 1745 nihil
277 1732 317 1735 —-
343 1715 445 1745 nllne's
468 1713 583 1745 callide
605 1712 658 1744 fiir
679 1713 795 1745 admo-

129 1760 207 1791 dum
227 1760 278 1790 od.
298 1759 390 1790 valde
407 1758 530 1790 callide.
564 1758 606 1789 So
625 1759 704 1790 auch
727 1769 793 1790 non

128 1806 230 1836 nimis
248 1804 302 1835 fiir
319 1804 428 1835 nicht
446 1804 699 1835 sonderlich.
726 1803 792 1834 Cic.

129 1850 194 1880 div.
220 1850 250 1880 in
274 1849 394 1880 Caecil.
421 1860 448 1879 c.
473 1848 524 1889 22,
549 1848 606 1878 71:
636 1848 703 1879 Hoc
724 1851 794 1879 sta-

127 1898 235 1935 tuere,
269 1893 408 1931 1'ud1'ces,
440 1893 584 1933 debetis,
617 1892 794 1924 Caecilimn

126 1950 191 1971 uon
205 1941 305 1970 alniis
318 1939 402 1969 hauc
415 1949 571 1970 caussam
584 1948 708 1977 set-ere,
726 1948 792 1969 non

126 1986 227 2016 m'mt's
240 1987 407 2025 accurate,
420 1994 484 2015 71on
498 1984 601 2014 uineis
615 1983 795 2025 &legenter

126 2032 294 2061 acturum.
328 2028 462 2060 Tuscul.
488 2028 532 2069 V,
556 2028 614 2065 33,
640 2028 697 2059 93:
727 2039 792 2059 non

125 2077 225 2107 nimis
247 2075 410 2116 sortasse
445 2074 628 2113 subtiliter,
668 2073 796 2105 *utiliter

128 2123 250 2152 tamen.

174 2165 226 2196 71.
252 2164 334 2196 ditm
349 2164 482 2196 ιήιίίυίᾱ.
499 2174 589 2207 corp.
609 2174 718 2195 coner.
727 2164 795 2205 su—

125 2212 189 2252 git.
223 2209 384 2240 Hiernach
410 2210 532 2241 konnte
550 2219 622 2240 man
641 2209 792 2249 glauben,

127 2255 253 2297 Epikur
280 2255 361 2285 habe
391 2255 443 2285 die
469 2254 590 2285 Gotter
618 2254 705 2285 nicht
730 2254 794 2284 wie

127 2301 210 2332 alles
228 2299 361 2331 Ande-re
385 2310 444 2331 aus
470 2300 610 2330 Atomen
636 2299 793 2329 bestehen

128 2345 255 2384 lassen,
280 2345 438 2385 sondern,
463 2345 566 2375 sowie
590 2354 628 2374 er
650 2344 744 2374 ihnen
763 2343 794 2373 in

129 2391 190 2421 den
204 2389 445 2421 111te1·1uundien
461 2390 532 2420 eine
548 2400 609 2420 von
625 2389 686 2420 (len
696 2387 794 2419 Wel-

128 2440 184 2466 ten
201 2435 442 2475 abgesonderte
462 2433 639 2474 VVohnung
661 2433 793 2474 amvies,

131 2490 166 2510 so
190 2480 285 2511 ihnen
303 2481 384 2511 auch
410 2480 483 2511 eine
507 2480 690 2511 besondere
709 2478 794 2509 Sub-

133 2529 226 2555 stanz
240 2525 397 2565 gegeben,
413 2536 476 2556 von
490 2526 561 2565 der,
575 2535 634 2556 aus
648 2524 795 2554 welcher

132 2568 182 2599 die
200 2568 335 2601 Welten
353 2571 546 2610 bestiinden,
563 2569 792 2601 verschieden.

131 2612 210 2644 Dies
234 2614 335 2646 haben
361 2615 392 2646 in
417 2616 476 2647 der
493 2614 580 2647 That
597 2614 712 2654 Einige
735 2624 794 2654 ge-

869 1264 1000 1305 glaubt3
1031 1265 1110 1296 aber
1132 1266 1277 1305 dagegen
1304 1265 1443 1306 spricht,
1468 1274 1536 1295 was

869 1310 964 1341 Cotta
984 1310 1065 1341 oben
1081 1321 1108 1341 c.
1124 1310 1176 1345 24,
1192 1309 1232 1341 68
1248 1315 1332 1350 sagt,
1351 1310 1415 1340 und
1429 1308 1536 1340 Varro

868 1355 909 1386 fr.
925 1366 954 1397 p.
972 1355 1037 1386 214
1052 1356 1119 1397 ssip.
1150 1354 1304 1395 Moglich,
1323 1356 1398 1386 dass
1414 1354 1537 1395 Epikur

868 1401 975 1439 selbst
1000 1401 1067 1431 sich
1092 1401 1174 1431 iiber
1191 1401 1303 1431 diesen
1322 1399 1431 1430 Punkt
1450 1399 1538 1430 nicht

867 1446 1296 1486 deutlichausgcsprochen,
1312 1445 1453 1475 sondern
1470 1443 1537 1474 sich

866 1491 1012 1530 begniigt
1035 1491 1106 1531 hat,
1135 1491 1193 1521 mit
1217 1489 1382 1529 Berufung
1405 1487 1465 1519 auf
1485 1488 1536 1518 die

868 1532 1074 1578 πρόληψις,
1101 1535 1152 1565 die
1172 1534 1455 1566 Unsterblichkeit
1472 1533 1536 1563 und

869 1580 1031 1619 Seligkeit
1049 1580 1108 1610 der
1127 1578 1247 1610 Giitter
1271 1590 1311 1609 zu
1336 1579 1536 1620 behaupten:

869 1625 909 1655 ob
938 1624 1018 1655 aber
1041 1625 1103 1654 und
1128 1625 1191 1654 wie
1221 1625 1271 1654 ihi·
1295 1626 1395 1665 quasi
1414 1633 1537 1666 corpus

868 1679 927 1700 aus
944 1669 1083 1700 Atomen
1109 1669 1253 1708 gebildet
1277 1669 1343 1708 sei,
1367 1669 1425 1699 mit
1443 1667 1537 1699 Still-

869 1715 1056 1754 schwcigen
1088 1714 1298 1753 iibergangen
1328 1715 1393 1744 bat.
1418 1731 1463 1735 —-
1490 1712 1535 1743 Es

869 1760 913 1790 ist
930 1760 990 1790 den
1007 1758 1161 1799 Gegnern
1178 1759 1267 1789 nicht
1280 1769 1319 1789 zu
1333 1757 1536 1797 verdenken,

868 1814 962 1836 wenn
982 1805 1030 1834 sie
1049 1804 1100 1834 ihn
1120 1803 1380 1843 beschuldigten,
1405 1803 1481 1833 dass
1501 1811 1535 1833 es

867 1850 930 1880 ihm
960 1849 1144 1889 iiberhaupt
1171 1849 1230 1879 mit
1252 1848 1377 1885 Allem,
1406 1856 1476 1878 was
1500 1857 1537 1877 er

866 1904 931 1925 von
961 1894 1022 1924 (len
1047 1893 1189 1925 Go'ttern
1220 1898 1331 1933 sagte,
1360 1903 1420 1933 gar
1449 1892 1537 1923 nicht

868 1939 972 1970 Ernst
989 1939 1048 1970 sei.

912 1983 972 2015 sed
985 1987 1156 2025 tamquam
1169 1993 1292 2027 corpus
1306 1983 1376 2014 soil.
1392 1993 1465 2014 esse
1477 1984 1535 2021 ait,

867 2040 935 2060 was
954 2039 1012 2060 aus
1032 2030 1101 2060 dem
1116 2030 1269 2068 voi-berg.
1284 2030 1390 2070 neg-at
1406 2038 1447 2058 zu
1461 2031 1535 2058 ent-

868 2075 1021 2111 nelunen,
1051 2075 1114 2105 wic
1145 2075 1184 2105 de
1215 2073 1310 2104 Finn.
1336 2073 1373 2113 V,
1398 2072 1451 2109 29,
1477 2071 1534 2102 88:

869 2119 926 2151 Ille
950 2118 1076 2150 Metelli
1097 2121 1197 2150 vitam
1223 2121 1328 2159 negat
1351 2119 1536 2149 beatiorem

867 2175 964 2206 quam
976 2164 1106 2205 Regali,
1120 2162 1394 2206 praeponendam
1408 2164 1535 2193 tamen:

867 2221 898 2241 u.
917 2214 1011 2240 sonst
1030 2208 1149 2248 hiiufig.

912 2248 981 2285 26.
1008 2252 1163 2284 Mirabile
1175 2252 1306 2284 videtur
1320 2254 1379 2284 etc.
1405 2251 1481 2291 vgl.
1496 2251 1536 2281 de

867 2299 940 2330 Div.
961 2298 1004 2337 ll,
1024 2298 1082 2337 24,
1108 2308 1159 2328 wo
1184 2298 1254 2328 dies
1277 2297 1327 2328 als
1344 2295 1536 2338 Ausspruch

868 2344 925 2374 des
944 2344 1072 2374 {ilteren
1093 2343 1172 2374 Cato
1191 2341 1367 2382 angefiihrt
1384 2342 1478 2372 wird.

914 2390 947 2420 si
972 2388 1009 2420 id
1030 2390 1062 2419 in
1088 2389 1175 2420 ceris
1196 2388 1407 2430 fingeretur:
1437 2395 1534 2416 wenn

867 2433 970 2465 Einer
1002 2434 1114 2465 diesen
1150 2432 1271 2464 Einl'all
1305 2433 1336 2463 in
1371 2432 1447 2462 Bez.
1480 2431 1540 2463 auf

868 2479 1012 2512 &Vachs—
1037 2479 1119 2510 oder
1136 2477 1339 2509 Thonbilder
1361 2477 1462 2507 hatte.
1498 2474 1540 2508 Id

868 2525 948 2556 nach
975 2525 1035 2555 lzoc
1060 2524 1104 2554 ist
1127 2523 1216 2554 nicht
1238 2522 1461 2562 anstiissiger,
1485 2521 1536 2553 als

869 2569 950 2600 nach
969 2570 1040 2600 dem
1058 2568 1151 2600 Nom.
1170 2578 1280 2609 propr.
1299 2567 1334 2598 C.
1352 2566 1451 2598 Veri·⁷
1470 2570 1535 2598 act.

867 2613 889 2657 1,
915 2614 945 2655 8,
964 2614 1021 2645 21:
1047 2624 1150 2656 quum
1174 2613 1219 2645 M.
1239 2611 1372 2645 Metello
1396 2612 1536 2653 oblvgis-
