1684 2819
167 199 221 239 94
630 198 686 229 DE
711 198 893 232 NATURA
919 199 1101 232 DEORUM

166 300 346 351 gratiam:
370 299 468 338 tollit
489 298 544 341 id
566 300 670 349 quod
694 299 859 338 maxime
880 301 1083 352 proprium
1106 307 1165 340 est
1186 301 1354 353 optimae
1374 308 1575 353 praestan-

166 357 413 406 tissimaeque
434 360 603 393 naturae.
647 355 746 402 Quid
769 355 869 394 enim
892 362 950 394 est
965 357 1101 396 melius
1123 364 1185 396 aut
1207 358 1297 409 quid
1316 359 1573 421 praestantius

165 412 335 452 bonitate
351 417 388 449 et
403 409 682 450 beneficentia?
718 412 803 459 Qua
822 424 941 463 quum
959 425 1088 451 catere
1104 413 1218 452 deum
1235 415 1361 462 vultis,
1379 415 1573 453 neminem

165 469 238 507 deo
259 479 329 506 nec
349 468 465 506 deum
482 479 553 506 nec
569 467 768 506 hominem
787 481 817 507 c
809 481 931 515 irum,
952 469 1146 507 neminem
1164 470 1209 508 ab
1226 483 1271 509 eo
1293 471 1425 518 amari,
1447 470 1573 509 nemi-

164 536 254 562 nem
276 523 378 574 diligi
399 524 524 562 vultis.
566 524 620 562 lta
649 526 708 570 tit,
737 529 779 563 ut
800 536 879 563 non
907 525 1025 563 modo
1048 525 1226 564 homines
1248 539 1268 565 a
1290 527 1379 574 diis,
1408 527 1475 565 sed
1498 527 1571 577 ipsi

85 581 140 619 44
166 579 216 618 dii
238 580 337 618 inter
357 593 399 618 se
419 580 465 619 ab
487 580 568 619 aliis
591 580 650 618 alii
673 581 925 631 negligantur.
969 582 1121 628 Quanto
1145 581 1265 620 Stoici
1286 583 1444 630 melius,
1467 583 1529 634 qui
1552 595 1572 621 a

164 636 272 675 vobis
290 636 644 687 reprehenduntur!
669 637 836 676 Censent
851 643 977 676 autem
996 637 1189 688 sapientes
1206 638 1442 689 sapientibus
1458 640 1572 678 etiam

163 693 306 743 ignotis
329 705 414 731 esse
436 693 596 732 amicos.
637 693 737 732 Nihil
759 699 818 732 est
838 694 940 732 enim
966 694 1104 733 virtute
1125 694 1347 741 amabilius,
1371 707 1487 745 quam
1509 695 1570 746 qui

71 754 134 787 122
163 749 326 800 adeptus
353 749 441 794 erit,
479 749 714 801 ubicumque
743 750 814 788 erit
842 750 1032 801 gentium,
1070 764 1089 790 a
1118 750 1230 789 nobis
1266 751 1453 801 diligetur.
1495 750 1571 789 Vos

161 811 289 844 autem
317 806 408 857 quid
437 806 526 844 mali
556 806 669 853 datis,
700 819 819 857 quum
847 807 884 845 in
914 807 1167 846 imbecillitate
1196 807 1516 857 gratificationem
1537 813 1573 845 et

161 861 464 901 benevolentiam
487 862 650 914 ponitis!
695 863 744 901 Ut
772 863 873 901 enini
904 864 1078 902 omittam
1107 863 1181 901 vim
1211 869 1246 902 et
1272 869 1449 902 naturam
1478 863 1571 902 deo-

160 930 266 957 rum:
296 931 343 956 ne
364 919 543 957 homines
566 919 719 969 quidem
742 919 926 965 censetis,
955 920 1028 958 nisi
1051 919 1229 958 imbecilli
1251 926 1398 966 essent,
1420 921 1570 958 futuros

160 974 356 1013 beneficos
384 981 421 1013 et
448 975 636 1025 benignos
666 974 813 1014 fuisse?
859 976 967 1014 Nulla
996 982 1054 1013 est.
1089 977 1224 1014 caritas
1261 976 1445 1014 naturalis
1473 976 1572 1014 inter

160 1029 317 1068 bonos?
359 1030 504 1069 Carum
525 1031 653 1082 ipsum
677 1031 834 1069 verbum
859 1037 919 1069 est
939 1032 1098 1076 amoris,
1123 1045 1167 1069 ex
1189 1044 1266 1082 quo
1289 1032 1476 1070 amicitiae
1497 1044 1570 1069 no-

161 1098 249 1125 men
273 1091 331 1125 est
352 1087 530 1133 ‹luctum3
558 1100 671 1138 quam
695 1086 727 1125 si
756 1088 801 1125 ad
824 1089 993 1126 fructum
1020 1092 1200 1125 nostrum
1230 1088 1461 1133 reseremus,
1490 1099 1571 1125 non

161 1142 206 1181 ad
236 1142 334 1181 illius
365 1143 572 1182 commoda
595 1156 709 1194 quem
738 1143 958 1193 diligemus,
986 1156 1066 1182 non
1094 1144 1165 1182 erit
1193 1143 1263 1182 ista
1291 1143 1474 1190 amicitia,
1503 1143 1570 1182 sed

161 1205 376 1237 mercatura
398 1199 583 1250 quaedam
602 1199 804 1238 utilitatum
828 1213 999 1239 suarum.
1031 1200 1145 1239 Prata
1166 1205 1203 1238 et
1218 1212 1305 1239 arva
1327 1205 1363 1239 et
1379 1199 1571 1251 pecudum

162 1267 296 1305 greges
319 1255 530 1306 diliguntur
551 1256 624 1294 isto
647 1257 779 1303 inodo,
809 1257 912 1307 quod
936 1257 1083 1295 fructus
1105 1269 1150 1294 ex
1172 1256 1227 1294 eis
1250 1257 1473 1307 capiuntur:
1495 1256 1568 1294 ho—

162 1311 313 1350 minum
335 1312 474 1351 caritas
497 1318 532 1351 et
553 1312 716 1351 amicitia
735 1312 896 1363 gratuita
917 1318 986 1351 est.
1026 1313 1178 1359 Quanto
1202 1312 1316 1363 igitur
1332 1315 1454 1362 magis
1476 1312 1569 1350 deo—

161 1379 267 1414 rum,
288 1368 353 1418 qui
377 1368 480 1406 nulla
502 1382 542 1407 re
564 1374 719 1418 egentes
742 1374 778 1407 et
799 1368 898 1407 inter
920 1381 960 1407 se
983 1368 1143 1419 diligunt
1172 1375 1207 1407 et
1229 1369 1451 1407 hominibus
1474 1379 1569 1407 con-

162 1423 305 1462 sulunt.
347 1425 459 1471 Quod
489 1425 527 1462 ni
555 1425 605 1463 ita
627 1425 693 1471 sit,
723 1425 814 1476 quid
837 1437 1082 1471 veneramur,
1106 1425 1194 1476 quid
1220 1437 1423 1475 precamur
1445 1421 1569 1463 deos?

162 1491 231 1518 cur
251 1479 371 1518 sacris
403 1481 627 1531 pontifices,
657 1493 725 1519 cur
758 1481 940 1532 auspiciis
969 1493 1132 1532 augures
1161 1480 1378 1532 praesunt?
1406 1481 1496 1532 quid
1524 1494 1569 1519 0-

160 1542 316 1587 ptamus
338 1549 358 1575 a
379 1537 450 1576 diis
473 1536 785 1576 immortalibus?
813 1538 903 1589 quid
926 1536 1139 1576 vovemus?
1180 1538 1228 1576 At
1254 1537 1365 1577 etiam
1393 1537 1488 1576 liber
1513 1542 1571 1576 est

945 1705 1027 1748 quid
1047 1705 1130 1737 mali
1151 1705 1262 1737 datis?
1295 1704 1328 1737 ln
1347 1706 1407 1737 der
1423 1705 1567 1747 Sprache

158 1705 265 1747 κυρία
284 1701 384 1742 δόξα.
412 1704 522 1738 Ueber
534 1704 619 1736 idem
638 1704 704 1745 vgl.
720 1715 762 1736 zu
775 1704 825 1747 111,
899 1751 916 1781 d
1089 1751 1094 1756 η
1191 1750 1216 1782 L
1241 1750 1259 1781 b
1355 1751 1361 1757 ι
1385 1755 1397 1782 t
1426 1750 1449 1782 d
1537 1750 1544 1756 ”

921 1760 957 1781 es
991 1761 1160 1790 geineinen
1220 1761 1237 1782 e
1263 1760 1320 1782 ens
1354 1761 1381 1782 is
1449 1760 1509 1782 are
1536 1760 1567 1781 ιιι

159 1748 210 1790 39,
229 1749 283 1780 93.

203 1797 315 1826 auvari
327 1813 372 1817 ——
389 1795 493 1836 dilig-i.
522 1795 620 1826 Beide
629 1795 825 1826 Ausdriicke

157 1840 291 1870 w·eiden
311 1840 420 1879 hiiulig
435 1839 640 1871 wzeibunden
659 1841 717 1871 dei
734 1845 824 1871 eiste

157 1884 235 1923 geht
263 1883 322 1915 auf
348 1885 419 1915 eine
442 1885 534 1915 mehr
557 1884 824 1915 unxwillkiirliclie

156 1928 466 1970 Herzensneigung,
508 1930 568 1960 der
605 1930 728 1960 andere
769 1929 828 1960 aul'

156 1974 228 2005 eine
268 1973 473 2014 hegriindete
506 1973 550 2005 w
554 1975 823 2013 ezwthsdritzung.

154 2020 285 2050 Amant
300 2019 348 2050 dii
364 2019 515 2050 homines
525 2044 533 2058 ,
559 2019 635 2050 weil
662 2029 697 2049 cs
716 2019 745 2049 in
765 2019 824 2050 der

153 2063 336 2104 giittliclien
361 2063 468 2095 Natur
497 2064 593 2104 liegt,
624 2063 724 2095 Liebe
750 2074 822 2094 zum

155 2109 397 2140 menschliehen
417 2108 616 2141 Gcsclileclit
634 2119 673 2139 zu
691 2108 821 2139 fiihlen:

154 2153 304 2195 dilig-emt
319 2153 368 2185 dii
381 2155 549 2192 limnines,
568 2154 673 2185 indem
694 2154 741 2185 sie
759 2154 820 2184 den

156 2198 329 2230 Frommen
349 2199 413 2230 und
433 2198 683 2239 Tugendhal'tcn
702 2199 820 2230 beson—

155 2244 231 2274 ders
250 2244 418 2275 liuldreich
435 2245 499 2275 und
518 2243 701 2275 l'reundlic-li
720 2254 820 2284 zuge-

156 2289 230 2319 tlian
250 2289 333 2319 sind.

200 2339 268 2376 44.
293 2345 375 2377 niIu‘l
390 2348 441 2377 est
458 2356 508 2377 en.
523 2347 596 2377 virt.
609 2347 718 2376 amab.
744 2345 820 2384 vgl.

153 2390 193 2421 de
214 2390 315 2421 Amic.
339 2401 366 2421 c.
393 2390 422 2428 S,
451 2390 508 2421 28:
538 2390 625 2421 nihil
652 2393 705 2421 est
731 2391 821 2421 euim

152 2435 332 2467 amabilius
351 2437 474 2467 virtute
483 2461 491 2476 ,
507 2435 590 2466 nihil
604 2435 693 2476 quod
708 2437 820 2476 mag-is

151 2480 279 2511 alliciat
294 2480 340 2512 ad
350 2480 569 2522 diligendum,
587 2482 706 2522 quippe
719 2491 818 2522 quum

151 2528 292 2568 propter
316 2528 472 2557 virtutem
491 2528 523 2556 et
543 2526 746 2568 probitatem
764 2536 819 2557 eos

152 2573 263 2608 etiam,
282 2581 364 2612 quos
381 2581 551 2611 uunquam
570 2570 721 2612 vidimus,
739 2582 818 2613 quo-

151 2614 328 2647 dammodo
346 2615 539 2657 dilig-amus.

898 1796 1055 1826 munchen
1074 1795 1300 1827 Redensarten
1326 1806 1352 1827 s.
1372 1806 1404 1826 v.
1422 1795 1472 1827 als
1490 1805 1566 1826 ver-

898 1841 1068 1877 ursachen,
1087 1841 1275 1880 anrichten,
1294 1851 1334 1872 zu
1355 1840 1462 1881 lVege
1480 1840 1567 1871 brin-

898 1895 971 1960 gien.
986 1884 1147 1960 ⁸¹¹Malum.
1175 1885 1258 1917 dare
1286 1885 1395 1925 hfiufig
1424 1885 1473 1916 bei
1504 1885 1564 1916 den

931 1940 992 1960 οιιιι
1007 1940 1088 1960 ὀι-ιι.

942 1999 973 2028 in
993 1996 1226 2028 imbecillitate.
1262 1997 1336 2037 vgl.
1357 1997 1395 2029 de
1413 1998 1516 2029 Amic.
1535 2008 1563 2029 c.

897 2041 927 2081 9,
947 2042 1006 2072 29:
1032 2053 1131 2084 quam
1157 2042 1438 2081 (benevolentiam)
1463 2044 1496 2073 si
1510 2044 1567 2084 qui

894 2090 1017 2130 putant
1032 2088 1073 2118 ab
1089 2087 1316 2119 imbecillitate
1327 2088 1509 2131 proficisci,
1528 2090 1567 2120 ut

896 2133 949 2172 sit,
964 2143 1134 2175 perquem
1153 2135 1357 2174 assequatur
1369 2132 1459 2175 quod
1472 2133 1566 2175 quis-

896 2188 958 2218 que
975 2177 1160 2216 devideret,
1184 2177 1343 2209 humilem.
1365 2189 1448 2209 sane
1464 2177 1564 2210 relin-

896 2226 1001 2264 quunt
1019 2225 1049 2253 et
1065 2223 1202 2254 <minime
1216 2234 1435 2264 generosum,
1462 2225 1500 2255 ut
1516 2224 1564 2254 ita

895 2267 1012 2308 dicam,
1033 2271 1145 2299 ortum
1161 2270 1338 2299 amicitiae.

941 2345 1125 2377 utilitatum
1139 2355 1293 2377 suarum.
1310 2345 1562 2377 Geuauerwiire

892 2393 1100 2422 nostrarum.
1147 2391 1238 2421 Abeu-
1264 2391 1303 2421 da
1332 2390 1372 2420 im
1397 2389 1559 2429 Vorlierg.

893 2435 944 2466 die
963 2440 1053 2466 erste
1072 2435 1195 2465 Person
1214 2446 1275 2465 nur
1292 2435 1349 2465 das
1366 2434 1561 2474 allgemeine

893 2491 923 2511 u.
942 2480 1172 2511 unlivstiminte
1191 2480 1326 2511 Subiect
1343 2479 1466 2521 aliquis
1485 2490 1560 2510 ver-

894 2525 980 2563 tritt,
999 2535 1035 2555 so
1054 2525 1097 2556 ist
1114 2525 1172 2555 der
1187 2524 1381 2565 Ucbergang
1394 2534 1466 2555 zum
1482 2524 1561 2556 Pos-

894 2570 1056 2601 sessivum
1071 2570 1132 2601 der
1145 2569 1268 2601 dritten
1283 2569 1376 2601 Pers.
1393 2569 1492 2601 leicht
1505 2579 1559 2600 er-

894 2614 1044 2646 kliirlicli.
