1684 2819
618 135 827 167 LiBERI.
857 136 988 176 3289.
1459 139 1510 176 55

102 245 189 285 dem
208 244 380 298 suspicio
403 257 544 284 sensus
575 243 843 295 relinquatur3
879 241 951 283 hoc
973 243 1094 297 igitur
1115 244 1235 298 probe
1265 244 1441 284 stabilito
1473 253 1512 285 et

102 301 198 351 fixo,
224 301 319 341 illud
341 300 621 341 excutiendum
643 307 717 349 est,
745 305 785 338 ut
806 299 971 350 sciatur,
997 301 1085 353 quid
1107 301 1159 341 sit
1181 315 1340 349 carere,
1366 315 1414 341 ne
1447 316 1510 342 re-

100 358 302 411 linquatur
317 356 461 410 aliquid
485 356 635 397 erroris
656 357 695 396 in
713 356 852 396 verbo,
881 356 1036 397 Carere
1056 358 1175 411 igitur
1194 358 1267 398 hoc
1290 358 1506 411 significat:

101 427 219 468 egere
242 427 305 463 eo,
331 414 433 467 quod
464 413 607 454 habere
628 413 750 462 velis,
783 413 888 454 inest
910 414 1011 453 enim
1034 414 1138 454 velle
1159 415 1197 454 in
1221 414 1390 455 carendo
1414 416 1510 465 (nisi

101 485 215 523 quum
235 470 309 518 sic,
330 477 527 524 tamquam
551 471 590 510 in
613 469 727 519 febri,
749 470 890 510 dicitur
908 470 984 510 alia
1007 472 1169 523 quadam
1192 472 1354 512 notione
1372 471 1506 512 verbi:

99 527 242 567 dicitur
264 526 366 567 enim
391 528 467 567 alio
490 528 603 568 modo
626 527 745 567 etiam
768 541 925 576 carere,
953 541 1071 579 quum
1094 528 1239 581 aliquid
1262 543 1339 568 non
1363 528 1510 569 habeas

100 591 140 623 et
160 598 239 623 non
262 583 406 624 habere
430 591 466 624 te
489 584 654 634 sentias,
677 584 792 624 etiam
816 582 849 622 si
870 583 907 622 id
931 583 1044 623 facile
1068 585 1252 637 patiare).
1287 585 1344 624 lta
1367 599 1511 625 carere

98 641 138 679 in
159 647 285 681 morte
308 655 386 680 non
409 640 566 690 dicitur,
592 653 664 679 nec
687 639 789 678 enim
813 645 920 678 esset
951 639 1176 680 dolendum.
1222 642 1373 681 Dicitur
1393 641 1505 690 illud,

100 696 201 736 bono
235 712 392 747 carere,
428 697 528 750 quod
563 703 623 736 est
653 695 821 743 malum,
866 696 935 734 sed
967 709 1016 735 ne
1050 697 1165 736 vivus
1209 697 1363 749 quidem
1405 698 1507 738 bono

98 760 221 802 caret,
255 753 288 793 si
319 766 365 792 eo
394 766 472 792 non
502 752 665 805 indiget.
712 751 787 790 Sed
817 751 858 791 in
881 751 971 791 vivo
1002 752 1168 805 intelligi
1201 760 1328 793 tamen
1362 761 1507 807 potest,

96 823 221 862 regno
237 815 275 848 te
294 822 455 857 carere,
482 809 555 849 dici
574 816 700 848 autem
719 807 847 848 hocin
866 814 902 848 te
924 809 1019 848 satis
1043 809 1240 850 subtiliter
1256 824 1332 850 non
1356 818 1505 863 potest,

96 872 228 918 posset
249 865 288 905 in
310 865 540 919 Tarquinio,
567 880 685 918 quum
707 878 831 918 regno
855 872 964 905 esset
986 866 1201 919 expulsus,
1227 874 1266 906 at
1288 866 1329 906 in
1352 874 1507 907 mortuo

95 934 145 961 ne
166 921 331 976 intelligi
354 922 534 975 quidem,
568 935 705 962 carere
735 922 838 962 enim
870 922 1077 963 sentientis
1101 930 1175 971 est,
1202 937 1273 963 nec
1295 937 1439 964 sensus
1469 924 1508 963 in

96 986 275 1018 mortuo:
311 992 361 1018 ne
383 992 521 1019 carere
545 979 699 1032 quidem
721 978 843 1032 igitur
864 978 905 1018 in
927 986 1082 1019 mortuo
1107 987 1178 1020 est.

208 1035 446 1088 Quamquam
479 1036 568 1089 quid
591 1050 688 1090 opus
712 1043 772 1075 est
800 1036 839 1075 in
862 1034 934 1074 hoc
957 1035 1241 1090 philosophari,
1277 1051 1394 1089 quum
1425 1051 1505 1077 rem
1525 1037 1580 1081 37

95 1106 173 1131 non
203 1106 346 1146 magno
381 1106 500 1146 opere
533 1092 779 1146 philosophia
812 1105 931 1145 egere
962 1093 1194 1133 videamus?
1237 1093 1398 1143 Quoties
1431 1101 1568 1133 n01189

93 1148 208 1189 modo
231 1149 413 1190 ductores
436 1150 577 1200 nostri,
602 1150 671 1189 sed
694 1149 870 1189 universi
893 1150 1010 1189 etiam
1035 1151 1237 1190 exercitus
1260 1151 1307 1189 ad
1330 1164 1408 1190 non
1439 1151 1506 1190 du-

92 1205 195 1246 biam
228 1213 392 1245 mortem
426 1206 735 1247 concurrerunt!
782 1205 889 1256 Quae
922 1206 1076 1259 quidem
1110 1207 1141 1247 si
1174 1208 1394 1256 timeretur,
1428 1220 1506 1246 non

93 1262 139 1302 L.
166 1262 309 1302 Brutus
338 1276 477 1304 arcens
510 1277 598 1303 eum
620 1263 746 1303 reditu
771 1270 998 1317 tyrannum,
1026 1277 1139 1316 quem
1163 1264 1247 1317 ipse
1279 1264 1502 1317 expulerat,

92 1319 131 1359 in
156 1318 302 1372 proelio
324 1319 583 1370 concidisset3
610 1333 688 1360 non
712 1334 797 1360 cum
810 1320 963 1359 Latinis
987 1321 1193 1361 decertans
1217 1328 1329 1374 pater
1341 1321 1502 1370 Decius,

94 1390 179 1415 cum
211 1376 386 1416 Etruscis
417 1377 536 1426 filius,
572 1391 659 1417 cum
680 1376 834 1431 Pyrrho
866 1390 1004 1431 nepos,
1041 1390 1083 1417 se
1115 1377 1283 1418 hostium
1316 1377 1405 1418 telis
1438 1377 1505 1417 ob-

92 1432 301 1483 iecissent,
337 1448 416 1473 non
447 1448 526 1474 uno
549 1434 652 1474 bello
683 1448 753 1488 pro
776 1434 901 1488 patria
932 1433 1118 1474 cadentes
1141 1434 1343 1488 Scipiones
1367 1434 1505 1489 Hispa-

832 1546 962 1613 ῗῗῃέθη
982 1536 1087 1568 stelle
1113 1537 1157 1568 ist
1175 1538 1253 1568 sehr
1271 1536 1407 1568 iihnlich
1429 1535 1504 1568 Cat.

872 1607 877 1612 .
900 1584 955 1621 -υ,
978 1583 1032 1613 75.

878 1629 910 1658 si
927 1630 1134 1667 timeretur,
1168 1638 1194 1659 s.
1221 1628 1281 1668 12,
1303 1628 1344 1659 27
1371 1638 1411 1658 zu
1438 1628 1507 1658 nisi

93 1534 299 1576 Umgekehrt
325 1536 422 1567 stand
452 1536 505 1576 17,
529 1537 590 1568 40:
626 1541 759 1569 terram

92 1582 251 1613 obtinere
277 1580 332 1612 fiir
350 1584 434 1623 quin
460 1586 526 1613 etc.
549 1580 646 1624 (nach
666 1582 763 1614 Num

94 1627 331 1666 dubitamus),
343 1636 457 1667 wegen
473 1627 531 1658 des
546 1628 760 1659 dazwischen

93 1677 288 1712 getretenen
302 1672 538 1713 persuadent.

140 1721 323 1759 tamquam
340 1718 506 1759 z'nsebre',·
521 1728 551 1748 z.
566 1717 602 1748 Β.
618 1717 659 1748 ad
680 1716 759 1749 fam.

92 1762 186 1795 XVl.
210 1762 387 1804 15zsebrz'
403 1773 536 1794 carere.
567 1762 657 1794 Doch
677 1763 762 1794 wird

92 1808 177 1840 auch
213 1812 305 1839 sonst
343 1818 465 1839 carere
506 1818 520 1838 s
533 1818 550 1839 e
563 1808 580 1839 h
594 1819 610 1839 r
651 1807 763 1849 haufig

90 1853 200 1894 „alia
219 1853 375 1896 quadam
394 1855 540 1885 notione
557 1854 688 1885 verbi·“
705 1864 764 1894 ge-

92 1900 253 1939 braucht3
289 1909 325 1930 so
342 1897 407 1930 Ι111.
433 1898 485 1939 13,
506 1898 571 1930 27:
603 1901 760 1939 mz'seria,

94 1945 148 1986 18,
168 1945 232 1976 40:
260 1944 368 1984 malo,
398 1945 461 1975 41:
492 1944 614 1976 dolore
639 1955 763 1976 carere

91 2002 124 2022 u.
147 1990 214 2031 dgl.

134 2037 191 2068 lta
210 2045 343 2075 carere,
362 2035 393 2066 d.
412 2035 444 2066 h.
468 2035 633 2075 „Carere
650 2035 683 2066 in
703 2035 762 2066 der

89 2082 285 2122 Bedeutung
303 2091 320 2112 e
332 2091 350 2112 n
363 2080 459 2112 tbeb
472 2091 515 2112 re
528 2082 591 2112 11²⁶.
613 2081 681 2121 Ita,
701 2081 761 2113 das

90 2128 172 2160 nach
184 2129 331 2170 patiare
346 2126 449 2158 leicht
464 2126 672 2167 ausgefallen
689 2127 760 2158 sein

88 2173 189 2213 kann,
214 2172 372 2214 glaubten
390 2172 454 2203 wir
472 2172 544 2204 dem
563 2171 672 2211 Texte
690 2173 762 2204 hin-

89 2217 234 2259 zufiigen
253 2229 293 2250 zu
314 2219 447 2250 miissen
461 2242 469 2257 ,
501 2218 564 2249 wie
592 2219 656 2249 wir
676 2219 760 2250 auch

90 2263 403 2305 dielnterpunction
422 2264 494 2295 hier
511 2263 684 2296 mehrFach
703 2274 762 2305 ge-

90 2309 208 2341 iindert
226 2309 347 2341 haben.

134 2366 195 2386 uec
214 2357 305 2386 enim
324 2358 415 2386 esset
432 2354 619 2386 dolendam
645 2355 759 2395 „denn

89 2411 126 2432 es
158 2400 248 2432 wiire
283 2399 380 2432 dabei
407 2399 523 2431 Nichts
556 2410 620 2431 von
654 2400 761 2432 einem

92 2445 433 2486 Schlnerzgefiible“.

136 2492 231 2533 quod
253 2495 306 2523 est
328 2492 460 2522 malum
495 2491 572 2532 geht
607 2492 668 2523 auf
698 2492 760 2523 den

91 2537 299 2578 vereinigten
318 2536 448 2577 Begriff
463 2537 551 2568 bono
571 2547 704 2568 carere.

137 2578 201 2617 37.
222 2582 276 2614 89.
310 2582 456 2624 Quolies
476 2587 541 2614 etc.
568 2581 629 2614 Mit
648 2583 760 2615 dieser

833 1674 1011 1704 haereret.
1036 1672 1168 1705 Ebenso
1188 1672 1205 1715 ξ
1224 1674 1287 1705 90:
1310 1673 1449 1705 doleret
1464 1690 1506 1695 —

828 1721 991 1760 putaret.

879 1763 920 1795 L.
942 1764 1094 1795 Brutus.
1115 1763 1153 1794 L.
1175 1763 1292 1795 Junius
1311 1763 1432 1794 Brutus
1451 1762 1506 1793 fiel

833 1809 898 1839 509
924 1809 966 1839 im
986 1807 1126 1850 Hampl'e
1152 1819 1256 1850 gegen
1287 1809 1340 1839 die
1359 1818 1422 1838 von
1442 1808 1505 1839 den

832 1853 1016 1895 Vejentern
1027 1855 1276 1885 unterstiitzten
1289 1852 1504 1895 Tarquinier.

879 1900 1023 1931 Dec-tas.
1053 1899 1089 1931 P.
1111 1899 1235 1931 Decius
1254 1898 1340 1939 Mus,
1365 1900 1424 1930 der
1441 1898 1509 1930 Va-

833 1950 896 1981 ter,
917 1945 1040 1976 weihte
1060 1945 1129 1976 sich
1149 1945 1221 1977 dem
1242 1944 1425 1987 Opsertode
1452 1945 1505 1975 bei

831 1989 970 2022 Veseris
985 1991 1063 2031 340,
1087 1991 1147 2022 der
1160 1990 1249 2022 Sohn
1269 1991 1321 2022 bei
1333 1990 1506 2022 Sentinum

834 2036 911 2075 295,
940 2036 999 2067 der
1024 2036 1168 2077 (seltner
1189 2036 1379 2078 erwiihnte)
1398 2035 1506 2067 Enkel

832 2081 885 2113 bei
903 2082 1061 2113 Asculum
1081 2082 1145 2113 279
1163 2093 1195 2113 v.
1218 2083 1297 2113 Chr.

877 2128 1060 2170 Scipiones
1087 2132 1152 2159 etc.
1196 2128 1257 2159 Die
1284 2126 1413 2159 Briider
1440 2125 1501 2158 Cn.

831 2173 897 2204 und
916 2172 951 2204 P.
973 2173 1149 2204 Cornelius
1168 2173 1279 2216 Scipio
1304 2173 1402 2204 fielen
1423 2173 1502 2211 212,

831 2218 871 2250 L.
892 2218 1054 2249 Aemilius
1074 2219 1224 2259 Paullus,
1245 2219 1306 2250 der
1319 2217 1425 2249 Vater
1444 2218 1502 2249 des

831 2263 1082 2304 Macedonicus,
1110 2264 1160 2295 als
1187 2263 1325 2299 Consul,
1352 2264 1419 2295 und
1439 2263 1500 2295 Cn.

832 2309 996 2341 Servilius
1007 2308 1168 2341 Geminus
1183 2310 1234 2341 als
1247 2309 1500 2349 Consular21ss,

830 2354 875 2387 M.
905 2355 1065 2387 Claudius
1091 2354 1291 2395 Marcellus,
1328 2355 1387 2386 der
1416 2354 1502 2385 Ero-

831 2401 930 2432 berer
946 2411 1011 2432 von
1031 2400 1196 2444 Syrakus,
1217 2401 1303 2439 203,
1324 2400 1363 2432 L.
1385 2400 1501 2431 Postu-

830 2447 915 2478 mius
931 2446 1071 2477 Albinus
1090 2447 1154 2478 215
1174 2448 1217 2478 im
1236 2446 1409 2488 cispadan.
1424 2445 1503 2476 Gal-

830 2492 909 2532 lien,
930 2491 1004 2523 Tib.
1019 2490 1235 2534 Sempronius
1248 2491 1420 2523 Gracchus
1436 2490 1500 2521 213

828 2537 931 2569 durch
952 2537 1091 2569 Flavius
1105 2563 1113 2575 ,
1135 2538 1197 2570 den
1217 2536 1425 2569 Heersiihrer
1443 2536 1503 2566 der

827 2583 995 2615 Lucauer.
