1684 2819
631 163 708 196 LlB.
728 162 765 196 Π.
804 164 898 197 CAP.
917 163 950 196 2.
969 164 999 196 3.
1442 168 1456 206 1
1473 168 1516 206 11

111 268 150 306 in
171 266 437 318 antiquissima
457 265 775 318 nobilissimaque
795 266 1042 318 philosophia
1059 266 1240 319 Cratippo
1262 273 1418 308 auctore
1437 281 1520 309 ver-

111 324 208 364 saris
228 323 274 362 iis
297 323 504 370 simillimo,
522 323 586 374 qui
608 322 679 362 ista
699 323 892 374 praeclara
913 329 1159 374 pepererunt,
1179 329 1309 363 tamen
1329 325 1424 365 haec
1444 338 1519 365 no-

111 387 189 419 stra
210 380 383 418 finituma
406 379 544 418 vestris
565 379 694 430 ignota
715 392 802 419 esse
823 380 940 418 nolui.
975 380 1051 419 Sed
1073 380 1147 419 iam
1169 381 1215 419 ad
1236 380 1408 421 instituta
1428 394 1519 434 per-

108 448 257 487 gamus.
1217 458 1222 463 ·

222 492 400 543 Quinque
440 492 555 543 igitur
595 492 811 531 rationibus
846 492 1062 544 propositis
1099 493 1212 531 officii
1245 495 1514 546 persequendi,
1541 497 1565 536 3

108 561 273 600 quarum
295 549 390 588 duae
411 549 458 588 ad
482 549 598 588 decus
620 549 941 600 honestatemque
957 549 1209 600 pertinerent,
1231 550 1326 589 duae
1343 552 1388 590 ad
1407 564 1517 590 com-
1547 560 1566 590 9

107 606 224 644 moda
246 605 359 651 vitae,
385 605 530 657 copias,
554 618 661 656 opes,
683 605 896 653 facultates,
919 606 1050 656 quinta
1071 606 1118 644 ad
1139 606 1301 657 eligendi
1322 607 1518 653 iudicium,

108 662 137 699 si
161 663 315 712 quando
338 675 401 707 ea,
425 675 521 712 quae
542 661 639 704 dixi,
660 673 832 713 pugnare
854 663 953 700 inter
975 675 1016 701 se
1038 662 1278 710 viderentur,
1301 664 1518 703 honestatis

106 730 197 768 pars
238 719 409 757 confecta
446 724 522 764 est,
561 730 677 768 quam
714 718 870 769 quidem
906 718 973 757 tihi
1002 719 1114 769 cupio
1145 731 1230 758 esse
1258 720 1517 759 notissimam.

105 774 189 812 Hoc
204 780 344 821 autem,
368 775 414 813 de
432 786 507 825 quo
525 786 628 812 nunc
645 774 805 824 agimus,
826 775 861 812 id
884 775 1015 825 ipsum
1033 781 1101 821 est,
1124 776 1227 825 quod
1249 775 1363 814 utile
1385 777 1517 828 appel-

105 830 214 869 latur.
255 830 300 868 In
328 843 404 881 quo
434 829 551 868 verbo
580 830 687 880 lapsa
709 831 948 869 consuetudo
974 831 1126 869 deflexit
1148 831 1194 869 de
1216 832 1271 870 via
1295 832 1518 884 sensimque

105 898 149 924 eo
175 886 332 924 deducta
354 891 430 932 est,
456 891 497 925 ut
518 886 760 924 honestatem
784 886 831 924 ah
855 887 1012 925 utilitate
1036 899 1241 926 secernens
1265 889 1516 928 constitueret

104 955 191 980 esse
218 942 429 981 honestum
460 942 600 993 aliquid
631 943 735 994 quod
766 942 856 981 utile
885 956 965 981 11011
993 950 1093 982 esset
1123 950 1159 982 et
1185 944 1274 982 utile
1303 945 1406 995 quod
1436 957 1515 983 non

103 998 335 1042 honestum,
366 1011 438 1049 qua
468 998 569 1037 nulla
595 998 785 1049 pernicies
808 1000 932 1037 maior
954 1000 1158 1038 hominum
1183 1000 1278 1039 vitae
1298 1001 1426 1051 potuit
1448 1001 1515 1040 ad-

104 1054 207 1092 ferri.
249 1055 408 1093 Summa
439 1055 592 1105 quidem
623 1055 845 1094 auctoritate
874 1056 1101 1106 philosophi
1131 1068 1261 1094 severe
1290 1069 1380 1095 sane
1402 1063 1515 1108 atque

103 1111 268 1149 honeste
282 1112 375 1149 haec
394 1111 497 1160 [tria]
518 1123 654 1161 genera
670 1112 830 1150 confusa
844 1112 1073 1161 cogitatione
1084 1112 1338 1162 distinguunt.
1372 1114 1512 1163 [Quid-

104 1166 194 1217 quid
216 1167 318 1205 enim
340 1167 485 1206 iustum
508 1167 575 1213 sit,
604 1168 640 1205 id
664 1168 776 1206 etiam
798 1168 888 1206 utile
910 1181 995 1206 esse
1016 1174 1192 1214 censent,
1220 1169 1388 1219 itemque
1411 1170 1516 1220 quod

102 1223 329 1270 honestum,
358 1223 460 1262 idem
483 1223 646 1262 iustum:
668 1236 712 1262 ex
735 1236 810 1274 quo
833 1224 996 1263 efficitur
1016 1229 1075 1270 ut,
1098 1225 1282 1275 quidquid
1304 1226 1513 1265 honestum

146 1324 310 1355 versaris:
329 1334 354 1354 S.
374 1323 397 1365 Ι,
419 1324 445 1354 1.

142 1369 185 1399 z'z's
223 1368 405 1410 simillimo,

98 1413 165 1443 und
182 1412 441 1455 Theophrastus.

141 1457 301 1498 finituma
318 1459 459 1490 vestris:
476 1456 499 1497 Ι,
521 1458 549 1497 1,
569 1457 600 1488 2.

145 1496 185 1536 3.
211 1502 242 1534 9.
273 1502 399 1545 Capitel
428 1501 540 1544 3-—6‚
571 1501 613 1533 20
643 1504 771 1535 enthziit

99 1548 394 1587 gewissermassen
415 1548 487 1579 eine
506 1547 625 1579 zweite
643 1547 769 1580 Einlei-

98 1597 190 1633 tung,
209 1593 241 1623 in
259 1593 318 1624 der
331 1593 391 1624 der
407 1592 512 1623 Inhalt
529 1593 586 1624 des
604 1593 710 1624 But-hs
727 1594 770 1625 im

98 1638 325 1679 Allgemeinen
364 1637 569 1678 angegeben,
614 1639 678 1669 und
718 1639 769 1670 die

97 1682 206 1723 Frage
225 1685 372 1714 ero'rtert
389 1683 482 1723 wird,
500 1692 572 1713 wer
589 1683 660 1713 dem
674 1682 769 1715 Men-

97 1729 197 1759 seben
214 1737 264 1759 ain
282 1728 421 1759 meisten
440 1728 538 1759 niitze
556 1728 621 1759 und
639 1728 767 1760 schade.

145 1772 312 1815 Quinque:
331 1783 356 1804 s.
375 1772 407 1814 ξ.
431 1772 480 1804 10.

141 1818 286 1860 eligendi
299 1818 469 1858 iudicz'mn,
488 1818 560 1849 eine
578 1817 766 1850 Uinschrei—

94 1862 182 1903 hung
198 1862 253 1894 fiir
270 1863 406 1901 electio,
428 1873 453 1894 s.
468 1862 690 1903 Nagelsbach,
706 1864 764 1895 lat.

94 1907 143 1939 St.
186 1932 192 1938 .
214 1908 287 1939 106.

138 1919 203 1995 qiia
209 1953 301 1984 mella
306 1954 472 1997 pernicies
479 1954 605 1984 maior:
613 1951 665 1992 III,
675 1952 702 1994 3,
712 1953 721 1984 1
734 1954 747 1984 1
756 1978 763 1985 .

140 1998 191 2030 10.
202 1996 344 2030 Summa
351 1999 556 2030 auctoritate
563 1997 761 2042 philosophi,

92 2043 156 2074 alle
171 2043 378 2084 Sokratiker,
397 2043 449 2074 die
464 2042 600 2074 Stoiket·
615 2043 674 2075 mit
691 2043 762 2074 ein-

91 2089 280 2129 gerechnet,
299 2089 383 2120 denn
397 2089 479 2120 auch
494 2088 542 2119 sie
557 2089 763 2120 unterschei-

91 2134 153 2164 den
177 2134 341 2165 zwischen
359 2143 400 2164 an
419 2133 489 2164 sich
506 2137 605 2173 guten
624 2133 761 2173 Diogen,

92 2178 151 2209 der
168 2177 316 2218 Tugend,
334 2178 399 2209 und
416 2178 478 2208 den
496 2188 549 2208 uin
566 2178 655 2209 ihres
670 2177 761 2209 Nuz-

461 1369 533 1399 dem
565 1367 768 1400 Aristoteles

92 2233 170 2254 zeus
189 2223 301 2254 willen
318 2223 678 2264 wiinschenswerthen,
696 2224 761 2254 und

90 2268 251 2310 spi-echen
275 2269 336 2299 den
360 2268 522 2306 letztern,
547 2267 596 2298 als
622 2278 762 2312 προηγ-

88 2314 233 2357 μὲνοις,
268 2313 356 2345 nieht
383 2313 469 2344 allen
500 2311 622 2344 VVerth
650 2312 690 2343 ab
720 2315 759 2352 (s.

90 2358 202 2399 Einl.).
237 2358 328 2390 Aber
344 2358 417 2389 weil
435 2358 525 2389 (liese
544 2357 759 2390 L'nterSchei-

90 2404 177 2444 dung
189 2403 262 2435 blos
277 2404 309 2435 in
323 2404 383 2436 der
391 2403 534 2435 Theorie
549 2403 680 2434 eintritt
693 2404 758 2435 und

90 2447 757 2487 nichtzuunsittlichenHandlungenver-

89 2493 194 2534 leitet,
213 2504 248 2525 so
267 2494 312 2526 ist
329 2494 376 2525 sie
394 2494 476 2525 noch
494 2497 608 2533 stt-eng
621 2493 757 2525 sittlich.

94 2545 220 2577 (severe
259 2550 340 2571 sane
378 2543 476 2582 atque
511 2538 678 2578 honeste).
713 2558 757 2562 —-

88 2594 169 2615 Sane
196 2584 252 2616 hat
274 2585 485 2617 coneessiven
511 2583 606 2624 Sinn,
636 2583 699 2615 wie
725 2585 754 2615 in

842 1335 906 1356 non
925 1336 1016 1363 sane,
1035 1325 1192 1356 wiihrend
1209 1336 1291 1356 sulze
1302 1337 1368 1357 ηοη
1382 1326 1518 1357 bekrtis-

843 1370 956 1410 tigend
974 1370 1027 1407 ist,
1047 1370 1221 1401 ‘dut-chaus
1240 1370 1350 1402 nicht'.

888 1415 1042 1455 coufusa,
1056 1415 1086 1445 d.
1098 1415 1118 1445 i.
1135 1415 1318 1455 coniuncta,
1336 1416 1515 1447 cohaeren-

843 1460 903 1490 tia:
927 1458 948 1500 Ι,
964 1459 1017 1499 27,
1033 1460 1086 1491 95.
1104 1460 1143 1491 de
1162 1460 1216 1491 fin.
1235 1460 1273 1503 V,
1288 1460 1340 1500 23,
1356 1460 1396 1491 67
1415 1463 1516 1503 atque

843 1505 923 1535 haec
951 1506 1138 1537 coniunctio
1161 1505 1384 1548 confusioque
1406 1507 1513 1538 virtu-

843 1552 915 1580 tum
948 1552 1057 1581 lumen
1091 1561 1112 1581 a
1140 1551 1348 1594 philosophis
1382 1552 1515 1583 ratione

842 1594 987 1636 quadum
1008 1594 1244 1637 distinguitur.
1284 1596 1323 1627 de
1342 1606 1391 1627 or.
1407 1595 1444 1638 Il,
1460 1596 1512 1637 41,

844 1639 906 1670 177
927 1642 965 1671 ut
981 1650 1017 1671 re
1033 1639 1290 1682 distinguantur
1312 1642 1419 1673 verbis
1437 1652 1513 1674 cou-

831 1685 925 1725 susa
943 1696 1018 1716 esse
1034 1684 1220 1718 videantur.

886 1730 967 1761 llaec
990 1731 1056 1761 tria
1074 1741 1204 1771 genera
1222 1731 1368 1772 confusa
1384 1732 1511 1773 cog-ita-

842 1776 942 1806 te'one.
969 1774 1137 1816 Quidquid
1152 1778 1241 1807 enim
1259 1779 1319 1807 cet.
1350 1776 1392 1808 So
1407 1776 1511 1808 haben

840 1819 891 1850 die
906 1819 1003 1851 HdSS.
1037 1820 1104 1851 Der
1120 1821 1178 1852 mit
1195 1823 1282 1852 enim
1299 1821 1511 1861 eingeleitete

839 1864 918 1896 Satz
953 1865 1052 1896 sollte
1084 1865 1240 1897 demnach
1272 1866 1419 1906 angeben
1448 1867 1510 1897 den

840 1908 964 1950 Gruud,
983 1910 1129 1941 weshalb
1149 1911 1229 1942 oder
1248 1911 1310 1942 wie
1327 1911 1379 1942 die
1397 1910 1509 1942 Philo-

838 1955 961 1996 sophen
986 1955 1038 1986 die
1057 1955 1259 1987 identischen
1279 1956 1383 1996 Dinge
1402 1957 1509 1988 schei-

838 2000 918 2038 den;
937 2004 1021 2031 statt
1038 2001 1158 2031 desseu
1177 2001 1272 2032 sucht
1290 2012 1327 2032 er
1344 2001 1395 2032 die
1412 2000 1508 2033 Iden-

837 2045 915 2076 titiit
947 2045 1123 2076 derselben
1154 2057 1194 2076 zu
1224 2046 1409 2087 beweisen,
1443 2047 1508 2078 und

837 2099 928 2120 zwar
961 2090 1045 2121 wird
1076 2091 1160 2121 dazu
1199 2091 1259 2122 das
1293 2092 1420 2122 iustum
1456 2091 1506 2122 als

835 2134 1035 2174 Mittelglied
1059 2134 1214 2175 benutzt,
1239 2135 1368 2166 {ihnlich
1386 2135 1448 2166 wie
1467 2136 1506 2167 de

835 2179 889 2210 fin.
906 2178 959 2219 ΙΙΙ,
979 2178 1008 2220 S,
1026 2178 1067 2209 27
1087 2180 1191 2211 steht:
1211 2180 1301 2221 quod
1316 2183 1367 2211 est
1384 2182 1506 2212 bonum

835 2234 932 2255 omne
947 2223 1113 2255 laudabile
1129 2227 1189 2266 est,
1207 2225 1295 2266 quod
1306 2228 1421 2257 autem
1433 2226 1506 2257 Iau-

834 2269 951 2309 dabile,
977 2279 1072 2300 omne
1095 2270 1283 2310 honestum,
1302 2272 1425 2302 honum
1440 2273 1505 2313 131·-

834 2316 891 2345 tur
908 2314 998 2356 quod
1008 2317 1061 2346 est
1072 2315 1248 2346 honestum
1263 2317 1323 2347 est.
1342 2316 1504 2347 Derselhe

832 2359 961 2390 Beweis
990 2359 1233 2391 ausfiihrliehcr
1262 2359 1361 2391 Tusc.
1379 2360 1419 2400 V,
1452 2361 1502 2400 15,

832 2403 874 2434 45
907 2404 1066 2447 quidquid
1093 2408 1158 2446 est,
1189 2405 1278 2447 quod
1300 2407 1422 2437 bonum
1446 2407 1499 2447 sit,

830 2449 867 2481 id
882 2450 1105 2493 eoepetendum
1124 2453 1182 2491 est,
1207 2451 1296 2492 quod
1310 2453 1424 2482 autem
1440 2462 1501 2482 ed·-

827 2495 1025 2537 petendum,
1058 2495 1095 2527 id
1120 2499 1208 2527 eet-te
1231 2495 1499 2539 approbandum,

831 2540 920 2581 quod
946 2551 1022 2573 vero
1052 2543 1267 2584 approbaris,
1297 2540 1333 2572 id
1356 2543 1499 2582 gratum

829 2595 925 2630 accep
931 2589 1066 2629 tumque
1078 2586 1281 2628 habendum,
1306 2596 1387 2627 ergo
1399 2588 1501 2617 etiam

1549 1067 1586 1097 1⁴)
